3988 6332
101 318 186 382 iiii

1296 316 1385 375 ne
1424 296 1798 375 manus
1827 296 2032 372 tum
2071 302 2207 376 vut.

3275 308 3384 379 26a

100 448 205 503 trat,
230 435 467 495 membra
507 435 627 492 ineo
649 434 944 506 gratiarum
983 434 1037 492 in
1063 433 1398 506 perfectione
1426 434 1521 508 (al.
1545 448 1670 506 per-
1696 435 1752 497 Α
1778 431 1887 488 Sed
1912 431 2061 489 nobis
2084 448 2222 489 unus
2251 431 2390 489 Deus
2428 440 2573 507 pater
2598 446 2661 489 es:
2679 435 2778 502 quo
2805 430 2995 499 omnia,
3025 428 3103 505 (2)
3132 443 3180 490 et
3209 452 3301 491 nos
3329 439 3382 492 in

99 533 391 601 lectionem)
433 530 591 589 unius
621 529 865 601 corporis
888 529 1242 587 dividentem.

157 627 244 685 ὃὸ.
289 623 630 694 Operationes
660 633 709 679 et
745 624 1032 683 ministeria
1059 622 1203 681 Deus
1243 623 1443 685 statuit.
1481 622 1679 678 Statuit

98 730 136 774 et
150 715 600 775 Christum—Nisi
618 716 758 775 forte
777 730 887 775 non
900 717 1143 775 tenuisse
1171 715 1434 773 rationem
1454 714 1678 775 unitatis

98 814 143 873 in
170 828 234 869 eo
261 812 556 882 Apostolus
584 811 957 876 existimatur,
990 809 1132 880 quod
1163 810 1298 866 dixit
1322 825 1336 864 :
1370 806 1439 867 Et
1469 808 1680 864 divisio-

97 925 172 965 nes
196 906 596 965 ministeriorum
611 915 751 970 sunt,
773 904 909 963 idem
927 904 1037 974 ipse
1064 903 1355 969 Dominus;
1382 914 1430 959 et
1457 903 1681 959 diuisio-

98 1018 174 1059 nes
196 1000 551 1073 operationem
578 1008 720 1065 sunt,
753 999 887 1054 idem
916 1008 1087 1053 autem
1124 996 1263 1053 Deus
1317 996 1379 1069 (Ι
1411 996 1531 1053 Cor.
1579 1011 1677 1062 xu,

102 1097 149 1159 5,
175 1095 229 1168 6)
261 1111 277 1149 :
311 1101 372 1153 ut
414 1093 538 1163 quia
591 1092 890 1151 ministeria
919 1091 989 1147 ad
1020 1091 1308 1149 Dominum
1360 1090 1580 1156 retulit,
1626 1099 1681 1146 et

93 1190 427 1261 operationes
457 1186 529 1243 ad
557 1187 727 1245 Deum
751 1227 766 1253 ,
811 1202 920 1243 non
951 1202 1115 1244 unum
1154 1196 1321 1259 atque
1362 1185 1595 1258 idipsum
1626 1185 1680 1242 in

95 1281 401 1339 ministeriis
452 1289 617 1352 atque
668 1279 1078 1350 operationibus
1132 1278 1381 1335 videatur
1433 1277 1681 1350 intelligi.

94 1378 280 1447 Accipe
303 1389 471 1448 quam
499 1376 616 1433 haec
660 1375 908 1435 membra
957 1375 1393 1432 ministeriorum
1434 1374 1681 1431 membra

92 1470 456 1541 operationum
488 1480 638 1534 sunt,
667 1482 791 1524 cum
817 1467 931 1525 ait:
971 1465 1074 1523 Vos
1113 1468 1237 1523 estis
1266 1483 1454 1536 corpus
1493 1464 1686 1523 Christi

90 1574 129 1617 et
154 1562 396 1623 membra.
424 1559 494 1620 Et
525 1561 777 1630 quosdam
804 1562 1008 1632 quidem
1038 1562 1208 1633 posuit
1238 1559 1378 1615 Deus
1411 1561 1467 1614 in
1507 1559 1686 1616 Eccle~

90 1656 180 1719 sia,
218 1656 441 1726 primum
472 1653 744 1727 Apostolos
770 1652 961 1725 (lbid.,
991 1654 1083 1723 Ἦ,
1114 1652 1210 1724 Q8)
1232 1695 1245 1718 .
1278 1656 1331 1709 in
1379 1653 1578 1724 quibus
1602 1659 1689 1710 est

90 1747 301 1807 verbum
330 1747 648 1818 sapientis;
692 1747 918 1805 secundo
947 1747 1245 1820 prophetas,
1275 1748 1330 1803 in
1359 1748 1557 1817 quibus
1599 1755 1684 1804 est

1778 528 1894 599 ipso
1911 569 1924 591 ,
1949 538 1999 583 et
2039 542 2174 582 unus
2200 525 2457 581 Dominus
2484 526 2637 583 Jesus
2666 525 2900 585 Christus
2937 546 3029 600 per
3054 530 3219 602 238
3238 546 3386 601 quem

1780 619 1970 684 omnia,
1988 629 2035 674 et
2056 619 2491 693 nospcripsumﬂ
2516 620 2632 675 Cor.
2656 637 2767 687 vnt,
2787 621 2864 694 6).
2884 622 3174 678 Etrursum
3199 641 3212 676 :
3242 621 3389 678 Unus

1779 715 2055 780 Dominus,
2083 714 2348 785 unaﬁdes,
2369 731 2529 769 unum
2556 716 2826 787 baptisma.
2846 715 2994 773 Unus
3008 716 3149 772 Deus
3169 727 3219 771 et
3244 727 3389 788 pater

1781 811 2012 865 omnium
2041 810 2114 881 (ε)
2146 816 2194 863 et
2220 827 2309 879 per
2339 826 2513 866 omnes
2534 818 2581 864 et
2604 810 2659 865 in
2679 811 2913 866 omnibus
2966 812 3111 867 nobis
3168 811 3387 885 (Ephes.

1782 917 1855 969 ιν,
1911 901 1968 967 5,
2027 901 2103 973 6).
2140 902 2245 959 Per
2272 902 2324 958 id
2355 903 2523 970 enim,
2556 904 2702 975 quod
2747 903 2949 962 dicitur
2974 916 3109 961 unus
3147 904 3290 962 Deus
3331 913 3390 963 et

1782 1013 1917 1052 unus
1946 995 2198 1053 Dominus
2220 1040 2236 1065 ,
2272 998 2385 1053 Deo
2414 1005 2624 1054 tantum
2647 1001 2802 1070 quasi
2829 1001 2923 1055 uni
2961 1000 3073 1056 Deo
3112 1000 3389 1072 proprium

1783 1090 2031 1161 deputari
2056 1090 2270 1149 videtur
2296 1101 2354 1146 ut
2373 1091 2518 1147 Deus
2544 1092 2617 1148 sit
2665 1110 2681 1148 :
2730 1108 2852 1147 eum
2903 1094 3207 1164 proprietas
3231 1095 3394 1151 unius

1792 1185 1861 1256 (Ῑ)
1902 1185 2237 1241 consortium
2290 1196 2400 1241 non
2454 1185 2689 1255 patiatur
2731 1185 2978 1242 alterius.
3011 1185 3058 1242 0
3082 1186 3245 1257 plane
3268 1203 3389 1244 rara

1785 1292 1849 1333 ac
1878 1276 2119 1333 difﬁcilia
2148 1277 2539 1334 charismatum
2581 1279 2748 1345 dona,
2779 1286 2837 1335 et
2863 1294 2994 1336 vere
3025 1280 3077 1335 in
3109 1278 3211 1336 hac
3239 1282 3392 1337 utili-

1784 1376 1957 1428 tatum
2000 1371 2223 1428 datinnc
2266 1370 2635 1427 manilestatio
2674 1372 2908 1441 Spiritus
2957 1373 3292 1429 constituta!
3325 1373 3396 1429 Et

1787 1462 1982 1519 merito
2029 1465 2116 1520 hic
2166 1463 2577 1520 dividendarum
2622 1465 2919 1536 gratiarum
2960 1466 3096 1522 ordo
3145 1474 3397 1523 servatus

1785 1566 1892 1621 est,
1927 1562 1985 1611 ut
2012 1557 2327 1627 principalis
2360 1568 2507 1613 esset
2536 1573 2716 1615 sermo
2748 1559 3065 1630 sapientiae;
3096 1575 3227 1616 vere
3248 1561 3394 1616 enim

1788 1647 1917 1703 illttd
1945 1654 2046 1713 est,
2082 1648 2149 1703 Et
2175 1666 2321 1704 nemo
2353 1660 2514 1719 potest
2542 1650 2712 1706 dicere
2743 1649 3020 1707 Dominum
3048 1651 3251 1721 Iesum,
3296 1652 3397 1706 nisi

1786 1740 1841 1794 in
1869 1740 2072 1811 Spiritu
2100 1751 2275 1797 sancto
2299 1741 2342 1815 (ι
2367 1740 2485 1797 Cor.
2520 1760 2612 1809 xu,
2645 1745 2724 1815 '5),
2756 1743 2878 1815 quia
2927 1742 3005 1817 (g)
3035 1745 3135 1800 nisi
3168 1761 3262 1813 per
3295 1744 3397 1800 hoc

90 1842 281 1903 donum
306 1842 582 1906 scientias;
615 1841 766 1897 tertio
808 1842 1103 1915 mayistros,
1134 1841 1187 1897 in
1217 1841 1414 1911 quibus
1439 1849 1526 1897 est
1554 1840 1686 1898 doc-
1717 1843 1770 1909 ﬂ
1791 1835 2071 1905 sapientim
2100 1838 2325 1893 verbum
2356 1836 2605 1893 Christus
2647 1836 2911 1894 Dominus
2943 1856 3049 1896 non
3079 1850 3262 1909 posset
3310 1839 3397 1895 in-

91 1940 220 1999 trina
252 1939 412 2003 ﬁdei;
443 1936 629 1997 deinde
657 1938 898 2003 virtutes,
924 1937 976 1992 in
1003 1937 1200 2007 quibus
1240 1946 1369 1992 sunt
1394 1936 1687 1992 curationes

87 2033 479 2100 iit/inuitatum,
495 2030 814 2089 auxiliorum
825 2039 1116 2101 potestates,
1139 2030 1535 2102 gubernatione
1560 2044 1687 2100 pro-

88 2124 352 2195 phetales,
386 2135 441 2181 et
465 2124 542 2197 la)
567 2124 712 2185 dona
744 2141 932 2196 genera
968 2125 1264 2196 linguarum
1293 2124 1381 2183 vel
1423 2124 1684 2203 loquendi

87 2218 176 2272 vel
199 2217 599 2288 interpretandi.
641 2216 807 2277 Certe
837 2216 953 2273 haec
1000 2216 1262 2273 Ecclesiae
1291 2226 1345 2273 et
1385 2215 1683 2273 ministeria

93 2317 224 2367 sunt
251 2318 307 2366 et
332 2312 693 2379 operatioues,
727 2310 781 2367 in
825 2309 1020 2379 quibus
1044 2318 1129 2366 est
1147 2324 1344 2379 corpus
1367 2309 1607 2375 Christi;
1633 2318 1691 2366 et

96 2407 209 2463 bule
238 2403 382 2461 Deus
412 2408 617 2467 small.
663 2404 773 2463 Aut
817 2405 1072 2475 proﬁtere
1118 2419 1224 2460 non
1278 2420 1373 2475 per
1413 2403 1686 2463 Christum

86 2508 301 2566 statuta,
350 2500 473 2569 quia
505 2513 567 2554 ea
599 2500 739 2554 Dens
768 2498 976 2553 statuit.
1022 2497 1130 2554 Sed
1170 2498 1363 2559 audies
1393 2498 1569 2568 ipsum
1598 2498 1686 2555 di-

89 2599 291 2647 cantem
328 2609 341 2644 :
375 2590 664 2659 Unicuique
689 2601 859 2646 autem
888 2600 1123 2645 nostrum
1151 2592 1276 2645 data
1304 2599 1377 2646 est
1407 2593 1578 2664 gratia
1607 2609 1688 2648 se-

90 2687 303 2739 cundum
336 2700 629 2740 mensuram
658 2684 949 2739 donationis
970 2683 1180 2739 Christi.
1215 2685 1280 2740 Et
1308 2685 1503 2740 iterum
1532 2707 1545 2742 :
1585 2685 1688 2755 Qui

92 2779 371 2845 descendit,
399 2779 511 2850 ipse
534 2788 610 2834 est
637 2779 723 2850 qui
751 2788 800 2834 et
836 2778 1066 2833 ascendit
1090 2793 1245 2849 super
1283 2795 1458 2835 omnes
1496 2782 1649 2835 caelos
1668 2821 1684 2847 ,

97 2879 143 2923 nt
166 2871 447 2941 ndimpleat
471 2871 664 2925 omnia.
706 2869 775 2926 Et
791 2871 905 2942 ipse
932 2870 1072 2925 dedit
1104 2871 1351 2942 quosdam
1375 2871 1685 2943 Apostolos,

90 2966 333 3033 quosdam
353 2973 523 3019 autem
550 2963 848 3037 prapltetas,
874 2962 1123 3034 quosdam
1148 2972 1316 3019 autem
1340 2964 1422 3037 (l)
1441 2964 1516 3039 (b)
1541 2980 1687 3020 evan-

88 3059 377 3127 gelizantes,
404 3056 652 3127 quosdam
674 3066 847 3112 autem
870 3068 1103 3128 pastores
1128 3065 1177 3111 et
1197 3059 1447 3122 doctores,
1474 3057 1544 3111 ad
1571 3073 1690 3112 con-

89 3150 474 3204 summationem
508 3159 824 3215 sanctorum,
855 3148 910 3202 in
934 3164 1061 3218 opus
1081 3149 1352 3204 ministerii
1380 3147 1597 3222 (Epltes.
1630 3165 1686 3204 tv

89 3245 135 3305 7,
163 3246 247 3311 lt),
273 3242 432 3313 etc).
461 3241 729 3313 Numquid
752 3241 1175 3297 ministeriorum
1199 3241 1335 3297 dona
1362 3258 1467 3296 non
1484 3240 1686 3297 Christi
1712 3283 1759 3346 C

86 3346 224 3401 sunt,
256 3352 393 3392 cum
418 3340 600 3392 tamen
631 3334 704 3406 (c)
735 3344 788 3390 et
818 3334 911 3389 Dei
945 3332 1084 3388 dona
1114 3334 1270 3389 sint?

149 3431 236 3485 34.
284 3429 497 3484 Paulus
534 3431 599 3483 de
635 3426 799 3483 Patre
827 3426 1002 3482 dicens
1032 3427 1197 3493 Deus,
1232 3427 1295 3482 de
1339 3426 1483 3483 Filio
1520 3426 1704 3484 Dont—'

84 3538 210 3590 sus,
259 3539 374 3577 non
414 3522 653 3577 distinxit
692 3537 779 3576 eos
825 3530 1033 3575 natura.
1074 3550 1146 3563 -—-
1172 3520 1280 3577 Sed
1311 3520 1392 3595 (ά)
1421 3522 1469 3577 si
1496 3521 1545 3577 id
1586 3522 1688 3578 sibi

86 3615 370 3689 usurpavit
398 3616 669 3685 impietas,
724 3624 783 3670 ut
821 3616 945 3686 quia
991 3616 1105 3681 ait,
1154 3616 1286 3670 idem
1334 3613 1588 3670 Dominus
1634 3627 1687 3673 et

81 3712 207 3765 idem
236 3708 390 3765 Deus
416 3709 462 3783 (1
494 3707 614 3767 Cor.
652 3725 731 3765 xu
754 3753 769 3778 ,
806 3708 841 3766 5
871 3749 886 3773 ,
940 3707 1025 3777 6),
1068 3724 1175 3769 non
1234 3710 1344 3767 sint
1384 3711 1437 3764 in
1479 3710 1686 3769 unitate

85 3816 285 3862 natura:
320 3823 338 3860 :
374 3803 667 3876 adjungam
710 3820 840 3860 vero
886 3804 1011 3860 huic
1050 3803 1418 3876 intelligentiae
1450 3815 1592 3873 tute,
1625 3815 1691 3863 ut.

82 3911 229 3967 putas
262 3900 511 3955 firmiora
542 3898 813 3970 praesidia.
864 3897 985 3968 Ipse
1035 3898 1180 3953 enim
1220 3900 1511 3970 Apostolus
1561 3900 1682 3958 ait:

143 4037 221 4111 (Ι)
266 4037 651 4111 Euangelistas.
677 4035 848 4111 Paulo
877 4043 1031 4111 post,
1049 4043 1099 4093 et
1130 4035 1453 4108 imperantis
1475 4047 1526 4093 et
1569 4035 1688 4093 Dei.

78 4108 217 4175 Mox,
364 4109 440 4173 id,
468 4108 669 4164 omissa
702 4108 963 4181 particula
988 4108 1054 4164 si.

144 4226 219 4300 (a)
263 4227 399 4284 Vat.
428 4227 545 4281 bas.
576 4240 683 4300 ms.
711 4225 848 4281 dona
863 4224 1538 4300 gentium._Alii_nnnnAulli,
1566 4242 1695 4284 nec-

78 4297 177 4351 non
204 4297 380 4369 Lips.
412 4307 468 4355 et
499 4299 631 4371 Par.
652 4298 787 4354 dona
828 4315 1090 4371 generum.
1122 4297 1526 4357 Praeferendum
1569 4314 1690 4359 cum

78 4371 229 4437 Rath,
265 4371 371 4426 Er.
398 4376 456 4425 et
480 4369 719 4440 pluribus
748 4369 931 4440 probae
957 4377 1100 4423 notat
1129 4386 1258 4424 mss.
1290 4371 1426 4426 dona
1446 4371 1592 4441 (scil.
1615 4372 1694 4427 vel

76 4443 326 4510 loquendi
354 4442 435 4496 vel
460 4444 1058 4514 interpretandiigenera
1088 4441 1411 4514 linguarum.

143 4513 221 4588 (ὁ)
264 4514 500 4589 Carnut.
533 4514 704 4569 codex
727 4523 781 4569 et
820 4513 1033 4569 Martia.
1083 4523 1139 4568 ut
1174 4513 1235 4569 in
1274 4528 1454 4589 graeco
1504 4523 1688 4583 textu,

76 4588 446 4661 evangelista!-

1794 1927 1984 1998 tclligi,
2014 1937 2123 1984 tum
2149 1928 2345 1985 deinde
2383 1945 2616 1999 sequens
2643 1942 2787 1987 esset
2827 1949 3007 1988 SCI'mO
3035 1930 3309 1999 scientiae;
3341 1942 3399 1989 ut

1791 2021 1932 2094 quod
1981 2024 2254 2094 sapimus,
2307 2025 2543 2079 scienter
2588 2024 2896 2096 loquamur,
2932 2025 3006 2080 ita
3041 2018 3401 2098 utsapiamUs

1791 2111 2071 2189 sapientia:
2096 2117 2320 2174 verbum
2348 2136 2361 2171 :
2398 2117 2613 2173 tertium
2632 2133 2762 2174 vero
2785 2118 2988 2175 donum
3022 2119 3074 2176 in
3099 2120 3204 2175 lide
3220 2129 3397 2188 esset;

1799 2215 1925 2287 quia
1957 2212 2046 2268 illa
2078 2211 2390 2283 principalia
2415 2219 2471 2268 et
2490 2214 2771 2282 superiora
2796 2213 3081 2269 utilitatem
3108 2212 3258 2277 doni.
3294 2212 3399 2270 nisi

1795 2307 1871 2379 (It)
1903 2306 2045 2362 Deus
2076 2305 2412 2370 crederetur,
2443 2304 2755 2362 amitterent
2790 2323 2807 2362 :
2844 2314 2899 2361 ut
2946 2323 3088 2362 nunc
3124 2305 3179 2362 in
3238 2307 3400 2381 hujus

1791 2403 2007 2459 maximi
2036 2411 2090 2458 et
2121 2400 2467 2471 pulcherrimi
2500 2400 2630 2457 dicti
2672 2402 2958 2472 apostolici
3010 2412 3358 2461 sacramento
3378 2443 3396 2470 ,

1791 2495 2061 2555 haereticis
2093 2496 2344 2552 otnnibus
2385 2510 2486 2552 nec
2526 2498 2750 2552 vt-rbum
2799 2496 3084 2566 sapientia:
3125 2510 3244 2565 est,
3292 2514 3395 2554 nec

1790 2604 1970 2645 sermo
2000 2587 2245 2645 scientiae
2268 2631 2282 2654 ,
2316 2603 2418 2644 nec
2450 2587 2728 2659 religionis
2752 2587 2890 2645 ﬁdes
2911 2604 2927 2651 ς
2952 2590 3078 2660 quia
3114 2589 3401 2660 impietas,

1791 2696 1910 2753 qua:
1940 2697 2047 2737 non
2079 2682 2223 2753 capit
2254 2682 2690 2755 intelligentiam,
2726 2692 2883 2738 extra
2914 2684 3189 2741 sermonis
3220 2684 3405 2741 scien-

1792 2775 1918 2829 tiam
1948 2781 2004 2837 et
2027 2783 2182 2831 extra
2209 2774 2610 2845 simplicitatem
2639 2773 2764 2832 iidei
2798 2785 2901 2832 est.
2937 2774 3052 2833 Nec
3080 2777 3225 2833 enim
3256 2777 3406 2849 quis-

1790 2886 1950 2942 quam
1980 2871 2123 2944 quod
2156 2888 2260 2927 non
2293 2873 2454 2942 sapit,
2494 2871 2732 2945 loquitur
2768 2891 2781 2927 :
2816 2889 2920 2943 nec,
2942 2876 3085 2946 quod
3111 2875 3257 2947 loqui
3295 2893 3403 2933 non

1795 2974 1990 3035 potest,
2025 2973 2202 3036 potest
2223 2967 2468 3023 credere.
2492 2964 2665 3023 Unum
2692 2968 2874 3039 itaque
2905 2968 3073 3025 Deum
3105 2968 3405 3040 Apostolus

1796 3058 2116 3126 praedicans,
2152 3068 2204 3114 et
2246 3074 2313 3114 ex
2344 3059 2489 3129 Lege
2536 3060 2786 3128 veniens,
2839 3071 3002 3132 atque
3052 3063 3105 3117 in
3155 3062 3407 3137 Evange-

1792 3150 1925 3204 lium
1959 3147 2160 3206 Christi
2183 3161 2431 3219 vocatus,
2458 3150 2714 3222 perlecta!
2742 3153 2864 3208 lidei
2898 3155 3070 3210 tenuit
3097 3155 3404 3214 confessio-

1793 3257 1936 3299 nem.
1967 3241 2033 3298 Et
2062 3258 2130 3299 ne
2156 3243 2393 3315 aliquam
2440 3243 2710 3299 haereticis
2752 3245 3095 3305 occasionem
3121 3256 3397 3321 tamquam

1796 3336 1989 3390 incauti
2013 3336 2281 3391 sermonis
2304 3334 2624 3406 simplicitas
2651 3347 2953 3407 praestaret,
2977 3348 3038 3394 ut
3060 3341 3399 3398 nativitatem

1795 3428 1918 3484 Filii
1949 3444 2044 3499 per
2071 3429 2229 3484 unius
2251 3428 2346 3485 Dei
2377 3429 2821 3501 praedicationem
2871 3445 3136 3504 negarent
3166 3450 3182 3502 ;
3238 3451 3405 3492 unum

1795 3524 1967 3583 Deerit
1992 3523 2094 3580 sub
2122 3523 2473 3593 proprietatis
2512 3524 2908 3594 signiﬁcatione
2953 3527 3241 3587 oonlesstts
3282 3539 3402 3600 est,

1796 3617 1982 3673 dicens
2012 3616 2085 3671 ita
2116 3633 2130 3670 :
2164 3614 2313 3671 Unus
2356 3614 2497 3671 Deus
2525 3626 2747 3687 peterea
2773 3634 2875 3686 quo
2900 3620 3095 3688 onmia,
3137 3632 3185 3677 et
3223 3638 3320 3679 nos
3344 3623 3405 3678 in

1793 3710 1905 3783 ipso
1934 3709 1977 3782 (Ι
2003 3709 2123 3767 Cor.
2149 3726 2273 3777 νιιι,
2301 3709 2357 3781 t5)
2391 3730 2404 3766 :
2431 3718 2490 3767 ut
2518 3712 2609 3782 qui
2648 3712 2795 3769 Deus
2818 3726 2923 3782 est,
2952 3725 3006 3771 et
3039 3724 3194 3786 pater
3218 3716 3413 3776 (πάθη

1793 3814 1965 3862 retur.
1999 3805 2209 3863 Dehinc
2248 3806 2373 3875 quia
2403 3806 2609 3863 nudum
2637 3808 2741 3865 hoc
2761 3848 2779 3875 ,
2809 3807 2866 3867 in
2912 3825 3078 3867 unum
3111 3811 3285 3873 Deum
3309 3828 3407 3885 pa-

1795 3908 1933 3955 trem
1967 3888 2213 3966 credere,
2244 3913 2351 3953 non
2388 3898 2675 3969 proliceret
2714 3899 2781 3955 ad
2824 3901 3087 3968 salutem;
3116 3903 3351 3973 subjecit
3385 3919 3401 3960 :

1870 4035 1951 4109 (2)
1994 4036 2058 4109 Et
2106 4052 2201 4091 nos
2246 4036 2536 4109 in_ipsum,
2569 4051 2695 4091 cum
2736 4051 2937 4108 graeco,
2984 4052 3109 4095 mox
3137 4042 3407 4099 omittitur

1796 4107 1992 4166 nomen
2016 4108 2273 4165 Christus.
2302 4107 2470 4162 Paulo
2501 4115 2644 4177 post,
2677 4125 2835 4163 unum
2860 4109 3188 4176 baptismum.

1801 4225 2013 4298 referri.
2056 4222 2194 4298 Hinc
2226 4222 2295 4280 ab
2322 4221 2455 4298 ipsis
2479 4222 2710 4298 quaerit,
2738 4240 2786 4298 pa
2831 4241 2939 4297 quo
2986 4226 3189 4298 Spiritu
3237 4228 3411 4291 velint

1800 4297 1944 4354 dona
1967 4295 2228 4368 spiritalia
2271 4294 2565 4371 proﬁcisci.
2607 4294 2690 4355 Ac
2708 4294 2937 4371 domum
2966 4294 3088 4355 illos
3113 4316 3179 4356 eo
3207 4302 3405 4371 perdu—

1799 4372 1896 4436 cit,
1929 4379 1989 4425 ιιι
2016 4384 2215 4439 negare
2243 4384 2351 4425 non
2380 4369 2621 4436 valeant,
2650 4367 2951 4427 ministeria
2984 4372 3037 4427 in
3071 4367 3305 4430 bcclésia
3333 4375 3409 4433 ita

1800 4456 1829 4496 a
1865 4444 1976 4497 Deo
2006 4456 2128 4497 esse
2157 4441 2353 4511 posita,
2395 4448 2453 4494 ut
2475 4439 2638 4495 etiam
2670 4452 2705 4495 ε
2740 4441 2958 4498 Christo
2988 4443 3239 4500 dicantur
3274 4460 3407 4501 enn-

1801 4515 2030 4579 stitnta;
2082 4513 2328 4582 adeoque
2363 4511 2635 4568 Christum
2680 4529 2708 4566 a
2753 4514 2913 4569 Patre
2958 4531 3135 4581 neque
3182 4517 3407 4574 alterius

1802 4601 1923 4641 esse
1954 4586 2257 4655 potestatis,
2293 4583 2726 4668 nequealterius
2757 4592 2983 4668 naturae.
3015 4587 3197 4668 Itaque
3246 4605 3408 4668 argu—

141 4653 223 4730 (εῖ
250 4658 404 4713 Editi
434 4672 500 4713 ac
521 4658 700 4728 plures
730 4670 861 4713 mss.
896 4668 939 4713 et
964 4658 1283 4730 imperantis
1313 4654 1432 4712 Dei.
1464 4656 1688 4730 Rectius
1716 4653 1770 4713 D
1795 4653 2032 4713 mentum
2061 4673 2088 4730 tt
2120 4674 2267 4713 num.
2292 4653 2694 4730 29‘institutnm
2721 4656 2785 4711 ad
2836 4658 2938 4713 hoc
2965 4653 3125 4725 valet,
3150 4671 3208 4716 ut
3234 4653 3409 4730 dona,

75 4728 227 4802 abeat
256 4731 590 4802 inopemtis
620 4745 648 4783 ιι
680 4729 1213 4802 praestantibusmss.
1241 4730 1416 4797 Colb.,
1448 4728 1609 4799 Cara.
1641 4741 1696 4787 et

72 4800 261 4858 Germ.
312 4800 442 4857 cum
489 4800 804 4871 respiciatur
844 4816 1003 4870 supra
1026 4801 1222 4856 allatus
1242 4804 1488 4871 Apostoli
1516 4818 1533 4857 ι
1563 4803 1691 4859 Cor.

74 4889 167 4938 xu,
203 4875 311 4940 2'1,
368 4873 547 4933 locus.
592 4872 658 4928 Et
685 4872 934 4943 quosdam
965 4872 1173 4941 quidem
1214 4875 1386 4942 posuit
1417 4872 1573 4940 Deus,
1605 4875 1694 4930 ttbi

74 4962 177 5000 non
203 4944 477 5017 adjicitur
498 4946 727 5003 verbum
750 4946 1045 5012 inaperaus.
1079 4945 1246 5015 Cujus
1272 4945 1376 5001 loci
1409 4961 1692 5017 comparo-

74 5019 225 5075 tione
287 5032 433 5075 cum
480 5017 652 5075 altero
700 5017 943 5087 ejnmtu
970 5019 1212 5086 Apostoli
1480 5033 1531 5072 tv
1554 5054 1569 5084 ς
1603 5019 1690 5085 Η,

74 5092 335 5158 proxime
365 5098 685 5153 memorato,
702 5090 1076 5158 inqmeadem
1093 5089 1521 5149 ministeriorum
1549 5090 1699 5147 dona

69 5175 95 5215 a
122 5160 365 5218 Christo
403 5161 610 5216 indulta
632 5175 755 5219 esse
777 5160 1123 5218 declaratur:
1162 5162 1277 5231 jam
1318 5162 1539 5217 tandem
1577 5162 1692 5217 cla-

68 5235 187 5311 rius
214 5232 555 5311 coniiciunt
574 5232 851 5311 Christum
876 5248 1019 5311 esse_
1037 5233 1305 5291 donorum
1334 5233 1645 5311 largitorem
1670 5276 1686 5302 ,

69 5303 430 5390 ξιτοῖτξάείιεις
459 5303 1181 5390 ιιιϋληιρμωέαιτεηυρυων
1203 5321 1367 5390 unum
1400 5303 1683 5390 ξρίιξῖιμεη-

66 5372 226 5445 ρηυά
275 5372 869 5453 ᾳὺἰιιριιῖρεάθιθοιὶιιι
901 5376 1084 5446 efﬁcit,
1118 5386 1193 5439 et.
1224 5379 1305 5453 uti
1332 5372 1491 5453 nobis
1534 5376 1692 5453 itide-

68 5458 180 5519 tnr,
215 5462 341 5506 non
377 5457 485 5507 tatu
524 5450 589 5507 ex
624 5464 720 5507 sua
750 5464 909 5519 quam
939 5465 1008 5506 ex
1052 5452 1319 5507 sententia
1351 5450 1693 5515 adversario-

68 5518 216 5588 rum,
248 5519 461 5591 quibus
492 5518 733 5575 nonnihil
762 5518 1005 5592 largitur,
1037 5531 1099 5578 ut
1121 5538 1333 5579 omnem
1356 5521 1437 5578 eis
1461 5521 1694 5581 evaden-

65 5593 120 5649 di
141 5595 377 5649 aditum
408 5593 641 5649 claudat.
674 5592 911 5650 Primum
951 5595 1096 5650 enim
1126 5597 1204 5650 eis
1232 5594 1372 5649 ultro
1399 5594 1492 5649 dat
1519 5592 1693 5660 Spiri-

66 5677 150 5720 tus
182 5665 379 5721 sane“
414 5672 546 5721 voce
573 5665 896 5737 quandoque
926 5665 1161 5731 Patrem,
1197 5665 1466 5737 interdum
1495 5662 1693 5729 Filium

62 5749 157 5793 aut
185 5737 474 5822 Spiritum
541 5736 821 5823 sanctum'
867 5736 1176 5813 signiﬁcari.
1242 5736 1380 5794 Tum
1431 5737 1693 5868 guesdam

64 5810 225 5866 Pauli
274 5809 473 5868 locos.
504 5822 646 5868 auos
683 5810 779 5866 lrb.
811 5825 883 5868 rt.
916 5826 970 5867 n.
1004 5810 1074 5867 35
1102 5820 1156 5867 et
1179 5809 1272 5868 34.
1322 5808 1391 5867 ad
1480 5810 1693 5868 uiritutn

64 5810 225 5866 Pauli
274 5809 473 5877 locus,
504 5822 646 5882 quos
683 5810 779 5866 lib.
811 5825 883 5877 rt,
916 5808 970 5867 n.
1004 5810 1074 5867 33
1102 5820 1156 5867 et
1179 5809 1276 5879 34,
1322 5808 1391 5867 ad
1436 5808 1694 5882 Spiritum

63 5894 347 5938 sanetum
370 5881 569 5947 retulit,
599 5882 861 5953 permittit
888 5882 1051 5941 etiam
1071 5883 1145 5941 ad
1179 5883 1394 5942 Patrem
1420 5880 1696 5942 et’Filium

1799 4745 1919 4799 quze
1952 4728 2183 4800 Spititus
2212 4728 2384 4783 sancti
2416 4728 2573 4800 vulgo
2598 4741 2999 4800 nuneupantur,
3024 4729 3191 4787 totius
3218 4728 3405 4789 TriuiQ

1802 4798 1951 4867 tatis,
1981 4798 2045 4857 ac
2077 4799 2392 4857 nominatim
2443 4798 2615 4870 ipsius
2653 4799 2853 4856 Christi
2899 4815 3022 4858 esse
3063 4803 3405 4861 doceamur:

1801 4881 1859 4933 ut
1896 4872 2129 4939 quolibet
2164 4871 2321 4927 modo
2356 4871 2506 4927 Pauli
2536 4871 2697 4927 verba
2729 4875 3157 4937 interpretentur
3192 4877 3409 4934 haereti-

1798 4946 1865 5010 ci,
1899 4944 1962 4999 iis
1987 4953 2165 5000 tamen
2193 4943 2452 4999 naturalis
2477 4944 2527 4998 in
2558 4942 2716 5000 Patre
2749 4954 2801 5001 et
2826 4942 2968 5002 Filio
2993 4950 3173 5004 unitas
3193 4951 3397 5005 contir-

1802 5029 2002 5079 metur,
2048 5016 2200 5083 Quod
2247 5015 2531 5086 Operosius
2578 5015 3063 5074 demonstrandum
3108 5020 3404 5077 duximus:

1806 5089 2006 5213 trinitppe
2054 5088 2145 5160 qui
2196 5088 2527 5144 advertimus
2578 5088 2849 5147 Hilarium
2908 5107 3017 5147 non
3061 5093 3196 5149 satis
3247 5092 3407 5151 intel-

1827 5174 2024 5213 ecum.

1827 5167 2024 5215 'ectu'm.

1892 5230 1951 5303 ά)
1992 5231 2261 5288 Particula
2288 5231 2334 5286 si
2358 5229 2630 5303 omittitur
2659 5231 2711 5297 in
2742 5248 2846 5303 ms.
2877 5232 3095 5290 Martia.

1890 5301 1941 5379 ᾳ)
1984 5303 2193 5379 ΕιιιιιιειὶΔ
2224 5303 2311 5379 hic
2359 5301 2599 5379 addunt,
2630 5302 2758 5379 Lqui
2804 5322 2964 5379 super
2997 5302 3175 5361 omnia
3214 5320 3236 5361 :
3280 5321 3405 5379 quae

1796 5375 1960 5430 verba
2022 5390 2128 5430 non
2181 5374 2383 5431 habent
2422 5373 2582 5449 intra,
2629 5373 2731 5432 lib.
2777 5373 3071 5449 infinitio,
3117 5373 3412 5449 neque'hic

1795 5455 2010 5523 exstant
2033 5449 2229 5503 intnss.
2251 5462 2478 5518 quorum
2508 5447 2560 5501 itt
2578 5448 2868 5523 nonnullis
2898 5460 3064 5523 praet
3089 5466 3183 5523 per
3206 5447 3405 5520 omnes,

1797 5519 1992 5589 legitur
2039 5529 2086 5574 et
2127 5537 2279 5593 super
2324 5535 2529 5588 omnes,
2574 5520 2628 5576 in
2683 5521 3007 5577 Cartmtettsi
3055 5519 3273 5591 autem,
3320 5519 3413 5597 qui

1800 5607 1956 5664 super
1990 5608 2181 5648 omnes.
2292 5663 2295 5664 ν
2352 5650 2359 5658 _

1922 5664 1944 5739 )
1986 5662 2077 5739 Sic
2108 5680 2239 5739 mss.
2272 5660 2525 5739 Atediti,
2558 5663 2795 5739 unitatis.

1922 5667 1943 5739 )
1986 5667 2077 5722 Sic
2108 5680 2239 5720 mss.
2272 5667 2343 5723 At
2369 5667 2525 5729 editi,
2558 5667 2795 5718 unitatis.

1875 5667 1953 5810 ᾖ)
1972 5737 2147 5810 ᾼᾹριιιι
2177 5736 2299 5794 Par.
2328 5736 2665 5793 desideratur
2693 5735 2813 5792 nisi.
2847 5730 2971 5793 Mox
3018 5739 3074 5796 in
3104 5734 3225 5797 aliis
3245 5741 3413 5799 etiam

1803 5804 1944 5880 erili;
1971 5804 2200 5880 habetur
2228 5816 2412 5880 potest,
2443 5822 2549 5880 non
2572 5816 2759 5880 posset.
2823 5874 2851 5880 Α,
3058 5814 3061 5817 ’

1878 5879 1958 5953 (Ιι)
1975 5874 2252 5940 Vetustlor
2276 5896 2310 5941 e
2338 5874 2467 5938 is.
2489 5874 2644 5938 Colb.
2674 5880 2773 5937 nisi
2808 5874 3073 5943 Dominus
3093 5883 3405 5945 crederetur.
