3988 6332
611 328 722 388 26⁸5

1836 324 2085 387 SANCTI
2110 322 2365 383 HILARII
2404 325 2713 389 EPISCOPI

3750 337 3829 398 εει

616 445 686 501 Et
758 462 889 503 unus
940 443 1191 502 Dominus
1231 449 1405 501 noster
1456 443 1622 520 239
1666 442 1818 502 Iesus
1846 444 2081 502 Christus
2125 459 2217 516 per
2240 453 2290 510 Α
2318 449 2605 520 signiﬁcat,
2637 464 2746 505 non
2776 447 2843 505 ad
2871 447 3221 505 solitudinem
3251 447 3549 520 singularis,
3570 449 3652 507 sed
3677 453 3731 507 ad
3754 459 3830 525 spi-

614 558 763 613 quem
786 542 979 609 omnia,
1007 550 1054 596 et
1075 558 1167 596 nos
1203 556 1294 612 per
1316 541 1527 612 ipsum;
1558 541 1928 597 sinceritatem
1954 538 2077 594 ﬁdei
2120 551 2209 593 sa-

615 640 805 696 lutaris
832 641 885 696 in
912 640 1071 697 unius
1102 638 1199 695 Dei
1225 648 1284 696 et
1310 639 1363 694 in
1393 639 1554 693 unius
1589 635 1805 693 Domini
1833 634 2216 707 prtedicatioue

613 734 994 791 demonstrans
1024 750 1041 792 :
1071 742 1132 790 ut
1165 733 1324 790 nobis
1348 741 1404 790 et
1431 748 1573 790 unus
1612 732 1756 788 Deus
1794 741 1964 803 pater,
1992 739 2050 787 et
2079 743 2217 785 unus

613 825 873 884 Dominus
898 826 1058 884 Jesus
1083 826 1334 884 Christus
1364 828 1418 883 in
1463 826 1571 884 (ide
1611 825 1689 899 (υ)
1719 835 1887 883 esset.
1918 824 2037 881 Non
2067 823 2215 880 enim

611 918 814 977 dictum
840 921 1121 993 ignorabat
1166 938 1195 976 a
1226 923 1459 978 Domino
1492 940 1505 976 :
1538 921 1665 977 ﬂare
1705 932 1780 977 est
1818 923 1953 977 enim
1983 921 2219 975 voluntas

612 1017 779 1086 patris
819 1018 944 1084 mei,
975 1029 1033 1073 ut
1078 1018 1243 1073 omnis
1285 1019 1376 1090 qui
1423 1019 1559 1073 uidet
1600 1017 1831 1084 Filium,
1885 1025 1932 1071 et
1977 1015 2137 1070 credit
2165 1014 2222 1069 in

618 1126 736 1167 eunt
762 1151 778 1177 ,
810 1111 994 1168 habeat
1022 1112 1178 1168 vitam
1213 1122 1460 1168 aeternam
1485 1111 1667 1182 (Joan.
1699 1124 1774 1175 vr,
1803 1110 1921 1183 40).
1959 1110 2067 1167 Sed
2097 1107 2221 1165 lldei

614 1202 1000 1261 ecclesiasticae
1039 1204 1289 1261 ordinem
1316 1220 1544 1275 ponens,
1577 1215 1634 1261 et
1678 1205 1838 1260 ﬁdem
1890 1216 2135 1260 nostram
2165 1202 2219 1257 in

546 1314 551 1319 ·
614 1293 777 1352 Patre
804 1303 862 1352 et
890 1294 1029 1352 Filio
1055 1308 1321 1363 statuens,
1375 1296 1754 1369 inseparabilis
1785 1296 1928 1352 illius
1953 1304 2116 1367 atque
2141 1295 2225 1349 in-

614 1389 947 1448 dissolubilis
966 1390 1189 1447 unitatis
1219 1400 1274 1447 et
1300 1390 1422 1447 ﬁdei
1453 1400 1853 1447 sacramentum
1877 1391 2088 1446 locutus
2115 1393 2220 1457 est,

616 1484 807 1544 dicens
840 1503 854 1541 :
891 1484 1041 1542 Unus
1065 1484 1226 1552 Deus,
1251 1495 1302 1542 et
1321 1502 1458 1541 unus
1480 1484 1760 1541 Dominus.

686 1629 777 1687 55.
817 1628 880 1686 Si
915 1629 1149 1685 Christus
1188 1638 1407 1701 negatur
1430 1627 1568 1685 Deus
1588 1671 1602 1697 ,
1627 1627 1746 1701 quia
1771 1644 1903 1683 unus
1947 1623 2084 1682 Deus
2115 1621 2227 1680 Pa-

614 1732 843 1794 ter;nec
877 1722 1037 1779 Pater
1085 1720 1362 1791 Dominus,
1409 1723 1531 1795 quia
1582 1739 1718 1776 unus
1764 1719 2019 1775 Dominus
2074 1717 2226 1772 Chri«

614 1829 743 1877 stus.
797 1850 868 1864 -—
924 1822 1002 1874 Ac
1077 1819 1309 1890 primum
1364 1827 1515 1874 extra
1563 1816 1919 1888 apostolicum
1974 1812 2222 1884 spiritum

618 1913 829 1980 vivens,
854 1910 1135 1969 stultitiam
1168 1922 1335 1977 tuam,
1366 1907 1652 1977 ltmretice,
1696 1906 1961 1978 intellige.
1994 1905 2050 1963 Si
2074 1907 2220 1961 enim

617 2005 1012 2079 professionem
1051 2004 1213 2061 unius
1240 2003 1336 2059 Dei
1367 2003 1434 2057 ad
1468 2001 1519 2058 id
1566 2016 1795 2073 usurpas
1820 2042 1835 2068 ,
1868 2015 1935 2055 ne
1973 1997 2223 2055 Christus

620 2099 762 2157 Deus
789 2101 894 2166 sit;
922 2100 1047 2172 quia
1078 2099 1166 2155 ubi
1197 2112 1335 2155 unus
1361 2104 1467 2165 est,
1502 2095 1778 2152 solitarius
1822 2096 1892 2150 sit
1917 2092 2224 2165 intelligen-

618 2194 741 2263 dus,
765 2205 818 2252 et
848 2193 923 2262 id,
954 2193 1030 2268 (ὁ)
1058 2192 1202 2266 quod
1236 2210 1373 2250 uitus
1404 2199 1508 2260 est,
1534 2190 1814 2263 proprium
1840 2188 1891 2244 ei
1913 2189 1978 2243 sit
2008 2203 2073 2243 ac
2103 2187 2220 2242 sin-

618 2289 809 2362 gulare
839 2289 931 2362 qui
962 2304 1101 2345 unus
1130 2297 1213 2345 est
1246 2306 1261 2344 ς
1291 2286 1419 2359 quid
1447 2289 1514 2342 de
1553 2302 1621 2343 eo
1669 2284 2030 2355 proﬁteberis,
2077 2279 2224 2354 quod

614 2382 776 2442 Jesus
793 2384 1043 2441 Christus
1066 2398 1208 2439 unus
1227 2391 1314 2438 est
1338 2378 1641 2437 Dominus?
1669 2377 1725 2436 Si
1751 2376 1894 2434 enim
1925 2375 2222 2433 secundum

617 2490 694 2549 te,
736 2480 882 2551 quod
913 2493 1053 2535 unus
1098 2477 1257 2533 Pater
1283 2476 1425 2531 Deus
1453 2484 1557 2541 est,
1588 2471 1809 2528 Christo
1833 2486 1938 2527 non
1981 2470 2059 2544 (1)
2102 2468 2229 2525 reli-

617 2575 732 2649 quit
755 2584 816 2631 ut
850 2576 990 2631 Deus
1013 2573 1084 2629 sit
1111 2590 1124 2628 :
1152 2586 1376 2627 necesse
1416 2580 1522 2635 est,
1552 2577 1613 2624 ut
1639 2567 1804 2623 etiam
1843 2564 2143 2622 secundum
2173 2569 2227 2619 te

623 2686 766 2726 unus
795 2669 1056 2725 Dominus
1084 2667 1333 2724 Christus
1372 2664 1487 2719 Deo
1518 2677 1628 2718 non
1658 2662 1927 2732 relinquat
1956 2669 2012 2714 ut
2041 2656 2228 2713 Domi-

620 2777 724 2820 nus
753 2763 858 2829 sit;
894 2760 973 2835 (2)
999 2761 1122 2832 quia
1179 2756 1322 2830 quod
1352 2772 1491 2812 unus
1520 2763 1637 2821 est,
1695 2753 1970 2824 proprium
2012 2751 2063 2807 ei
2094 2750 2229 2806 velis

620 2872 743 2915 esse
768 2855 859 2929 qui
892 2870 1030 2910 unus
1060 2862 1169 2909 est.
1206 2850 1264 2908 Si
1299 2851 1480 2922 itaque
1511 2865 1675 2906 unum
1715 2846 2006 2902 Dominum
2043 2844 2231 2901 Chris-

621 2961 736 3009 tum
762 2966 883 3008 esse
911 2949 1073 3005 etiam
1105 2948 1274 3003 Deum
1318 2945 1573 3017 negabis,
1617 2958 1782 2998 unum
1813 2956 2027 3014 quoque
2058 2940 2227 2995 Deum

619 3055 830 3118 patrem
856 3058 981 3101 esse
1007 3041 1228 3113 negabis
1254 3049 1309 3096 et
1355 3039 1689 3093 Dominum:
1740 3043 1796 3092 et
1842 3033 1971 3106 quid
2017 3032 2122 3089 erit
2168 3034 2221 3087 in

621 3139 717 3196 Dei
762 3139 981 3205 virtute,
1029 3136 1133 3191 nisi
1177 3132 1442 3190 Dominus
1466 3142 1572 3198 est,
1599 3139 1654 3187 et
1697 3130 1752 3185 in
1794 3125 2010 3183 Domini
2050 3136 2233 3196 potes-

2320 543 2456 598 ritus
2483 543 2742 599 unitatem
2767 559 2781 597 :
2812 543 2938 615 quia
2970 558 3108 599 unus
3134 543 3274 600 Deus
3306 543 3458 599 Pater
3481 554 3533 600 et
3556 560 3674 601 unus
3693 545 3832 605 Chris-

2322 646 2407 693 tus
2436 639 2712 706 Dominus,
2741 652 2863 695 cum
2892 646 3121 711 uterque
3145 644 3203 692 et
3250 637 3505 694 Dominus
3527 648 3579 695 et
3615 640 3734 696 Deus
3754 641 3830 712 sit,

2322 732 2486 805 250
2508 733 2643 789 duos
2669 742 2848 790 tamen
2875 733 2928 789 in
2955 733 3064 789 ﬁde
3089 743 3274 789 nostra
3306 747 3404 789 nec
3431 732 3555 789 deos
3580 732 3651 807 (ά)
3676 738 3834 805 patiun-

2325 838 2411 882 tur
2439 841 2562 883 esse
2596 843 2698 884 nec
2741 827 3015 885 dominos.
3060 826 3215 884 Unus
3259 826 3419 899 igitur
3446 837 3654 898 uterque
3675 841 3742 885 est
3766 841 3835 887 εει

2324 936 2462 976 unus
2484 936 2606 976 cum
2632 923 2703 977 sit
2725 931 2954 992 uterque
2975 936 3081 978 non
3114 921 3266 977 solus
3296 930 3401 977 est.
3431 920 3538 977 Nec
3559 920 3684 993 loqui
3705 937 3835 979 sacra-

2325 1023 2566 1071 mentum
2605 1015 2727 1071 lidei
2762 1016 2863 1071 nisi
2903 1015 3201 1087 apostolica
3229 1030 3363 1071 voce
3406 1015 3696 1085 poterimus.
3728 1015 3835 1074 Unus

2324 1119 2409 1167 est
2437 1110 2580 1167 enim
2607 1111 2767 1177 Deos,
2800 1120 2855 1167 et
2875 1123 3014 1166 unus
3036 1119 3117 1166 est
3143 1109 3441 1166 Dominus:
3466 1118 3518 1165 et
3536 1125 3623 1182 per
3655 1109 3835 1181 id.un

2325 1219 2464 1261 unus
2492 1213 2578 1260 est
2608 1204 2747 1259 Deus
2769 1213 2826 1260 et
2851 1216 2991 1259 unus
3020 1214 3104 1260 est
3144 1204 3427 1268 Dominus,
3469 1204 3519 1258 in
3548 1204 3835 1260 Deodemon-

2325 1306 2527 1354 stratur
2550 1296 2620 1371 (e)
2647 1307 2701 1353 et
2724 1297 3017 1361 Dominus,
3048 1297 3191 1352 sicut
3224 1305 3282 1354 et
3310 1298 3449 1354 Deus
3478 1297 3554 1370 (5)
3575 1296 3835 1352 demonstra-

2324 1398 2416 1447 tur
2447 1394 2499 1447 in
2528 1391 2778 1446 Domino.
2812 1391 2881 1463 (Γ)
2913 1389 3029 1446 Νοη
3058 1400 3214 1447 tenes
3242 1391 3517 1453 unionem,
3548 1400 3599 1446 ut
3618 1391 3736 1446 Deus
3756 1393 3835 1446 sin-

2325 1483 2525 1556 gularis
2563 1483 2676 1539 sit:
2721 1498 2821 1539 nec
2867 1491 3049 1541 tamen
3094 1483 3290 1540 dividis
3336 1482 3609 1554 Spiritum,
3653 1494 3702 1539 ut
3732 1492 3836 1539 uter-

2328 1592 2435 1648 que
2467 1576 2546 1650 (g)
2597 1591 2705 1632 non
2745 1592 2886 1632 uitus
2925 1579 3014 1632 sit.
3049 1576 3236 1649 Neque
3264 1576 3318 1631 in
3349 1589 3462 1632 uno
3488 1575 3594 1632 Deo
3616 1585 3664 1631 et
3693 1576 3736 1631 in
3764 1592 3837 1632 uno

2329 1671 2558 1727 Domino
2586 1672 2901 1727 discernere
2948 1672 3154 1742 poteris
3197 1679 3519 1740 potestatem
3550 1688 3565 1725 :
3592 1686 3650 1726 ne
3674 1671 3745 1741 qui
3766 1671 3837 1725 Do-

2328 1764 2507 1818 minus
2533 1773 2642 1832 est,
2671 1778 2776 1819 non
2802 1764 2873 1819 sit
2894 1772 2950 1819 et
2977 1765 3152 1829 Deus;
3181 1764 3268 1819 vel
3295 1762 3391 1836 qui
3419 1763 3559 1821 Deus
3580 1772 3672 1830 est,
3695 1776 3774 1819 non
3792 1764 3838 1818 sit

2254 1865 2303 1927 Β
2326 1865 2383 1913 et
2420 1857 2703 1913 Dominus.
2735 1856 2892 1913 Cavit
2919 1859 3064 1913 enim
3095 1856 3415 1928 Apostolus,
3460 1873 3553 1930 per
3573 1857 3750 1927 eloquia
3776 1871 3838 1911 no-

2324 1951 2554 2017 minum,
2601 1950 2738 2005 duos
2782 1951 2869 2006 vel
2917 1949 3050 2006 deos
3100 1951 3400 2022 praedicare
3440 1951 3523 2007 vel
3551 1950 3839 2007 dominoslit

2322 2045 2528 2103 idcirco
2553 2061 2685 2102 usus
2710 2055 2797 2103 est
2821 2061 2888 2103 eo
2914 2062 3113 2118 genere
3136 2046 3423 2113 doctrinae.
3446 2056 3505 2103 ut
3529 2048 3578 2103 in
3606 2062 3696 2104 uno
3718 2046 3834 2102 Domi-

2325 2158 2396 2199 no
2428 2142 2509 2218 (6)
2534 2141 2757 2199 Christo
2787 2159 2951 2199 unum
2985 2142 3321 2212 signiﬁcaret
3346 2153 3403 2199 et
3430 2143 3614 2211 Deum,
3643 2144 3747 2199 etin
3770 2155 3838 2197 uno
3926 2126 3927 2143 ¹

2327 2237 2441 2293 Deo
2488 2249 2644 2309 patre
2692 2253 2861 2293 unum
2912 2237 3249 2309 significaret
3276 2247 3333 2294 et
3364 2234 3838 2308 Dominum;(h)ncc
3926 2232 3927 2301 Ξ

2330 2338 2510 2388 tamen
2561 2332 2644 2405 ('1)
2674 2331 2894 2403 impiam
2938 2331 3095 2387 nobis
3141 2332 3208 2385 ad
3250 2331 3616 2404 perimendum
3657 2328 3839 2400 unigeniti

2328 2425 2423 2483 Dei
2470 2427 2809 2483 nativitatem
2853 2426 3137 2483 inveberet
3163 2426 3455 2496 unionem,
3482 2434 3537 2484 et
3562 2425 3738 2482 Patrem
3756 2439 3837 2495 pro-
3926 2482 3927 2501 ξ

2330 2518 2508 2577 fessus
2536 2529 2593 2577 et
2616 2516 2916 2577 Christum.

2404 2657 2495 2714 37.
2536 2656 2793 2715 Christum
2832 2676 2935 2716 non
2958 2659 3108 2716 modo
3135 2660 3439 2729 Dominum,
3466 2662 3551 2717 sed
3570 2670 3612 2715 et
3633 2656 3762 2715 Deum
3780 2656 3839 2710 de

2332 2753 2438 2807 cuit
2468 2751 2690 2810 Paulus.
2715 2785 2787 2795 —
2823 2753 2936 2811 Nisi
2966 2755 3108 2811 forte
3135 2770 3203 2812 eo
3233 2769 3406 2828 usque
3449 2757 3637 2812 ultimae
3658 2754 3838 2823 despera-

2332 2847 2493 2906 tionis
2516 2848 2665 2905 furor
2695 2851 2915 2907 audebit
2943 2867 3253 2923 erumpere,
3281 2860 3346 2907 ut
3371 2852 3496 2924 quia
3523 2851 3754 2908 Christum
3773 2846 3837 2900 llo-

2332 2943 2536 2999 mioum
2586 2942 2881 3014 Apostolus
2922 2944 3141 3011 dixerit,
3188 2961 3354 3002 nemo
3394 2944 3540 3001 aliud
3569 2960 3675 3000 eum
3709 2951 3838 3007 prater

2332 3053 2491 3111 quam
2522 3039 2812 3095 Dominum
2840 3039 3043 3096 debeat
3069 3039 3360 3111 conﬁteri,
3392 3046 3448 3095 et
3476 3038 3664 3095 habens
3697 3031 3838 3092 Domini

2335 3133 2743 3204 proprietatem,
2773 3149 2878 3189 nou
2908 3132 3106 3190 habeat
3132 3135 3196 3207 (i)
3229 3135 3324 3191 Dei
3359 3137 3649 3192 veritatem.
3673 3130 3753 3187 Sed
3773 3141 3839 3182 non

623 3241 734 3289 tate
766 3229 844 3306 (5)
877 3227 974 3303 (ε),
1024 3228 1129 3285 nisi
1156 3228 1301 3284 Deus
1329 3237 1447 3294 est;
1479 3240 1600 3281 cum
1627 3234 1681 3280 et
1714 3222 1881 3279 Deum
1908 3219 1960 3276 id
1988 3218 2230 3291 perﬁciat
2265 3299 2299 3306 _
2335 3225 2547 3298 ignorat
2571 3225 2765 3282 Paulus
2785 3225 3060 3284 Christum
3093 3229 3287 3297 Deum,
3317 3229 3546 3286 dicens:
3573 3227 3765 3295 Quorum
3783 3237 3842 3290 po.

623 3343 747 3385 esse
770 3299 1213 3400 quod-Dominus
1240 3332 1347 3392 est,
1396 3329 1452 3377 et
1498 3319 1789 3376 Dominum
1831 3316 1886 3373 id
1931 3316 2229 3373 constituat
2255 3299 2301 3363 C
2334 3328 2455 3385 tres,
2487 3328 2537 3374 et
2578 3336 2643 3375 ea:
2682 3320 2866 3391 quibus
2910 3319 3178 3390 Christus,
3220 3323 3297 3395 (It)
3328 3325 3418 3395 qui
3455 3334 3527 3380 est
3561 3337 3693 3394 super
3727 3315 3842 3372 omnia

624 3436 746 3480 esse
772 3421 914 3495 quod
946 3421 1090 3476 Deus
1118 3418 1242 3475 est?

646 3604 649 3611 η
699 3558 790 3617 56.
852 3556 998 3615 Unus
1021 3564 1098 3613 est
1123 3564 1329 3624 uterque
1355 3554 1575 3625 spiritu,
1617 3567 1721 3608 non
1758 3565 1996 3625 persona.
2027 3579 2095 3593 -—
2123 3549 2231 3607 Sed

628 3662 1026 3711 sacramentum
1053 3649 1182 3705 dicti
1211 3645 1469 3703 dominici
1504 3644 1799 3715 Apostolus
1827 3652 2021 3699 tenens
2043 3686 2058 3710 ,
2086 3640 2233 3713 quod

630 3757 717 3807 est
760 3745 919 3820 :.Ego
960 3755 1009 3802 et
1050 3742 1210 3799 Pater
1255 3758 1417 3796 unum
1443 3755 1618 3795 sumus
1647 3736 1829 3811 (Joon,
1855 3753 1914 3805 ι,
1958 3734 2074 3808 50),
2105 3736 2233 3792 dum

2337 3408 2479 3466 Deus
2503 3411 2680 3483 (Rom.
2712 3427 2766 3467 rx
2786 3454 2800 3479 ,
2830 3412 2909 3485 5).
2942 3413 3060 3469 Non
3090 3414 3178 3471 hic
3204 3424 3460 3473 creatura
3490 3417 3539 3472 in
3562 3417 3709 3472 Deum
3730 3410 3843 3479 depu-

2340 3513 2523 3560 tatur:
2572 3505 2668 3564 scd
2696 3517 3070 3566 creaturarum
3111 3509 3256 3568 Deus
3283 3520 3392 3580 est,
3439 3513 3529 3584 qui
3556 3523 3697 3583 super
3721 3501 3843 3592 omnis

2336 3597 2480 3657 Deus
2509 3610 2612 3658 est.

2409 3740 2498 3797 58.
2539 3738 2795 3798 Distinxt't
2831 3743 2983 3799 illum
3009 3762 3042 3800 α
3076 3743 3263 3815 Patre,
3295 3763 3404 3803 non
3431 3746 3616 3802 divisit.
3650 3737 3841 3807 -Οιιπη

629 3854 922 3917 utrumque
951 3855 1118 3899 unum
1161 3837 1470 3912 proﬁtetur,
1523 3850 1689 3892 unum
1721 3846 2011 3905 utrumque
2050 3831 2130 3904 (Is)
2158 3831 2228 3888 sic

2336 3847 2470 3890 vero
2494 3847 2657 3906 super
2700 3837 2881 3892 omnia
2928 3836 3070 3895 Deus
3099 3837 3179 3912 (8)
3212 3850 3267 3897 et
3307 3838 3669 3914 inseparabilis
3691 3833 3744 3891 sit
3764 3829 3844 3900 (lla

701 3984 785 4058 (ι)
828 3982 1112 4058 animo.

725 4053 781 4127 2)
829 4056 964 4125 Quia
991 4053 1128 4127 quod
1155 4067 1315 4109 unum
1338 4059 1436 4108 est.

725 4062 760 4115 ἳ
829 4062 964 4125 Quia
991 4062 1127 4127 quod
1155 4072 1159 4103 1

700 4062 784 4204 ἶδῖ
818 4129 1159 4204 Proprie!!!“-

704 4188 789 4275 μ’)
828 4188 996 4258 Abést
1020 4199 1095 4253 sic
1124 4214 1154 4254 a
1181 4203 1368 4253 nostro
1396 4207 1498 4250 ms.
1533 4188 1703 4247 Paulo
1732 4195 1875 4262 post,
1908 4189 2101 4260 patitur
2132 4202 2230 4260 pro

633 4277 922 4349 patiuntur.

708 4346 790 4421 (5)
829 4343 1013 4421 liectio
1038 4340 1241 4398 codicis
1260 4334 1593 4421 Veronensis
1619 4334 1736 4390 haec
1757 4340 1844 4389 est
1871 4351 1895 4418 ε⁹
1912 4332 2241 4421 demonstra:

638 4404 728 4477 tur
749 4404 805 4474 in
838 4414 1082 4481 Domino,
1114 4424 1161 4469 et
1199 4428 1301 4467 uno
1326 4409 1440 4501 Deo
1470 4407 1631 4462 Patre
1655 4422 1816 4461 unum
1854 4404 2164 4477 signiﬁcaret
2191 4414 2240 4459 et

735 4601 769 4640 a
828 4583 978 4651 Lips.
1007 4585 1060 4634 et
1089 4583 1212 4631 Par.
1243 4583 1407 4627 essent
1436 4586 1456 4623 :
1483 4583 1840 4624 remtenuous
1888 4583 2009 4619 alllS
2059 4583 2228 4619 lIDI'IS.

711 4583 788 4729 id
831 4653 979 4729 υιειιε
1011 4647 1180 4729 code
1207 4635 2231 4729 vane-suum;sessum-

640 4705 807 4787 metet
829 4705 988 4789 inira,
1011 4719 1146 4794 quod
1173 4732 1311 4772 unus
1337 4705 1436 4770 est:
1458 4711 1649 4769 Verius
1677 4711 1729 4764 iu
1754 4705 1896 4777 aliis,
1927 4724 2084 4778 unus,
2105 4721 2234 4809 qua:

640 4804 710 4871 si,
739 4798 873 4872 quod
906 4796 1096 4872 aliquis
1119 4806 1252 4848 unus
1279 4796 1371 4872 est.

713 4849 878 4946 (2)1}.
903 4849 1131 4939 vulgatis
1152 4878 1233 4946 εις.
1254 4860 1495 4942 pluribus
1532 4869 1668 4912 mss.
1690 4851 2051 4946 'propiietate.‘
2068 4849 2239 4946 M‘alnu-

643 4925 908 5002 mus'cum
931 4925 1157 4995 Carum.
1182 4925 1394 4990 Martio.
1419 4945 1483 4985 ac
1504 4927 1775 5002 nonnullis
1800 4925 1940 4993 aliis,
1965 4932 2237 4997 potestate;

641 4999 765 5076 cum
815 5015 902 5070 hic
937 5021 1181 5068 nontam
1226 5013 1497 5088 spectetur
1538 4999 1877 5071 proprietas,
1937 5012 2101 5067 quam
2145 5010 2241 5050 ua-

644 5100 785 5147 tura.

714 5138 790 5233 (ii)
833 5159 913 5233 lta_
954 5168 1087 5212 mss.
1131 5150 1417 5224 potiores:
1451 5145 1540 5202 ubi
1588 5145 1642 5201 iu
1686 5142 1898 5200 excusis
1941 5151 1996 5198 et
2037 5138 2244 5212 aliquot

641 5230 780 5295 mss;
805 5230 1019 5306 patitur.

714 5284 1152 5382 tuest-ueniam
1190 5304 1270 5363 ει»
1301 5299 1510 5382 φαῖνε
1543 5303 1702 5382 sese.
1718 5284 2242 5382 tilitifsﬂ‘iiﬁff‘

642 5356 919 5445 ac‘et'iain,
940 5356 1271 5445 restituimus
1301 5356 1368 5445 ex
1392 5380 1523 5445 mss.
1554 5356 1650 5419 llic
1663 5356 2242 5445 verbum—demonstra:

645 5428 1092 5509 iiiidéiiisbnat,
1121 5440 1264 5512 quod
1294 5437 1631 5512 signiﬁcatur.
1663 5433 1729 5489 Et
1755 5434 2069 5503 plerumque
2100 5428 2236 5484 infra

644 5524 834 5581 eadem
860 5527 945 5576 est
966 5516 1117 5574 verbi
1142 5511 1304 5585 hujus
1329 5511 1427 5585 vis.

718 5572 1254 5668 (i)"tn‘aj._,_'s.cep_p
1284 5582 1415 5668 βω.
1453 5588 1846 5668 "90,99."_.'P§_:
1865 5572 1986 5668 lat;
2016 5573 2236 5668 hii-3‘."

644 5641 1014 5739 ριὲιίῖιιιῖιῖξίίἶ⁸
1033 5641 1420 5739 ᾖήίςέᾼᾶἀῇἰεᾼίιιιιῄι,
1452 5661 1516 5739 'ut
1550 5649 1658 5733 (vel
1687 5652 1757 5719 et)
1773 5648 1977 5739 into
2001 5641 2114 5739 Deo
2133 5660 2237 5739 ira:

647 5715 941 5794 unum
970 5715 1294 5803 significaret
1341 5715 1415 5783 et'
1441 5715 1748 5803 Dotriiuurit.'
1772 5718 1905 5803 Qum
1935 5717 2094 5803 Verbis
2132 5715 2236 5770 huc

645 5787 1082 5874 male—interimam
1103 5787 1424 5874 sinceriores
1442 5810 1579 5874 mss.
1601 5790 1756 5847 Coll).
1770 5788 1959 5874 ,Cafu:
1976 5798 2029 5843 et
2050 5787 2231 5874 Cerm.

646 5859 1293 5945 non—babeut,isuumque
1311 5871 1449 5928 intra
1471 5867 1648 5925 locum
1671 5873 1818 5922 recte
1841 5859 2107 5918 obtinent.

828 4580 978 4651 Lips.
1007 4585 1060 4634 et
1086 4572 1407 4651 Par._essent
1436 4586 1456 4623 :
1483 4562 2029 4651 renitentibushaliisn
2052 4562 2228 4651 libris.
2259 4565 2311 4626 D

2339 3965 2637 4053 Dominum.
2669 3979 3227 4053 {tantettettsunionem
3250 4022 3264 4045 ,
3288 3990 3348 4034 ut
3374 3979 3512 4035 Deus
3530 3973 3762 4052 singularis
3779 3968 3845 4053 {1"}

2339 4058 2430 4097 nec
2451 4051 2618 4127 tamen
2648 4046 2879 4127 dividens
2898 4050 3156 4119 spiritum.
3188 4063 3240 4127 ut
3264 4067 3478 4127 uterque
3503 4046 3750 4107 non'umtnt
3765 4046 3844 4096 sint.

2341 4118 2503 4195 paulo
2535 4127 2674 4195 post,
2703 4121 2886 4195 poterit
2919 4118 3016 4193 pro
3034 4125 3245 4195 poteris.

2415 4186 2499 4332 (6)
2537 4186 2665 4245 Iesu
2693 4186 2919 4248 Christo.

2441 4261 2472 4315 7
2540 4260 2793 4332 impium.
2823 4279 2919 4320 mo:

2441 4260 2498 4334 7)
2540 4260 2793 4347 lmpium.
2823 4269 3234 4392 mox-proiessus
3260 4277 3354 4323 est.

2441 4333 2498 4392 8)
2538 4330 2608 4388 Et
2630 4336 2959 4392 inseparabttt
2990 4356 3023 4392 a
3099 4348 3209 4392 atre
3234 4341 3300 4392 sit
3330 4340 3354 4392 ε

2417 4330 2498 4405 (8)
2538 4330 2608 4388 Et
2630 4330 3023 4408 inseparabiti'a
3050 4330 3209 4397 Patre
3234 4341 3300 4397 sit
3330 4339 3551 4414 Spiritu.

2409 4564 2487 4654 (ﬂ)
2526 4566 2583 4654 Ψ
2634 4567 2974 4654 νυιϐθῑὶεβς
3004 4569 3246 4654 pluribus
3297 4589 3576 4654 m_ss._non
3615 4581 3745 4654 unum
3760 4562 3848 4654 's‘iuf.

2337 4637 2395 4716 In
2421 4636 2647 4716 Martio.
2670 4636 2831 4696 unum
2850 4644 2975 4716 sint,
3006 4636 3205 4701 omissa
3231 4647 3495 4716 particula
3522 4648 3738 4715 negante.
3760 4636 3850 4716 ltcgf

2343 4712 2531 4839 nostin
2562 4714 2682 4769 aliis
2710 4730 2818 4771 non
2847 4703 3122 4773 inferioris
3146 4703 3309 4786 uotae,
3343 4737 3447 4775 non
3476 4703 3696 4780 unus'st'l.
3717 4703 3850 4777 ξυρριά

2343 4801 2468 4839 sum
2492 4802 2571 4839 us.

2340 4801 2571 4853 spiritus.

2415 4874 2497 4954 μ’)
2539 4874 2703 4945 Εάίιίν
2732 4895 2796 4954 ηε
2826 4888 3015 4946 “me”.
3067 4896 3191 4937 mox
3235 4893 3361 4954 post
3405 4884 3619 4940 verbum
3662 4876 3851 4954 profuit?

2342 4945 2663 5018 adj'ic'ientes
2705 4945 3100 5008 substantivum
3132 4945 3350 5012 est-Ex
3395 4956 3495 5013 hoc
3536 4945 3743 5010 alterove
3774 4945 3852 5018 loco

2346 5016 2497 5075 num.
2527 5021 2618 5084 55,
2651 5023 2740 5077 ubi
2771 5024 2822 5078 iu
2853 5024 2985 5081 edit.
3031 5025 3166 5082 Bad.
3194 5036 3251 5083 et
3278 5029 3651 5084 vetustioribus
3683 5031 3785 5091 ωδε.
3805 5016 3853 5091 ¹Ῡ⁴

2345 5108 2471 5163 gere
2492 5103 2578 5168 est
2597 5094 2833 5168 impium.
2864 5112 2972 5168 non
3011 5098 3245 5168 impiam,
3280 5115 3479 5156 nomen
3503 5094 3689 5155 uisionis
3707 5089 3852 5145 Hilario

2346 5166 2627 5221 masculini
2654 5169 2869 5237 generis
2893 5167 3057 5225 fuisse
3086 5166 3444 5243 suspicamur.

2416 5258 2480 5332 (i)
2518 5259 2576 5315 ln
2598 5261 2820 5332 antiquo
2862 5262 3053 5320 codice
3097 5261 3334 5321 Colbcrt.
3397 5262 3599 5321 Domini
3642 5256 3851 5315 veritatem.

2344 5331 2614 5407 Proxime,
2637 5331 2829 5407 habens
2842 5333 3054 5407 Domini
3074 5338 3466 5407 proprietatem,
3485 5337 3537 5392 id
3551 5344 3645 5397 est,
3660 5342 3758 5387 cum
3770 5336 3855 5407 PT:

2345 5404 2520 5530 prium
2563 5393 2617 5461 ei
2648 5405 2721 5461 sit
2749 5421 2872 5463 esse
2900 5393 3208 5472 Dominum,
3241 5411 3362 5481 quia
3404 5393 3521 5465 scil.
3550 5393 3672 5461 unus
3696 5409 3774 5479 esu
3803 5393 3854 5445 Εῖ

2387 5490 2450 5530 oc
2475 5478 2699 5530 forsitan
2725 5478 2848 5530 loco
2869 5492 3053 5530 supra.
3083 5498 3137 5530 η.
3167 5480 3255 5530 35-
3284 5496 3382 5530 nm
3410 5486 3658 5530 notestate.
3687 5474 3854 5530 υοδιιυιιι

2387 5490 2450 5532 oc
2475 5478 2699 5554 forsitan
2725 5478 2848 5534 loco
2869 5492 3053 5554 supra,
3083 5498 3137 5535 n.
3167 5474 3382 5554 35,'pro
3409 5486 3658 5554 potestate,
3685 5474 3854 5544 ροδίίυιιι

2343 5559 2460 5604 erat
2490 5551 2802 5622 proprietate
2834 5567 2848 5605 :
2876 5553 2971 5607 sed
2996 5568 3102 5608 non
3132 5568 3228 5624 par
3255 5551 3411 5611 ratio.

2416 5643 2488 5719 (i)
2530 5644 2587 5700 In
2618 5644 2807 5702 codice
2831 5644 2951 5705 Vat.
2981 5645 3097 5704 bas.
3124 5664 3189 5705 ac
3217 5648 3408 5706 Martio
3436 5646 3524 5704 hic
3557 5640 3784 5714 adjicitur,
3798 5642 3855 5682 se-

2342 5720 2569 5771 cundum
2596 5735 2822 5773 carnem.

2416 5788 2494 5866 (It)
2534 5787 2612 5845 Ita
2639 5772 2890 5866 melioris
2921 5803 3062 5866 notae
3108 5810 3240 5851 mss.
3283 5794 3355 5851 At
3395 5791 3533 5866 apud
3569 5772 3855 5866 ῃαάκεᾳηετ.

2342 5877 2375 5916 a
2400 5860 2555 5918 Patre
2569 5862 2756 5937 spiritu
2778 5878 2798 5920 .'
2823 5863 2966 5937 apud
2993 5865 3142 5938 Lips.
3167 5876 3224 5926 et
3249 5866 3372 5924 Par.
3393 5860 3619 5924 a'Patris
3642 5860 3805 5930 spirits-
