3988 6332
161 294 277 352 265

1379 293 1467 351 DE
1504 289 1883 351 TBINITATE
1908 289 2113 351 LIBER
2144 290 2281 349 Vlll.

3363 291 3476 353 286

163 412 330 467 Patre
370 405 625 480 Spiritus,
665 405 814 466 disce
843 406 1008 465 etiam
1038 406 1142 465 hoc
1182 405 1302 480 ipso
1347 407 1417 465 de
1464 424 1574 481 quo
1620 424 1763 465 nunc
1791 410 1844 472 Α
1870 410 2061 466 elarat.
2092 408 2334 480 Namque
2360 412 2482 478 post
2510 404 2637 462 illud
2676 404 2987 462 divitiarum
3012 411 3067 461 et
3091 404 3375 479 sapientia:
3416 418 3477 467 et

163 504 343 574 agitur
381 500 629 573 Apostoli
658 500 822 557 dicto.
853 500 1148 558 Confessus
1193 501 1338 558 enim
1385 503 1765 558 ttnum’Deum

161 605 378 669 patrem
407 611 475 652 ex
503 611 613 667 quo
642 595 823 651 omnia
857 604 1004 659 sunt,
1035 604 1093 652 et
1135 611 1301 651 unum
1344 594 1629 650 Dominum
1681 594 1772 650 Je-

161 706 285 747 sum
314 687 592 746 Christum
613 704 706 759 per
731 703 894 761 quem
914 689 1092 745 omnia
1114 703 1326 758 :quatro
1343 687 1469 759 quid
1489 688 1774 745 diversita-

162 785 234 841 tis
245 783 513 849 attulerit,
526 782 712 840 dicens
727 798 794 839 ex
810 780 1087 856 2411)εο
1101 782 1300 846 omnia,
1318 791 1371 838 et
1386 797 1485 854 per
1495 780 1768 837 Christum

162 878 351 934 omnia
369 877 412 949 (Ι
439 873 676 945 Comm,
700 875 800 948 6)?
822 882 974 932 Anne
1000 874 1074 949 (α)
1098 874 1266 948 possit
1294 874 1373 949 (l)
1399 874 1717 948 separabilis
1741 890 1773 930 a

163 986 227 1027 se
250 978 458 1025 natura:
474 978 529 1025 et
548 967 770 1040 spiritus
796 966 1022 1040 intelligi
1038 983 1106 1024 ex
1126 984 1256 1039 quo,
1287 976 1342 1024 et
1366 982 1460 1038 per
1471 983 1631 1039 quem
1657 981 1776 1024 om-

166 1062 503 1120 niaYOmnia
532 1062 679 1119 enim
704 1076 798 1133 per
822 1061 1016 1119 Filium
1036 1077 1104 1118 ex
1127 1061 1296 1123 nihilo
1317 1061 1705 1129 substiterunt,
1720 1067 1777 1118 et

165 1157 237 1215 ad
270 1156 441 1215 Deum
463 1173 527 1212 ea:
556 1171 659 1226 quo
684 1155 882 1223 omnia,
908 1153 975 1211 ad
997 1153 1193 1211 Filium
1221 1169 1349 1211 vero
1374 1170 1470 1227 per
1490 1169 1643 1224 quem
1668 1168 1779 1209 om-

168 1254 260 1309 nia
287 1249 585 1324 Apostolus
630 1250 704 1323 (ιο)
737 1250 940 1307 retulit.
973 1249 1039 1306 Et
1069 1264 1175 1307 non
1214 1248 1430 1305 invenio
1459 1248 1587 1321 quid
1616 1247 1775 1305 dill'c-

168 1357 280 1414 rat,
326 1361 450 1403 cum
480 1360 578 1417 per
603 1353 891 1414 utrumque
911 1359 1048 1416 opus
1068 1342 1140 1401 sit
1165 1343 1384 1400 virtutis
1403 1340 1671 1413 ejusdem.
1700 1341 1777 1399 -Si

169 1443 323 1500 enim
350 1440 420 1497 ad
452 1438 823 1497 universitatis
847 1438 1204 1496 substantiam
1235 1436 1512 1510 proprium
1539 1452 1603 1493 ac
1627 1435 1780 1492 suffi-

171 1540 332 1597 ciens
359 1537 628 1596 creaturis
660 1544 809 1594 esset
846 1534 991 1608 quod
1021 1550 1088 1592 ex
1112 1533 1228 1592 Deo
1254 1542 1412 1600 sunt;
1439 1531 1567 1603 quid
1595 1529 1782 1588 habuit

170 1632 519 1693 necessitatis
550 1644 901 1696 memorasse,
931 1628 1073 1701 quod
1114 1644 1235 1700 qua:
1260 1644 1331 1685 ex
1360 1627 1473 1683 Deo
1497 1635 1644 1692 sunt,
1685 1639 1782 1694 per

172 1726 459 1784 Christum
489 1724 623 1792 sint,
654 1722 756 1779 nisi
781 1722 923 1794 quod
948 1738 1114 1778 unum
1142 1720 1286 1779 idem
1314 1731 1397 1776 est
1421 1762 1436 1787 ,
1469 1735 1567 1790 per
1590 1717 1784 1773 Chris-

1878 503 2121 559 scicntitc
2148 503 2244 558 Dei
2270 510 2625 572 protestatum
2645 500 2988 572 profundum,
3013 500 3094 574 (4)
3124 512 3178 558 et
3205 503 3476 559 inserata—

1874 596 2061 651 bilium
2122 595 2450 666 jutliciurum
2517 595 2819 652 confessam
2872 593 2946 668 (f)
3007 595 3477 669 inintelligentiam

1882 689 2087 763 (Rom,
2119 706 2196 759 xr,
2225 691 2343 761 55),
2368 699 2423 746 et
2446 689 2957 761 ininvestigabilium
2985 691 3192 747 viarum
3229 692 3480 749 demons-

1880 796 2074 843 tratam
2093 785 2764 859 iguorationememana:
2786 793 2962 840 tamen
2980 783 3101 841 ﬁdei
3120 800 3251 841 usus
3272 784 3479 855 ofﬁcio,
3579 782 3589 791 ’

1879 879 2026 937 hunc
2050 879 2313 935 honorem
2332 877 2781 950 investigabilium
2805 884 2861 932 et
2880 876 3477 952 inscrutabiliumgﬁz

1879 974 2186 1032 caelestium
2213 979 2675 1030 sacramentorum
2699 969 2968 1041 profundo
2985 970 3240 1039 reddidit,
3260 971 3479 1029 dicens:

1882 1069 2140 1139 Quoniam
2161 1084 2225 1123 ea;
2246 1067 2381 1139 ipso,
2413 1076 2461 1122 et
2489 1083 2580 1137 per
2599 1066 2771 1137 ipsum
2794 1106 2810 1133 ,
2844 1074 2891 1121 et
2919 1064 2972 1120 in
3002 1065 3116 1136 ipso
3136 1074 3256 1146 sunt
3281 1066 3477 1133 omnia,

1878 1160 1979 1230 ipsi
2003 1160 2171 1231 gloria
2190 1161 2245 1215 in
2269 1160 2463 1215 alecula
2491 1158 2566 1233 (g)
2593 1176 2740 1214 amen
2771 1156 2963 1233 (Ibid.,
2989 1158 3080 1231 56)
3110 1175 3123 1212 :
3154 1157 3205 1216 id
3240 1175 3383 1216 nunc
3410 1160 3480 1216 ad

1880 1253 2042 1310 unius
2069 1261 2277 1310 natura:
2311 1252 2761 1326 signiﬁcationem
2787 1252 3055 1321 referens,
3081 1251 3226 1324 quod
3247 1268 3353 1309 non
3379 1252 3483 1310 nisi

1882 1361 2017 1419 opus
2040 1347 2198 1402 unius
2223 1347 2396 1419 possit
2425 1360 2555 1411 esse,
2568 1355 2801 1402 naturae.

1954 1442 2045 1499 59.
2073 1439 2374 1513 Epilogus:
2417 1456 2482 1496 ea:
2507 1439 2770 1512 praedictis
2796 1438 2957 1495 Pauli
2985 1440 3112 1496 locis
3131 1440 3258 1512 quid
3281 1442 3494 1513 confec-

1884 1544 1990 1590 tum
2015 1535 2103 1589 sit.
2131 1562 2202 1575 ——
2222 1532 2357 1589 Cum
2383 1530 2526 1589 enim
2553 1532 2866 1604 specialiter
2890 1532 3002 1589 Deo
3029 1531 3081 1588 id
3111 1531 3491 1605 adscripserit,

1883 1638 1943 1685 ut
1970 1644 2034 1685 ex
2058 1643 2124 1685 eo
2165 1628 2389 1693 omnia;
2445 1637 2500 1685 et
2524 1627 2801 1700 proprium
2831 1626 3052 1683 Christo
3077 1627 3334 1686 detulerit
3362 1670 3378 1693 ,
3433 1636 3497 1685 ut

1886 1736 1981 1793 per
2011 1735 2132 1776 cum
2162 1720 2375 1785 omnia;
2409 1725 2465 1773 et
2492 1734 2635 1774 nunc
2662 1719 2837 1775 honor
2860 1719 2954 1775 Dei
2984 1719 3073 1785 sit,
3102 1720 3243 1789 quod
3274 1735 3342 1777 ex
3368 1718 3493 1791 ipso

176 1830 294 1877 tum
317 1834 440 1877 esse
467 1826 522 1875 et
541 1833 607 1872 ex
635 1815 749 1872 Deo
770 1814 933 1871 esse?
962 1813 1070 1871 Sed
1098 1812 1554 1884 quemadmodum
1575 1807 1649 1884 (c)
1676 1809 1783 1865 Do-
1811 1824 1862 1886 Β
1886 1821 1943 1870 et
1986 1826 2084 1883 per
2109 1813 2285 1882 ipsum
2315 1819 2373 1868 et
2402 1812 2453 1866 in
2482 1811 2601 1885 ipso
2628 1812 2736 1867 sint
2763 1813 2939 1867 omnia
2972 1830 2987 1881 ;
3014 1820 3069 1867 et
3111 1826 3231 1868 cum
3260 1811 3496 1884 Spiritus

173 1915 390 1971 minum
416 1921 472 1970 et
512 1912 683 1968 Deum
713 1907 930 1979 utrique
974 1923 1181 1974 eorum,
1216 1914 1277 1962 ut
1320 1914 1565 1961 mutuum
1606 1912 1781 1969 esset,

177 2008 515 2077 adscrime
560 2012 682 2061 est:
715 2003 786 2059 ita
826 2018 892 2058 ea:
915 2018 1013 2073 quo
1054 2008 1110 2058 et
1156 2016 1247 2071 per
1263 2015 1414 2072 quem
1453 1997 1682 2055 relatum
1714 1995 1783 2051 ad

182 2112 481 2172 utrumque
502 2107 604 2164 est,
630 2107 685 2154 et
706 2097 775 2153 ad
800 2092 1318 2152 demonstrationem
1341 2092 1563 2148 unitatis
1585 2092 1784 2146 utrius-

188 2210 453 2271 que,lnec
475 2192 539 2250 ad
582 2192 994 2264 intelligentiam
1025 2188 1337 2261 singularis.
1366 2187 1483 2243 Non
1534 2194 1681 2258 patet
1715 2183 1786 2271 ad

184 2288 533 2346 occasionem
562 2285 853 2357 impietatis
886 2281 967 2358 (ἢ)
994 2281 1162 2353 ipsius
1195 2280 1273 2355 (ά)
1321 2295 1536 2348 sermo,
1567 2288 1623 2336 et
1655 2292 1789 2350 apo-

179 2383 385 2442 stolica
413 2381 546 2438 ﬁdes
572 2395 678 2437 non
707 2387 790 2436 est
817 2385 971 2435 extra
999 2374 1397 2449 praedicationis
1423 2373 1785 2446 diligentiam.

156 2476 289 2533 ’His
337 2476 480 2533 enim
527 2489 587 2531 se
629 2472 921 2529 verborum
968 2469 1388 2543 proprietatibus
1425 2466 1791 2539 temperavit,

178 2569 389 2643 quibus
416 2584 518 2625 nec
562 2566 697 2624 duos
745 2566 878 2623 deos
917 2565 1311 2636 intelligeretur
1346 2563 1675 2635 signiﬁcare,
1702 2576 1796 2619 ne-

178 2679 299 2736 que
327 2662 581 2718 unicum:
623 2660 753 2717 dum
785 2669 840 2716 et
867 2658 1119 2715 unionem
1145 2657 1468 2724 detestatur,
1501 2671 1602 2713 nec
1648 2670 1799 2727 sepa-

181 2768 280 2816 rat
300 2756 593 2823 unitatem,
609 2755 711 2812 hoc
739 2755 883 2811 enim
906 2770 971 2809 ea:
993 2768 1094 2823 quo
1117 2752 1309 2813 omnia.
1330 2760 1384 2808 et
1402 2768 1490 2823 per
1516 2767 1665 2823 quem
1688 2766 1799 2805 ont-

186 2853 306 2920 nia,
343 2850 471 2907 licet
500 2864 608 2906 non
656 2847 983 2921 singularem
1032 2845 1389 2902 constitueret
1430 2846 1485 2901 in
1532 2851 1802 2916 potestate

184 2946 435 3010 virtutis,
466 2959 572 2999 non
597 2952 776 2998 tamen
807 2940 1080 2997 diversum
1105 2940 1508 2996 demonstraret
1537 2937 1617 3011 (5)
1648 2939 1701 2993 in
1725 2937 1801 3011 (e)

183 3035 495 3095 efﬁcientia
523 3051 539 3103 ;
583 3049 704 3091 cum
734 3050 798 3089 ea;
815 3049 917 3107 quo
944 3032 1118 3087 omnia
1140 3072 1157 3098 ,
1202 3040 1257 3088 et
1294 3047 1384 3102 per
1413 3046 1564 3103 quem
1607 3030 1802 3097 omnia,

187 3110 446 3202 ejusdem
511 3138 717 3186 naturae
778 3125 845 3184 ad
921 3126 975 3183 id
1036 3124 1435 3182 demonstraret
1502 3136 1801 3182 auctorem.

1891 1905 1986 1961 Dei
2015 1905 2159 1962 idem
2190 1906 2261 1960 sit
2287 1918 2339 1961 et
2366 1904 2600 1975 Spiritus
2626 1903 2863 1970 Christi;
2901 1905 2988 1961 vel
3027 1920 3149 1961 cum
3180 1906 3260 1978 (Ιι)
3295 1906 3349 1961 in
3389 1905 3498 1963 mi-

1892 1998 2117 2055 nisterio
2148 1997 2359 2054 Domini
2381 2008 2433 2054 et
2458 1996 2539 2072 (5)
2563 1999 2617 2053 in
2642 1999 2959 2069 operatione
2977 1998 3070 2055 Dei
3099 1999 3334 2071 Spiritus
3357 2016 3499 2059 unus

1890 2100 2146 2163 operetur
2174 2101 2227 2148 et
2246 2090 2471 2159 dividat,
2501 2106 2607 2147 non
2630 2100 2857 2163 possunt
2883 2108 2988 2149 non
3011 2109 3175 2150 unum
3192 2110 3336 2164 esse,
3359 2111 3501 2169 quo-

1892 2201 2014 2242 rum
2041 2184 2256 2257 prapria
2287 2185 2447 2242 unius
2476 2195 2601 2241 sunt
2627 2201 2642 2252 ;
2672 2200 2795 2242 cum
2834 2186 2888 2241 in
2916 2187 3109 2243 eodem
3138 2187 3367 2246 Domino
3410 2190 3504 2247 Fi-

1893 2278 1988 2344 lio,
2016 2286 2072 2334 et
2101 2279 2155 2333 in
2183 2276 2377 2334 eodem
2408 2279 2518 2334 Deo
2546 2278 2702 2334 Patre
2724 2320 2741 2347 ,
2790 2294 2932 2335 unus
2967 2288 3128 2352 atque
3156 2280 3301 2339 idem
3329 2282 3505 2353 Spiri-

1897 2380 1983 2427 tus
2012 2369 2090 2444 (6)
2122 2372 2174 2426 in
2202 2368 2263 2443 (i)
2293 2370 2483 2428 eodem
2509 2370 2714 2440 Spiritu
2742 2380 2932 2428 sancto
2950 2372 3220 2439 dividens,
3247 2375 3504 2434 universa

1897 2467 2160 2540 perliciat.
2194 2466 2237 2521 0
2263 2465 2458 2539 dignus
2489 2466 2580 2522 ille
2618 2482 2934 2538 magnorum
2980 2476 3033 2524 ct
3081 2468 3384 2527 caelestium
3414 2486 3507 2528 ar—

1896 2575 2156 2617 canorum
2178 2558 2534 2624 conscientia,
2574 2567 2627 2615 et
2653 2569 2962 2632 assumptus
3004 2570 3335 2620 secretorum
3362 2564 3507 2621 divi-

1900 2667 2094 2709 norum
2119 2651 2433 2722 electusque
2456 2651 2751 2722 particeps,
2773 2666 2836 2708 ea
2867 2651 2978 2723 ipsa
3004 2652 3074 2728 (j)
3102 2653 3278 2711 illiciti
3302 2655 3510 2727 eloquii

1899 2747 2117 2804 silentio
2147 2745 2457 2803 necessario
2488 2756 2693 2814 tacens,
2725 2755 2782 2802 et
2809 2761 2939 2802 vere
2966 2747 3260 2820 Apostolus
3283 2747 3508 2821 Christi,

1902 2841 2045 2914 quali
2070 2840 2319 2896 humana:
2345 2839 2722 2912 perversitatis
2748 2840 2959 2911 ingenia
2985 2840 3220 2898 absoluti
3244 2844 3515 2902 sermonis

1904 2933 1991 2992 sui
2022 2933 2409 3006 praedicatione
2435 2932 2723 2998 conclusit,
2758 2949 2922 2988 unum
2952 2933 3167 2991 Patrem
3217 2936 3387 2993 Deum
3412 2979 3427 3003 ,
3457 2946 3517 2994 et:

1905 3044 2070 3085 unum
2104 3026 2388 3081 Dominum
2419 3023 2603 3081 Iesum
2634 3023 2910 3079 Christum
2956 3026 3296 3097 conﬁtendo;
3329 3036 3389 3084 ut
3431 3028 3517 3086 in-

1911 3130 1993 3176 ter
2015 3118 2132 3175 haec
2158 3118 2237 3192 (7)
2266 3131 2367 3172 nec
2395 3115 2534 3171 duos
2560 3115 2638 3188 (lt)
2666 3115 2949 3187 quisquam
2979 3118 3151 3188 possit
3175 3118 3471 3189 praedicare
3492 3160 3516 3191 ,

186 3222 508 3294 Utrumque
531 3230 712 3278 autem
738 3218 983 3292 ejusdem
1021 3226 1225 3275 natura:
1252 3217 1530 3291 proprium
1560 3234 1685 3278 esse
1707 3218 1805 3276 de-
1833 3211 1878 3276 C
1913 3229 2089 3286 neque
2116 3211 2331 3268 unicum
2368 3227 2382 3264 :
2415 3224 2537 3265 cum
2568 3218 2746 3265 tamen
2780 3209 2869 3280 qui
2899 3223 3008 3266 non
3040 3210 3229 3267 unicus
3257 3220 3378 3279 est,
3407 3227 3517 3269 non

304 3358 363 3432 ᾖ)
393 3357 686 3432 Separabili
712 3375 745 3412 a
768 3373 824 3432 se
849 3365 1035 3432 natura
1061 3367 1108 3411 et
1125 3356 1335 3427 spiritu.

304 3360 327 3415 Ι
393 3358 686 3432 Separabili
712 3375 745 3412 a
768 3373 824 3413 se
849 3365 1035 3412 natura
1061 3367 1108 3411 et
1125 3358 1335 3427 spiritu.

274 3358 364 3504 (2;
394 3429 521 3486 Pius
542 3446 732 3487 sermo.
763 3428 932 3486 Paulo
961 3437 1102 3501 post,
1131 3439 1187 3485 ut
1214 3446 1306 3486 nec
1338 3429 1471 3486 duos
1499 3442 1598 3502 pro
1622 3429 1807 3502 quibus

194 3520 299 3561 nec
328 3505 480 3559 duos.

278 3574 370 3721 (5)
396 3575 467 3629 In
491 3572 777 3659 eﬂicientia!
800 3581 1075 3701 Lotestate.
1302 3645 1315 3658 .
1359 3644 1371 3657 .
1522 3645 1534 3658 .
1642 3646 1652 3659 ι

304 3647 365 3720 4)
391 3645 461 3701 Et
504 3655 799 3703 merserula
855 3647 1001 3702 ltum.
1024 3644 1146 3702 Mox
1196 3653 1245 3701 et
1295 3644 1651 3718 ttttnvesttgabt

304 3644 365 3720 4)
391 3645 461 3701 Et
504 3644 1146 3703 ineuscrutabilium.ﬂox
1196 3653 1245 3701 et
1295 3644 1807 3718 ininvestigabilium,

280 3779 490 3856 (a)_Ms.
517 3778 682 3840 Corb.
707 3782 777 3839 ab
812 3783 1234 3856 antiquaumanu
1271 3780 1511 3839 secunda
1533 3822 1548 3847 ,
1595 3782 1813 3856 possint.

195 3853 517 3928 Dcin'dedin
548 3856 784 3928 excusis,
810 3853 1174 3928 separabilisa
1203 3870 1257 3909 se
1284 3865 1471 3909 natura
1499 3863 1544 3908 et
1579 3854 1812 3928 spiritus.

195 3929 266 3987 In
291 3926 547 3983 omnibus
572 3927 686 3982 fere
711 3942 841 3983 mss.
866 3925 1148 3996 'separabili
1174 3944 1208 3981 a
1231 3941 1285 3981 se
1306 3936 1493 3981 natura
1511 3935 1557 3980 et
1578 3925 1767 3996 spiritu
1797 3942 1811 3980 :

196 3999 410 4072 quibus
431 3999 608 4054 verbis
626 3996 788 4072 Cara.
808 3998 1249 4072 praepositionem
1263 3999 1319 4053 in
1338 3997 1617 4072 praeﬁxum
1632 3997 1814 4053 habet.

196 4069 508 4142 Sequimur
537 4069 837 4142 (exemplar
887 4069 1009 4126 Vat.
1050 4069 1168 4125 bas.
1214 4069 1464 4140 quamvis
1492 4079 1816 4126 czeterorutn

198 4140 507 4200 lectionem
534 4140 675 4196 haud
706 4140 850 4196 aliud
874 4150 1156 4196 scitantem
1183 4158 1287 4195 non
1318 4154 1655 4209 rt'spuantus.

290 4214 370 4286 (ὁ)
402 4213 571 4286 Editi,
599 4214 849 4286 retulerjt.
879 4212 1070 4286 Melius
1098 4226 1228 4267 mss.
1255 4212 1451 4267 retulit.
1484 4212 1594 4266 llas
1619 4225 1816 4280 voces,

200 4304 282 4344 ex
310 4283 642 4357 quofomuia,
674 4285 739 4339 ad
769 4283 1018 4352 Patrem,
1047 4283 1179 4339 istas
1202 4299 1360 4357 vero,
1395 4300 1487 4354 per
1513 4299 1667 4354 quem
1706 4300 1821 4357 om-

202 4355 344 4425 nia,
373 4356 440 4412 ad
489 4355 683 4411 Filium
727 4357 981 4412 retulisse
1010 4355 1306 4427 Apostolus
1351 4363 1653 4411 enarratur.
1699 4356 1822 4411 Mox

203 4429 354 4488 Bad.
380 4438 437 4483 et
458 4427 579 4494 Er.,
595 4444 713 4482 eum
731 4436 1008 4500 utrumque
1032 4428 1273 4500 apposuit
1294 4427 1418 4496 (duo
1438 4441 1569 4483 mss.
1594 4443 1710 4482 cum
1733 4443 1825 4500 per

201 4512 497 4573 utrumque
522 4499 782 4571 opposuit)
804 4497 1010 4573 virtutis
1026 4497 1261 4573 ejusdem
1281 4513 1302 4555 :
1324 4499 1613 4573 mendose.

296 4572 370 4646 (c)
398 4570 683 4646 _Vat._bas.
716 4586 820 4646 ms.
851 4587 942 4643 per
974 4570 1276 4646 Dominum.
1322 4570 1590 4627 Malumus
1617 4570 1827 4643 simpli-

203 4642 362 4703 citer
388 4642 689 4708 Dominum,
720 4642 884 4698 tacito
912 4642 1078 4699 verbo
1100 4659 1226 4698 esse.

297 4713 380 4790 (ά)
416 4715 556 4770 Editi
585 4714 964 4790 exceptoPar.
995 4729 1118 4790 cum
1150 4714 1356 4790 aliquot
1376 4727 1512 4790 mss.
1540 4714 1678 4787 pius.
1721 4713 1829 4790 Be-

206 4785 464 4845 tinemus
493 4800 617 4841 cum
643 4785 1030 4842 vetustioribus
1075 4786 1242 4854 ipsius
1267 4828 1283 4852 ,
1336 4785 1388 4840 id
1414 4795 1497 4841 est
1540 4785 1782 4855 Apostoli
1813 4803 1827 4840 :

214 4860 326 4918 ubi
358 4857 596 4928 pessime
623 4858 676 4913 in
702 4872 833 4914 mss.
869 4857 989 4912 Vat.
1025 4857 1164 4919 bas.,
1188 4872 1314 4912 sure.

300 4930 380 5001 (ε)
412 4928 492 4985 Ita
517 4928 891 5001 castigatiores
932 4943 1090 5001 mss,
1120 4928 1262 5001 Editi
1294 4944 1444 4994 vero,
1470 4929 1525 4983 in
1554 4929 1835 5000 eﬁicientice

205 4999 516 5080 potestate:
542 5000 759 5080 Mytin.
795 5016 899 5080 ms.
919 5000 976 5054 in
1003 4999 1297 5080 efﬁcientia:
1328 4999 1650 5080 potestatem.

304 5074 379 5149 (Γ)
406 5072 574 5149 Bad.,
593 5070 813 5149 Paraac
846 5070 1207 5149 plures’mssq
1228 5072 1625 5149 intelligentiam
1643 5088 1662 5128 :
1677 5072 1842 5149 casti-

205 5142 430 5223 gan't'ur
445 5159 513 5223 ex
539 5145 652 5223 Er_.,
684 5143 830 5223 ps.
849 5142 909 5200 et
930 5142 1247 5223 mss._Corb.
1271 5142 1654 5223 Moxjeposuit
1678 5145 1842 5223 Eras-

206 5214 355 5278 i'nus
380 5215 887 5288 ininvestigabilium.
912 5232 1034 5273 cum
1066 5216 1119 5288 in
1142 5230 1274 5271 mss.
1303 5223 1357 5270 et
1385 5214 1516 5271 Bad.
1554 5224 1730 5288 exstet
1758 5219 1839 5272 in-

207 5286 633 5361 uestigabilium.
661 5287 743 5361 Illi
773 5302 948 5344 tamen
989 5286 1313 5361 suffragatur
1340 5302 1483 5361 unus
1522 5302 1623 5343 ms.
1653 5286 1836 5354 Colb.,

208 5365 332 5421 lib.
363 5357 429 5426 'x,
462 5376 518 5415 n.
549 5358 639 5415 69.
677 5357 786 5415 Usu
818 5375 977 5429 porro
999 5359 1083 5415 vel
1111 5360 1283 5415 abusu
1306 5360 1616 5430 experimur
1639 5374 1834 5415 nomen

207 5431 613 5503 investigabilis
643 5430 748 5485 vim
777 5433 1019 5503 obtinere
1050 5430 1304 5502 negandi,
1335 5430 1579 5502 quamvis
1612 5431 1834 5488 verbum

213 5501 551 5573 investigare
582 5501 775 5558 habeat
803 5501 1126 5559 affirmandi.

309 5578 391 5649 (g)
406 5572 487 5649 lta
506 5573 784 5631 veterrimi
810 5590 937 5631 mss.
960 5574 1085 5630 Vat.
1103 5576 1240 5641 bas.,
1253 5572 1431 5649 Colb.,
1448 5574 1685 5649 Martin.,
1700 5585 1805 5632 etc.
1819 5616 1835 5644 ,

215 5647 622 5708 consentiente
647 5661 804 5719 sacro
829 5655 977 5703 textu
998 5661 1177 5719 graeco
1207 5656 1262 5702 et
1287 5647 1472 5703 latino.
1501 5651 1571 5703 At
1600 5647 1654 5703 in
1676 5662 1841 5704 excu-

214 5722 347 5787 sis,
368 5720 560 5775 uacula
580 5718 888 5774 saeculorum
910 5761 927 5787 ,
968 5717 1171 5775 omisso
1197 5736 1367 5778 amen.

318 5763 1503 5865 ῖιιῖῇἷίᾶᾰῶιῖὲἲίιὲἓῖξεᾷᾕὶἶζᾞἶίὂᾟὲωῑς.
1527 5800 1582 5849 et
1609 5790 1844 5865 Theotl.,

1913 3352 2423 3429 quodjpraetulimus
2452 3350 2721 3429 superiori
2751 3349 3012 3422 lectioni,
3062 3352 3517 3429 investigabilium.

1914 3423 2121 3486 Deinde
2149 3423 2697 3496 imperscrutabilium.

1988 3499 2066 3570 (5)
2099 3496 2168 3570 In
2205 3495 2395 3570 spiritu
2424 3495 2537 3570 Dei.

2015 3567 2073 3639 6')
2096 3569 2165 3626 In
2193 3567 2251 3626 eo
2283 3567 2488 3639 Spiritu
2513 3577 2713 3624 sancto.

2015 3642 2068 3716 7)
2097 3640 2209 3698 Nec
2233 3641 2362 3696 duos
2383 3638 2521 3697 Deos
2548 3642 2816 3713 quisquam
2840 3653 3029 3714 posset.

1926 3779 2156 3855 Spiritus
2184 3780 2285 3836 Dei
2314 3779 2723 3855 Spiritusunus,
2739 3792 2872 3852 etc.,
2895 3798 3017 3854 qua:
3044 3783 3227 3850 lectio,
3250 3784 3416 3843 etiam
3452 3784 3527 3845 ad

1924 3850 2146 3926 liinbum
2178 3868 2279 3926 ms.
2312 3850 2475 3909 Gorb.
2514 3854 2583 3909 ab
2610 3852 2829 3926 antiqua
2859 3850 3042 3910 manu
3069 3856 3361 3925 adscripta.
3412 3872 3527 3915 non

1926 3924 2176 3996 displicet
2206 3925 2309 3981 hoc
2329 3939 2516 3988 sensu,
2545 3934 2605 3981 ut
2642 3924 2770 3982 licet
2798 3926 2849 3981 in
2877 3926 3191 3983 ministeriis
3221 3924 3528 3987 dividendis

1928 3997 2162 4069 Spiritus
2187 3998 2257 4052 sit
2280 3996 2528 4063 Domini,
2570 4005 2625 4051 et
2652 3998 2729 4069 in
2748 3998 3018 4068 Iargienda
3048 4000 3366 4069 operatione
3395 4000 3525 4068 Spi-

1927 4068 2064 4141 ritus
2094 4069 2220 4132 Dei,
2264 4083 2404 4124 unus
2435 4080 2614 4141 tamen
2642 4068 2875 4138 Spiritus
2919 4080 2974 4126 et
2996 4068 3257 4141 operetur
3298 4078 3355 4127 et
3382 4071 3524 4128 divi-

1926 4140 2038 4195 dat.
2070 4141 2126 4196 ln
2145 4141 2439 4195 vetustiore
2451 4137 2604 4211 Coll).
2631 4137 2838 4196 necnon
2858 4137 3288 4208 Martiri.,Carn.,
3309 4142 3529 4211 Germ.,‘

1925 4211 2288 4275 Vintl.,Corb.
2315 4226 2363 4282 et
2397 4226 2505 4266 uno
2531 4209 2737 4277 Vatic.,
2756 4229 2873 4267 cum
2898 4214 2952 4267 in
2975 4214 3261 4269 ministerio
3290 4209 3523 4282 Domini,

1925 4293 1971 4339 et
2000 4284 2053 4337 in
2080 4283 2288 4355 Spiritu
2314 4281 2414 4338 Dei
2444 4282 2675 4353 Spiritus
2697 4301 2853 4339 unus.
2882 4284 2964 4356 Ex
2999 4286 3197 4356 quibus
3226 4286 3369 4355 apud
3400 4286 3525 4342 Par.

1928 4354 2158 4429 positura
2182 4368 2294 4429 est,
2327 4372 2441 4429 cum
2491 4356 2549 4429 in
2577 4357 2863 4429 ministerio
2891 4354 3126 4420 Domini,
3157 4369 3206 4414 et
3230 4428 3233 4429 ν
3261 4354 3317 4411 in
3339 4375 3531 4429 opera-

1928 4424 2063 4482 tione
2094 4424 2211 4496 Dei,
2243 4438 2291 4482 et
2319 4430 2373 4482 in
2403 4426 2610 4495 Spiritu
2639 4425 2745 4499 Dei
2771 4428 2999 4499 Spiritus
3033 4446 3186 4484 unus.
3217 4424 3530 4486 Lectionem

1926 4515 2088 4570 quam
2120 4514 2442 4573 revocamus
2466 4514 2530 4555 ex
2563 4498 2687 4573 aliis
2707 4500 2851 4573 edit.
2867 4512 2918 4557 et
2948 4500 3218 4573 aliquibus
3239 4517 3372 4557 mss.
3399 4518 3533 4557 con-

1932 4573 2145 4645 firmant
2177 4572 2292 4645 haec
2319 4587 2483 4645 Anum.
2514 4571 2580 4645 ξι
2608 4588 2621 4624 :
2652 4570 2996 4642 Apprehende
3017 4570 3053 4645 1'
3083 4573 3127 4627 si
3154 4583 3318 4645 potes,
3352 4573 3535 4628 Domi-

1852 4639 1908 4700 D
1933 4660 2054 4697 num
2095 4644 2151 4696 in
2179 4642 2427 4698 divisione
2456 4639 2875 4710 ministeriorum,
2926 4653 2974 4697 et
3003 4639 3166 4698 Deum
3196 4646 3252 4698 in
3279 4645 3534 4700 divisione

1933 4714 2290 4783 operationum
2313 4716 2448 4768 hunc
2474 4714 2889 4787 eumdemunum
2911 4731 3023 4771 esse
3045 4715 3324 4787 Spiritum,
3349 4728 3395 4772 et
3418 4718 3534 4773 ino-

1935 4800 2217 4858 perantem,
2248 4796 2297 4840 et
2318 4798 2469 4858 prout
2492 4787 2601 4858 putt
2628 4786 2955 4842 dividentem.

2007 4859 2072 4928 (i)
2100 4858 2258 4925 Bad.,
2290 4856 2385 4932 Er.
2415 4866 2471 4932 et
2490 4856 2637 4932 Lips.
2657 4858 2723 4932 in
2743 4859 2919 4913 eodem
2947 4859 3172 4932 Spiritu,
3196 4860 3315 4917 sine
3327 4870 3527 4916 sancto.

1936 4927 2163 5004 Carnut.
2203 4929 2375 5004 codex
2396 4969 2410 4995 ,
2431 4927 2490 4983 in
2521 4927 2728 5004 Spiritu
2751 4941 2948 5004 sancto,
2981 4927 3101 4988 sine
3129 4933 3327 5004 eodem,
3375 4934 3534 5004 cujus

1938 5001 2088 5058 vocis
2109 5014 2216 5057 tres
2247 5002 2439 5056 littera:
2471 5002 2800 5075 posteriores
2823 5000 2875 5057 in
2918 5006 3138 5075 antiquo
3162 5002 3319 5060 Celb.
3354 5000 3533 5073 prisco

1941 5081 2399 5146 rnoreAexpunclm
2420 5082 2565 5146 sunt,
2601 5073 2651 5146 id
2680 5084 2783 5140 est,
2818 5079 3028 5145 punctis
3053 5073 3315 5146 subjectis
3340 5090 3535 5144 super-

1941 5144 2418 5218 llum‘iudicantur.
2450 5143 2606 5218 Unde
2626 5143 2849 5218 Martia.
2875 5156 2930 5202 et
2958 5147 3049 5203 alii
3072 5143 3201 5203 mss.
3233 5163 3399 5218 prope
3416 5143 3537 5202 om-

1943 5231 2041 5272 nes
2072 5216 2291 5279 habent,
2320 5218 2374 5271 in
2403 5231 2462 5270 eo
2488 5214 2693 5284 Spiritu
2718 5228 2915 5273 sancto.

2015 5285 2088 5361 (j)
2119 5288 2230 5362 line
2256 5296 2516 5362 est,_qnae
2544 5298 2668 5342 sunt
2696 5287 2872 5345 illiciti
2901 5290 3246 5362 eloquiitseu
3277 5304 3400 5362 quae
3425 5303 3535 5346 non

1942 5359 2073 5415 licet
2098 5359 2301 5431 eloqui.
2336 5359 2414 5417 Ne
2441 5374 2571 5415 vero
2600 5362 2797 5431 legeris
2816 5378 2938 5416 cum
2976 5359 3099 5417 cod.
3133 5360 3250 5416 Vat.
3281 5360 3395 5415 bas.
3430 5362 3540 5417 illi-

1942 5433 2044 5485 cita
2073 5430 2262 5501 eloqui,
2295 5447 2433 5488 neve
2456 5430 2931 5501 deimle’prmferas
2959 5448 3081 5489 cum
3123 5431 3279 5501 Vind.
3327 5448 3542 5491 necnon

1945 5502 2079 5559 Bad.
2112 5498 2307 5573 et'Er.,
2333 5513 2583 5573 statuens,
2616 5498 2699 5560 vel
2726 5520 2846 5559 cum
2870 5520 2978 5561 uno
3004 5502 3156 5560 Colb.
3187 5498 3405 5576 parens,
3441 5521 3542 5577 pro

1946 5586 2138 5631 tacens.

2023 5646 2178 5722 (k)rlu
2200 5647 2323 5722 cod.
2347 5645 2480 5722 Vat.
2497 5646 2642 5714 bas.,
2664 5646 2922 5722 Mar_t_in.,_
2942 5647 3173 5720 aliisque
3198 5646 3412 5704 duobus
3440 5646 3551 5707 Va-

1952 5719 2044 5777 tic.
2078 5721 2208 5775 duos
2239 5720 2377 5793 deos.
2418 5719 2589 5793 Abest
2628 5719 2699 5775 ab
2736 5719 2861 5775 aliis
2888 5720 3056 5777 deos:
3090 5719 3221 5777 cum
3263 5737 3368 5793 qua
3412 5737 3551 5779 voce

1952 5806 2302 5867 suppressum
2326 5791 2339 5843 i
2348 5790 2626 5867 intelligere
2646 5802 2730 5851 ρει
2752 5802 2841 5849 aut
2862 5793 3117 5862 dominos,
3146 5790 3294 5867 puta,
3311 5810 3402 5850 nec
3423 5793 3555 5854 duos

217 5859 473 5924 celsum
501 5862 556 5918 in
579 5863 862 5919 ministerio
882 5861 1112 5935 Spiritus
1139 5859 1375 5937 Domini,
1396 5874 1444 5922 et
1457 5859 1525 5920 in
1550 5863 1851 5937 operatione
1955 5859 2077 5920 deos
2105 5873 2195 5921 aut
2221 5861 2474 5919 dominos.

540 5958 821 6024 PATBOL.
891 5958 976 6022 X.

3031 5960 3073 6031 9
