3988 6332
603 314 714 372 267

1826 303 2074 368 8ΑΝΟΤ1
2114 302 2374 366 HILARII
2415 305 2725 373 EPISCOPI

3723 335 3795 404 268

604 437 660 492 in
687 437 824 493 duos
845 437 1163 510 proﬁceret;
1189 449 1290 494 nec
1327 435 1418 510 qui
1443 435 1552 492 duo
1594 449 1704 494 non
1743 445 1891 506 sunt,
1925 437 2203 495 solitarius
2230 431 2282 493 Α
2308 433 2620 491 scansionem
2660 437 2712 492 in
2740 437 2950 513 caelum)
2996 455 3118 514 quae
3144 456 3433 517 corporeus
3465 445 3514 507 in
3539 456 3700 516 mundo
3723 480 3799 523 nta-

604 539 792 603 posset
820 531 1074 602 intelligi;
1103 539 1157 588 et
1184 530 1324 588 inter
1347 529 1465 588 haec
1505 529 1797 602 perfectam
1839 531 2039 588 Christi
2068 532 2210 588 nati-

603 625 826 684 vitatem
855 635 1007 694 pater
1027 626 1430 684 demonstratus
1455 627 1802 684 ostenderet!

673 720 763 776 40.
801 718 1076 776 Hiereticis
1104 737 1200 776 nec
1229 720 1378 792 ﬁdes,
1412 738 1502 777 nec
1531 738 1647 792 spes
1671 764 1684 787 ,
1717 736 1810 776 nec
1836 721 2110 793 baptisma.
2134 751 2207 764 -—

604 814 892 872 Extendite
921 829 1065 872 nunc
1089 815 1326 872 vibratas
1361 816 1535 872 sibilis
1563 816 1791 888 linguas,
1823 815 2061 872 haeretici
2093 831 2207 872 ser-

603 921 813 980 pentes,
863 910 978 966 sive
1003 909 1246 977 Sabelli,
1296 911 1410 967 sive
1468 910 1728 976 Photine,
1777 911 1893 966 sive
1922 909 2017 982 qui
2062 925 2206 967 nunc

597 1016 902 1062 creaturam
933 1021 1054 1062 esse
1082 1006 1420 1078 unigenitum
1438 1006 1608 1062 Deum
1642 1005 1967 1077 praedicatis.
2011 1005 2206 1064 Audiet

597 1117 763 1159 unum
795 1100 966 1160 Deum
1021 1109 1263 1172 patrem,
1313 1101 1558 1173 quisquis
1602 1109 1762 1173 negat
1809 1099 2019 1156 lilium:
2075 1100 2205 1172 quia

597 1211 720 1252 cum
752 1195 912 1251 Pater
939 1209 1047 1251 non
1069 1195 1172 1250 nisi
1205 1209 1301 1266 per
1333 1193 1502 1250 lilium
1527 1201 1678 1265 pater
1716 1193 1808 1259 sit,
1841 1192 2014 1250 Filius
2039 1191 2202 1268 25,3

596 1305 693 1361 per
726 1289 780 1346 id
809 1289 1143 1362 signiﬁcatur
1170 1290 1224 1344 in
1266 1289 1443 1346 Patre.
1492 1289 1594 1358 Qui
1623 1303 1756 1344 vero
1801 1289 2063 1345 unitatem
2108 1305 2201 1344 na-

596 1393 732 1440 tura:
765 1382 1124 1440 indiil‘erentis
1151 1381 1289 1438 Filio
1316 1381 1526 1449 adimit,
1556 1393 1851 1453 cognoscat
1890 1398 2057 1438 unum
2088 1381 2200 1437 Do-

595 1479 800 1533 minum
849 1475 1033 1534 Jesum
1080 1474 1379 1533 Christum.
1439 1475 1549 1532 Nisi
1597 1478 1741 1533 enim
1794 1491 1891 1548 per
1935 1476 2199 1531 unitatem

595 1567 830 1642 Spiritus
851 1584 990 1626 unus
1009 1575 1094 1626 est
1120 1568 1402 1634 Dominus,
1423 1568 1536 1625 Deo
1559 1570 1696 1640 patri
1726 1583 1833 1625 non
1863 1569 2202 1641 relinquetur

590 1673 651 1720 ut
683 1664 942 1720 Dominus
961 1665 1053 1720 sit.
1085 1661 1157 1719 At
1207 1663 1299 1736 qui
1341 1662 1412 1720 de
1440 1672 1684 1735 tempore
1713 1674 1876 1735 atque
1915 1679 1981 1720 ex
2032 1677 2199 1721 carne

588 1756 782 1814 Filium
812 1757 1070 1829 deputat,
1096 1767 1396 1831 cognoscat
1426 1758 1551 1829 quia
1608 1773 1704 1830 per
1730 1773 1856 1816 eum
1906 1758 2104 1827 omnia,
2141 1767 2199 1816 et

2315 540 2450 582 nens
2481 527 2695 586 locutus
2725 543 2828 588 est.

2383 621 2682 722 42.‘Filius
2713 627 2936 722 hominis
2961 630 3118 686 vitam
3140 641 3382 690 aeternam
3409 638 3519 707 dat,
3550 643 3648 713 quia
3681 647 3803 722 signa-

2313 728 2395 796 tus
2421 735 2452 771 a
2480 715 2656 776 Patre.
2677 751 2750 762 —-
2777 721 3001 780 Dixerat
3029 726 3175 784 enim
3201 728 3253 784 in
3283 725 3562 806 Evangeliis
3582 715 3800 800 Domitius:

2311 809 2476 886 244
2524 813 2823 886 Operamini
2853 833 3043 888 escam,
3074 835 3178 876 non
3203 837 3316 893 qua:
3359 823 3552 894 interit,
3597 831 3671 886 sed
3689 850 3805 892 escam

2308 921 2425 977 qua:
2453 917 2714 977 permanet
2741 910 2795 965 in
2824 911 2978 967 vitam
3003 924 3250 972 aeternam
3273 959 3288 984 ,
3320 935 3465 990 quam
3507 921 3628 994 ﬁlius
3649 925 3804 987 hominis

2308 1000 2448 1056 dabit
2478 1003 2638 1059 vobis.
2674 1002 2826 1061 Hunc
2855 1009 2990 1063 enim
3021 1006 3182 1065 Pater
3210 1009 3289 1085 (d)
3319 1013 3526 1086 signavit
3547 1015 3677 1076 Deus.
3697 1018 3807 1078 Dise-

2306 1109 2427 1154 runt
2451 1100 2609 1172 igitur
2637 1102 2705 1156 ad
2725 1119 2838 1156 eum
2859 1118 2880 1160 :
2911 1103 3051 1172 Quid
3075 1106 3343 1179 faciemus,
3372 1119 3423 1163 ut
3448 1127 3679 1180 operemur
3699 1132 3807 1187 opera

2313 1189 2442 1248 Dei?
2468 1192 2536 1249 Et
2559 1191 2690 1250 dixit
2709 1195 2816 1252 illis
2841 1213 2860 1252 :
2885 1195 3000 1252 Hoc
3019 1211 3096 1256 est
3122 1217 3254 1267 opus
3277 1199 3394 1268 Dei,
3418 1213 3469 1258 ut
3491 1206 3679 1260 credatis
3698 1207 3756 1275 (l)
3774 1209 3808 1260 in

2305 1286 2524 1362 eum(e),
2551 1307 2700 1359 quem
2729 1292 2862 1346 misit
2891 1291 2980 1346 ille
3008 1290 3214 1364 (Joan.,
3237 1310 3309 1361 v1,
3333 1294 3402 1351 27
3428 1304 3469 1351 et
3494 1298 3651 1369 seqq).
3676 1297 3809 1354 Sacra-

2307 1391 2548 1436 mentum
2581 1390 2636 1437 et
2658 1384 3053 1456 corporatinnis
3084 1384 3452 1443 etdiviuitatis
3479 1403 3579 1444 sua:
3613 1387 3805 1446 Dominus

2304 1490 2607 1546 exponens,
2636 1476 2759 1533 tidei
2792 1493 3010 1550 quoque
3038 1490 3238 1535 nostra:
3264 1489 3318 1536 et
3343 1480 3457 1553 spei
3495 1480 3742 1538 doctrinam
3758 1484 3810 1539 lo-

2304 1580 2459 1628 cutus
2480 1582 2597 1629 est:
2622 1580 2682 1628 ut
2702 1585 2880 1629 escam
2910 1587 3020 1629 non
3047 1574 3405 1632 intereuntem
3426 1618 3440 1643 ,
3465 1576 3552 1632 sed
3575 1593 3811 1648 permanen-

2303 1671 2411 1721 tem
2445 1663 2496 1720 in
2525 1673 2786 1722 teternum
2814 1681 3191 1740 cperaremur,
3224 1677 3282 1724 ut
3305 1668 3443 1726 hanc
3462 1669 3731 1726 aeternitatis
3748 1686 3806 1726 es-

2301 1771 2419 1814 cam
2469 1757 2586 1814 dari
2617 1760 2774 1816 nobis
2803 1777 2832 1816 a
2863 1760 2974 1818 lilio
3005 1761 3243 1820 hominis
3264 1765 3692 1832 meminissemus,
3715 1764 3812 1820 util-

586 1867 686 1908 nos
724 1867 821 1924 per
855 1853 1073 1925 ipsum;
1123 1861 1178 1908 et
1219 1862 1372 1909 extra
1406 1851 1481 1926 (a)
1530 1862 1773 1923 tempora
1823 1853 1892 1908 sit
1951 1852 2195 1909 condens
2223 1841 2272 1905 B
2297 1851 2433 1908 lium
2467 1853 2701 1910 hominis
2727 1855 2993 1930 signatum
3022 1872 3052 1912 a
3082 1857 3196 1914 Deo
3223 1869 3379 1929 patre
3401 1859 3656 1926 sciremus,
3679 1869 3723 1915 ut
3743 1857 3811 1914 hoc

585 1942 770 2000 omnia
800 1941 1175 2019 intemporalis
1203 1945 1564 2000 immensitas.
1612 1943 1680 1999 Et
1713 1944 1917 2000 interea
1944 1945 2152 2017 relegat
2177 1987 2193 2013 ,

587 2037 713 2108 quia
742 2052 845 2092 una
871 2052 995 2108 spes
1028 2035 1330 2094 vocationis
1354 2045 1441 2094 est
1459 2080 1473 2104 ,
1525 2047 1583 2094 et
1612 2053 1774 2093 unum
1805 2038 2072 2109 baptisma
2098 2080 2113 2106 ,
2139 2046 2195 2094 et

582 2131 717 2189 ﬁdes
743 2147 866 2189 una.
896 2132 962 2189 Et
997 2142 1120 2204 post
1146 2131 1261 2188 haec
1289 2133 1583 2188 adversans
1635 2131 2004 2204 praedicationi
2050 2134 2193 2205 Apo-

578 2226 706 2283 stoli
734 2228 850 2298 ipse
875 2225 1164 2284 anathema
1208 2227 1559 2295 constitutus,
1592 2241 1715 2282 cum
1745 2227 1990 2296 aliterjex
2023 2243 2192 2284 sensu

577 2335 676 2376 suo
703 2318 899 2393 sapiat,
934 2335 1035 2377 nec
1064 2328 1305 2387 vocatus,
1340 2334 1442 2376 nec
1466 2319 1770 2390 baptizatus
1797 2329 1903 2387 est,
1930 2335 2030 2377 nec
2057 2319 2190 2376 ﬁde-

575 2416 644 2473 lis
675 2435 689 2473 :
730 2418 853 2489 quia
882 2419 936 2472 in
968 2431 1077 2472 uno
1104 2416 1214 2472 Deo
1255 2425 1440 2486 patre,
1470 2425 1524 2470 et
1563 2414 1616 2469 in
1647 2429 1755 2470 uno
1799 2413 2031 2471 Domino
2058 2415 2187 2472 Jesu

580 2510 807 2568 Christo
835 2510 993 2567 unius
1021 2511 1137 2580 spei
1164 2518 1325 2580 atque
1356 2507 1609 2580 baptismi
1638 2506 1773 2563 ﬁdes
1803 2523 1907 2564 una
1952 2509 2041 2565 sit.
2074 2505 2183 2564 Nec

573 2603 944 2660 doctrinarum
966 2601 1252 2658 diversitas
1279 2599 1337 2656 in
1369 2599 1452 2656 his
1481 2615 1542 2656 se
1564 2614 1685 2655 esse
1711 2600 1911 2671 poterit
1938 2601 2179 2673 gloriari,

571 2714 693 2771 qua:
725 2695 882 2755 unius
931 2707 985 2754 et
1007 2696 1106 2753 Dei
1134 2705 1188 2753 et
1212 2693 1426 2752 Domini
1457 2703 1511 2752 et
1538 2694 1652 2766 spei
1698 2705 1754 2752 et
1779 2695 2031 2769 baptismi
2075 2699 2183 2755 sint

573 2800 632 2851 et
662 2791 804 2850 fidei.

646 2887 738 2944 41.
770 2883 930 2942 Fides
953 2886 1018 2942 de
1048 2883 1206 2941 Patre
1232 2893 1279 2940 et
1309 2881 1472 2940 Filio.
1496 2913 1569 2926 —-
1591 2881 1711 2942 Una
1742 2884 1902 2957 igitur
1928 2883 2066 2942 ﬁdes
2096 2896 2181 2944 est

570 2983 786 3042 Patrem
811 2985 863 3040 in
895 2982 1032 3038 Filio
1062 2992 1118 3040 et
1149 2983 1342 3039 Filium
1390 2983 1442 3037 in
1473 2982 1634 3040 Patre
1659 2997 1756 3054 per
1799 2983 2176 3056 inseparabilis

567 3088 776 3135 natura:
806 3079 1068 3134 unitatem
1101 3077 1367 3142 coniiteri,
1400 3090 1508 3132 non
1541 3074 1849 3144 confusam,
1881 3077 1976 3132 sed
2006 3077 2176 3134 indis-

561 3179 769 3229 cretam
799 3188 810 3226 :
843 3187 1017 3242 neque
1047 3169 1394 3242 permixtam,
1426 3169 1522 3226 sed
1577 3167 1974 3227 indifferentem
2001 3187 2015 3238 ;
2076 3187 2174 3230 ne-

2301 1962 2424 2004 esse
2454 1963 2592 2020 opus
2639 1949 2737 2006 Dei
2781 1965 3161 2018 nosceremus,
3204 1950 3430 2009 credere
3476 1951 3526 2007 in
3565 1967 3670 2008 eum
3702 1967 3810 2026 quem

2299 2039 2558 2096 misisset.
2611 2040 2678 2097 Et
2727 2041 2849 2116 quis
2898 2053 3002 2110 est,
3055 2060 3216 2117 quem
3259 2044 3420 2102 Pater
3461 2044 3634 2102 misit?
3669 2042 3809 2114 Nempe

2297 2149 2457 2204 quem
2487 2135 2900 2208 signavitDeus.
2925 2137 2993 2194 Et
3013 2137 3135 2210 quis
3152 2148 3256 2207 est,
3276 2155 3435 2211 quem
3465 2137 3671 2211 signavit
3688 2136 3810 2193 Deus?

2295 2225 2466 2284 Filius
2511 2229 2699 2301 utique
2734 2230 2994 2297 hominis,
3048 2247 3229 2290 escam
3257 2233 3467 2288 scilicet
3497 2229 3808 2302 praebensvite

2293 2331 2533 2380 πίθηκε.
2557 2324 2622 2380 Et
2644 2327 2733 2397 qui
2765 2326 2981 2383 tandem
3011 2335 3156 2396 sunt,
3190 2327 3390 2400 quibus
3421 2327 3614 2399 praebet
3634 2320 3810 2392 eamim

2292 2413 2373 2471 Illi
2398 2432 2631 2490 namque
2678 2419 2767 2494 qui
2789 2418 3159 2491 operabuntur
3179 2433 3361 2477 escam
3381 2437 3485 2476 non
3508 2419 3806 2475 intereuntem.

2288 2509 2467 2583 Atque
2513 2510 2584 2566 ita
2616 2526 2735 2583 qua:
2766 2526 2932 2583 opera
2961 2527 3102 2570 escm
3130 2521 3213 2569 est
3233 2554 3248 2578 ,
3280 2513 3473 2570 eadem
3521 2511 3726 2582 operatio
3746 2506 3809 2562 Dei

2287 2614 2390 2671 est,
2437 2605 2488 2660 iu
2521 2619 2644 2661 eum
2669 2605 2878 2662 scilicet
2898 2605 3196 2663 credidisse
3222 2623 3385 2678 quem
3429 2605 3585 2661 misit.
3623 2601 3709 2660 Sed
3729 2601 3806 2655 hac

2285 2696 2524 2768 loquitur
2575 2697 2715 2754 ﬁlius
2769 2697 3027 2755 hominis.
3084 2699 3154 2756 Et
3202 2699 3479 2771 quomodo
3529 2712 3684 2754 escam
3727 2695 3808 2749 vita

2283 2799 2505 2848 aeternae
2552 2791 2695 2848 illius
2740 2791 2979 2848 hominis
3007 2792 3199 2849 dabit?
3228 2793 3338 2850 Sed
3371 2799 3803 2850 sacramentumm-

2281 2885 2408 2943 lutis
2439 2901 2550 2941 suae
2593 2886 2802 2953 nescit,
2849 2887 2938 2957 qui
2969 2887 3140 2942 nescit
3182 2887 3354 2943 ﬁlium
3405 2883 3626 2942 hominis
3651 2882 3806 2938 dantem

2279 2992 2460 3034 escam
2493 2979 2548 3034 in
2588 2979 2753 3034 vitam
2786 2977 2866 3054 (2)
2908 2978 2986 3052 (g)
3017 2987 3275 3035 aeternam
3303 3022 3317 3046 ,
3351 2995 3381 3034 a
3417 2979 3530 3036 Deo
3567 2986 3697 3049 patre
3725 2984 3806 3026 esse

2277 3071 2571 3145 signatum.
2602 3071 2702 3129 Hic
2722 3087 2865 3128 nunc
2891 3087 3099 3146 quaero,
3129 3072 3225 3144 qui
3261 3072 3482 3129 tandem
3513 3062 3808 3138 intelligentia:

2276 3170 2470 3228 sensus
2495 3169 2587 3237 sit,
2618 3169 2788 3226 ﬁlium
2813 3168 3052 3225 hominis
3073 3184 3100 3223 a
3134 3169 3297 3225 Patre
3330 3168 3594 3242 signatum
3619 3160 3742 3220 lleol

561 3281 669 3338 quc
712 3265 1076 3321 cohmreutem
1105 3305 1119 3330 ,
1176 3263 1272 3319 sed
1314 3263 1667 3320 exsistentem
1697 3280 1713 3330 ;
1757 3279 1935 3335 neQue
1983 3266 2244 3326 incon-0
2344 3263 2435 3321 45.
2468 3259 2608 3318 Deus
2631 3280 2915 3319 sermonem
2934 3279 3086 3318 suum
3104 3263 3273 3317 sensui
3303 3271 3482 3318 nostra
3507 3252 3808 3316 accommodat.

559 3367 884 3417 summatum
911 3399 927 3425 ,
954 3356 1050 3413 sed
1102 3355 1416 3428 perfectam.
1455 3355 1720 3412 Nativitas
1744 3367 1828 3414 est
1857 3359 2025 3425 enim,
2054 3377 2166 3418 non

562 3450 760 3507 divisio
786 3467 804 3518 ;
833 3459 888 3506 et
913 3449 1055 3504 illius
1080 3458 1184 3518 est,
1215 3464 1322 3505 non
1363 3449 1622 3520 adoptio;
1666 3459 1722 3506 et
1746 3451 1891 3508 Dens
1919 3462 2027 3522 est,
2055 3469 2162 3512 non

566 3545 799 3602 creatio.
849 3544 1034 3614 Neque
1061 3544 1286 3600 alterius
1317 3545 1531 3616 generis
1558 3544 1702 3602 Deus
1739 3555 1846 3616 est,
1877 3548 1974 3604 sed
2003 3547 2163 3607 Pater

556 3649 612 3695 et
640 3639 812 3695 Filius
837 3655 1000 3695 unum
1030 3647 1157 3696 sunt
1186 3655 1200 3694 :
1245 3653 1352 3694 non
1381 3639 1528 3695 enim
1555 3638 1808 3698 innovat:
1852 3651 1938 3699 est
1969 3651 2158 3701 natura

555 3732 831 3788 nascendo
863 3774 878 3801 ,
932 3740 991 3786 ut
1057 3730 1126 3788 ab
1201 3731 1426 3802 originis
1470 3746 1585 3788 suae
1634 3734 1966 3805 proprietate
2012 3747 2161 3795 esset

2267 3353 2318 3410 F
2320 3358 2439 3412 ilius
2470 3357 2683 3428 aequalis
2724 3355 2898 3412 Patri.
2952 3355 3096 3411 Deus
3137 3366 3211 3411 est
3249 3353 3643 3426 incompositus.
3678 3345 3808 3400 οι·Αο

2267 3449 2500 3520 primum
2529 3449 2786 3519 cognosci
2817 3456 3031 3520 oportet
3081 3447 3250 3504 Deum
3281 3463 3398 3504 non
3428 3445 3560 3513 sibi,
3589 3440 3674 3501 sed
3697 3435 3810 3494 nobis

2267 3543 2530 3611 locutum,
2562 3552 2616 3599 et
2643 3544 2694 3598 in
2714 3551 2916 3599 tantum
2939 3542 3005 3597 ad
3038 3536 3458 3615 intelligentiam
3491 3545 3704 3596 nostram
3727 3528 3809 3586 elo-

2267 3637 2377 3706 quii
2409 3636 2493 3692 sui
2511 3644 2844 3706 temperasse
2863 3649 3198 3701 sermonem,
3229 3644 3501 3706 quantum
3522 3626 3812 3700 comproben-

2263 3727 2394 3784 dere
2424 3729 2489 3784 ad
2518 3727 2863 3785 sentiendum
2897 3737 3105 3783 naturae
3153 3736 3357 3784 nostrae
3387 3725 3471 3801 (5)
3524 3722 3676 3796 possit
3706 3713 3809 3772 inﬁr-

2266 3823 2448 3878 mitas.
2476 3822 2718 3894 Namque
2732 3837 2854 3879 cum
2877 3823 3123 3893 superius
3137 3821 3457 3893 increpatus
3476 3834 3507 3874 a
3526 3811 3705 3874 iudicis
3720 3807 3814 3864 iuit-

2259 3925 2366 3984 set,
2395 3933 2492 3972 cur
2521 3930 2582 3972 se
2626 3917 2887 3987 aequalem
2918 3915 3053 3982 Deo,
3099 3913 3266 3970 lilium
3315 3929 3379 3970 se
3399 3911 3500 3970 Dei
3531 3900 3808 3980 proﬁtendo.

2257 4007 2477 4064 iecisset
2507 4006 2714 4082 (10am,
2746 4023 2802 4077 v,
2832 4007 2961 4080 18);
3004 4005 3370 4079 responderat
3397 4003 3579 4061 omnia
3614 4016 3691 4063 se,
3725 4005 3812 4066 φιε

2256 4101 2458 4159 faceret
2476 4102 2654 4170 Pater,
2685 4101 2864 4159 facere
2895 4099 3084 4174 (lbid.,
3123 4101 3190 4156 l9
3223 4107 3270 4154 et
3297 4102 3474 4172 seqq.)
3499 4115 3515 4164 ;
3544 4105 3595 4152 et
3621 4098 3811 4149 omnese

550 3825 753 3884 aliena.
785 3824 862 3901 (b)
893 3825 1062 3881 Tenet
1092 3823 1232 3881 hanc
1253 3825 1433 3897 itaque
1465 3829 1735 3884 manentis
1767 3830 1820 3884 in
1849 3829 2010 3887 Patre
2031 3829 2158 3888 Filii

549 3927 609 3978 et
631 3919 807 3975 Patris
834 3918 888 3974 in
915 3915 1052 3975 Filio
1075 3917 1258 3985 (idem,
1291 3934 1454 3974 unum
1479 3917 1647 3976 Deum
1668 3929 1874 3991 patrem
1906 3931 1962 3978 et
1988 3939 2153 3980 unum

548 4012 839 4068 Dominum
881 4010 1155 4066 Christum
1184 4010 1289 4065 sibi
1320 4025 1442 4067 esse
1488 4013 1779 4082 Apostolus
1806 4014 2111 4084 pradicans
2136 4035 2150 4072 :

545 4120 669 4161 cuin
697 4105 750 4159 in
783 4103 1010 4160 Domino
1033 4101 1251 4158 Christo
1277 4110 1332 4158 et
1358 4102 1503 4160 Deus
1531 4111 1699 4166 esset.
1729 4112 1786 4161 et
1811 4105 1864 4160 in
1903 4103 2016 4162 Deo
2058 4122 2152 4177 pa-

545 4208 632 4254 tre
653 4205 800 4254 esset
835 4206 893 4252 et
927 4193 1228 4261 Dominus;
1258 4206 1312 4250 et
1340 4211 1504 4250 unum
1557 4207 1700 4252 esset
1729 4205 1956 4268 uterque
2002 4200 2149 4271 quod

546 4290 691 4347 Deus
727 4298 831 4356 est,
855 4298 910 4344 et
940 4303 1102 4344 unum
1134 4297 1281 4344 esset
1311 4297 1540 4358 uterque
1565 4288 1708 4357 quod
1733 4289 1997 4347 Dominus
2016 4301 2101 4348 est
2127 4309 2144 4346 :
2254 4289 2655 4346 honorandum.
2676 4290 2743 4346 Et
2762 4290 2817 4345 in
2842 4289 2924 4345 his
2941 4288 3216 4354 omnibus,
3245 4287 3535 4360 professus
3554 4275 3748 4348 ante“)
3768 4285 3811 4326 δε

539 4383 666 4452 quia
698 4382 774 4454 (ε)
820 4378 1194 4450 imperfectum
1233 4388 1290 4434 et
1311 4377 1446 4444 Deo,
1494 4378 1596 4432 nisi
1628 4379 1887 4436 Dominus
1914 4382 1985 4438 sit
2015 4423 2030 4448 ,
2091 4394 2147 4440 et
2250 4383 2421 4439 ﬁlium
2455 4382 2556 4457 (It),
2588 4381 2738 4438 Patri
2769 4391 3153 4453 exaequaverat
3185 4381 3426 4448 honore,
3457 4383 3725 4452 potestate,
3746 4377 3813 4422 nt-

538 4478 776 4535 Domiuo
819 4473 1150 4545 intelligatur
1194 4487 1316 4528 esse
1340 4513 1356 4538 ,
1409 4472 1509 4527 nisi
1539 4472 1681 4527 Deus
1725 4474 1814 4527 sit.
1859 4476 2034 4545 Atque
2070 4476 2143 4532 ita
2250 4486 2390 4533 tura.
2425 4477 2630 4532 Dehinc
2656 4475 2873 4532 dixerat
2899 4517 2914 4542 ,
2948 4475 3246 4530 utPatrem
3275 4475 3451 4529 vitam
3479 4474 3532 4528 in
3558 4485 3614 4525 se
3639 4463 3810 4520 haber

539 4586 667 4628 cum
699 4577 927 4638 uterque
969 4579 1107 4620 unus
1146 4572 1251 4628 est,
1276 4572 1334 4619 et
1361 4578 1500 4618 unus
1533 4563 1868 4635 signiﬁcatur
1897 4567 1948 4622 in
1995 4577 2142 4625 utro—
2247 4572 2320 4628 ita
2341 4587 2463 4627 eum
2483 4569 2799 4626 Filiovitam
2825 4569 3274 4626 insehabendam
3293 4553 3796 4640 dedisse(1bid.,26)

3802 4567 3810 4578 ι

2255 4212 2284 4252 a
2313 4197 2476 4252 Patre
2497 4196 2751 4267 adeptum
2770 4211 2894 4252 esse
2914 4194 3210 4266 judicium;
3233 4195 3407 4250 etiam
3429 4208 3511 4261 se,
3535 4197 3596 4246 ut
3619 4185 3811 4244 Patrem.
3914 4185 3915 4267 ξ

533 4681 663 4738 que,
689 4672 744 4718 et
774 4677 882 4716 non
909 4668 992 4714 est
1019 4667 1246 4728 uterque
1276 4657 1396 4713 sine
1416 4673 1524 4713 uno
1549 4675 1562 4724 ;
1595 4674 1700 4713 non
1723 4661 1946 4717 excedit
1973 4678 2135 4718 evan-
2163 4661 2219 4726 D
2245 4664 2300 4720 iu
2332 4680 2436 4734 quo
2467 4664 2866 4735 signiﬁcaverat
2906 4673 3112 4718 natura:
3142 4661 3394 4733 ejusdem
3435 4675 3531 4732 per
3553 4662 3812 4713 sacratum
3914 4673 3915 4738 ἦ

532 4756 760 4829 gelicam
815 4750 1250 4822 praedicationem
1306 4749 1596 4820 Apostolus
1634 4747 1858 4819 docens,
1915 4768 2013 4810 nec
2059 4755 2139 4812 lo-

531 4863 705 4920 quens
755 4845 808 4901 in
840 4841 1004 4898 Paulo
1027 4839 1274 4898 ChriStus
1297 4840 1542 4898 diversus
1562 4841 1632 4898 ab
1659 4841 1746 4899 his
1765 4844 2007 4919 est(post
2027 4848 2132 4902 ad.
2247 4851 2431 4919 Pater,
2465 4850 2527 4923 (i)
2562 4852 2737 4922 ipsum
2775 4850 2922 4906 illum
2945 4848 3110 4922 245
3135 4849 3474 4920 signiﬁcavit
3497 4847 3550 4904 in
3580 4830 3809 4903 habendo}

605 5011 686 5083 (l)
712 5011 796 5083 Ei.

2437 5015 2630 5072 Posset.
2666 5015 2807 5087 Mox,
2838 5015 3144 5087 increpitus.

602 5079 683 5155 (2)
713 5079 990 5137 ίΕεενηαιη
1017 5079 1172 5137 deest
1193 5079 1245 5136 in
1268 5095 1372 5137 ms.
1401 5081 1601 5140 Veron.

2339 5016 2372 5071 5
2437 5015 2630 5072 Posset.
2666 5015 2807 5084 Mox,
2838 5015 3045 5087 increpit

2313 5015 2399 5162 ξιξ
2430 5087 2500 5144 Se
2512 5088 2681 5157 ﬁlium
2709 5086 2910 5156 Patris,
2937 5097 3045 5144 etc.

2225 5249 2280 5301 in
2312 5243 2553 5314 Martio,
2596 5257 2650 5300 ut
2681 5247 2904 5302 credatis
2931 5261 3067 5312 eum,
3119 5246 3172 5303 in
3200 5245 3324 5302 aliis
3347 5287 3366 5314 ,
3424 5255 3484 5302 ut
3511 5241 3716 5301 credatis
3736 5237 3774 5293 εἰ
3797 5248 3812 5289 -'

2225 5316 2365 5372 infra
2391 5327 2575 5373 autem
2605 5319 2658 5372 in
2684 5320 2960 5382 omnibus,
2993 5320 3199 5374 credere
3229 5320 3279 5374 in
3309 5335 3456 5374 eum.

2297 5387 2370 5462 (Γ)
2403 5389 2551 5458 Lips,
2584 5400 2638 5445 et
2662 5389 2812 5455 Par.,
2844 5391 2950 5445 illis
2981 5407 3197 5458 nempe;
3225 5401 3278 5446 et
3309 5407 3445 5446 mox
3472 5404 3599 5447 cum
3628 5384 3746 5444 Bad.
3767 5387 3810 5438 et

2221 5459 2361 5532 Erl,
2383 5476 2497 5532 qua:
2525 5463 2756 5530 operatio
2776 5477 2910 5518 εει-ω
2939 5478 2957 5517 ;
2990 5462 3353 5517 renitentibus
3391 5478 3527 5518 mss.

2292 5531 2372 5746 fg)
2397 5531 2574 5588 Abest
2599 5545 2844 5588 cateruam
2883 5550 2912 5588 a
2944 5535 3222 5605 plerisque
3254 5549 3394 5590 mss.

2319 5605 2372 5674 Ii)
2405 5603 2571 5670 Editi,
2602 5621 2655 5658 se
2680 5603 2849 5673 ﬁlium
2873 5603 3051 5661 Patris
3083 5622 3101 5660 :
3127 5605 3394 5663 emendat:

2317 5677 2353 5744 ἱ)
2395 5676 2451 5730 In
2495 5677 2749 5746 vulgatis,
2775 5680 2942 5746 ipsum
2973 5678 3107 5733 illud
3131 5677 3394 5746 signiﬁcat

597 5245 673 5318 (η)
704 5245 830 5300 Post
883 5253 1149 5318 tempora,
1185 5241 1383 5300 frustra
1427 5241 1646 5300 additur
1693 5243 1748 5302 in
1777 5242 1966 5301 codice
1997 5245 2116 5302 bas.

524 5312 676 5383 Vati,
709 5315 1029 5388 temiioralis.
1080 5385 1090 5388 Α
1120 5312 1124 5388 ί

590 5388 665 5460 (b)
695 5388 786 5445 Sic
811 5384 941 5444 inss.
995 5385 1134 5442 Editi
1167 5398 1296 5442 vero
1325 5384 1414 5442 hic
1437 5427 1451 5452 ,
1507 5395 1681 5442 tenens
1710 5401 1730 5442 :
1783 5401 1847 5442 ac
1886 5396 2070 5460 postea
2095 5428 2112 5454 ,

559 5461 788 5514 rwdicat.

522 5477 837 5602 Ρῒῗῗῖιίέἆῖιί
863 5573 879 5598 ,
933 5530 1287 5603 imperfectum
1316 5539 1448 5585 esset
1476 5527 1626 5596 Deo;
1675 5537 1729 5584 et
1758 5544 1906 5595 mox,
1939 5530 2114 5585 deesse

517 5617 616 5673 pro
646 5620 749 5657 esse
775 5618 792 5656 :
814 5603 1142 5673 castigantur
1170 5604 1494 5656 auctoritate
1522 5615 1654 5673 mss.

583 5673 660 5744 (vl)
687 5675 741 5728 In
768 5671 1039 5745 plerisque
1068 5673 1344 5729 veteribus
1370 5673 1543 5733 libris,
1567 5671 1915 5745 significavit:
1944 5672 2106 5728 libra-

507 5747 712 5822 riorum
733 5743 918 5822 lapsus
943 5743 1006 5801 ex
1033 5747 1292 5822 aiiinitatc
1311 5757 1504 5822 vocum
1533 5743 1696 5797 etiam
1727 5743 1788 5822 in
1807 5744 1953 5822 prius
1979 5745 2102 5798 vul-
2209 5743 2445 5822 tioribus
2477 5743 2628 5822 libris
2651 5765 2674 5822 :7
2696 5743 2869 5822 ipsum
2890 5743 3410 5822 illumsigriiﬁc'avit.
3442 5749 3582 5822 Tum
3605 5761 3668 5802 ex
3692 5757 3800 5822 mss.

501 5819 639 5890 gatis
671 5814 810 5891 infra
826 5831 932 5873 non
958 5816 1132 5891 semel
1155 5817 1436 5891 repetitus.
1463 5815 1520 5868 In
1542 5828 1743 5884 graeco,
1768 5815 2094 5891 ἐσφρᾲγισεν.
2204 5815 2329 5891 Υιιι.
2359 5818 2497 5882 has.,
2527 5814 2764 5891 sinuin),
2785 5821 2997 5878 (limbus
3025 5814 3181 5878 Coll).
3207 5814 3267 5878 et
3291 5837 3409 5878 uno
3438 5814 3798 5891 Sorbon._sub-

573 5891 641 5964 (ε)
671 5889 746 5948 ita
771 5888 991 5948 Caruut.
1034 5887 1205 5946 codex
1241 5886 1572 5956 sull'ragante
1594 5886 1874 5958 graeco,si§
1899 5886 1970 5947 ὃεᾶ.
2022 5890 2094 5946 At
2194 5887 2415 5961 jicimus
2459 5891 2512 5945 iu
2544 5886 2775 5948 habendo
2799 5936 2814 5961 ,
2847 5891 3055 5965 adjecta
3085 5893 3352 5966 particula
3411 5894 3487 5964 in,
3517 5905 3635 5966 qua
3662 5889 3792 5949 deest

2318 5590 2372 5674 71')
2405 5603 2571 5670 Edili,
2602 5621 2655 5658 se
2680 5603 2849 5673 ﬁlium
2873 5590 3051 5661 Pdtris
3083 5622 3101 5660 :
3127 5590 3503 5663 emendantur
3528 5619 3597 5661 ex
3630 5615 3746 5658 mss.

2317 5677 2353 5744 ἰ)
2395 5676 2451 5730 In
2479 5677 2749 5749 vulgatis,
2775 5680 2942 5747 ipsum
2973 5678 3107 5733 illud
3131 5677 3421 5749 signiﬁcat.
3457 5676 3530 5733 At
3559 5677 3611 5733 in
3649 5683 3803 5730 vetus-

2249 4765 2362 4813 tum
2393 4757 2688 4812 nativitatis
2733 4756 3017 4813 unitatem.
3059 4756 3164 4812 Per
3206 4755 3260 4812 id
3288 4755 3483 4820 enim,
3522 4749 3657 4825 quod
3693 4743 3813 4802 habet
3914 4743 3915 4800 ἰ
