3988 6332
595 339 700 396 271

1811 325 2054 386 SANCTI
2094 323 2206 386 BIL

2319 323 2349 382 ll
2391 323 2699 385 EPISCOPI
3733 325 3810 382 97?.

598 467 723 509 cum
779 451 834 508 in
880 449 1051 506 forma
1082 447 1178 505 Dei
1228 453 1409 512 esset,
1473 459 1660 520 qurero
1709 445 1836 518 quid
1889 445 2191 502 manserit?
2221 445 2268 507 A
2296 443 2644 514 coimaginari
2669 438 2921 513 possitad
2949 437 3228 511 speciem?
3267 437 3445 510 Imago
3469 439 3598 496 enim
3634 440 3808 498 formam

599 556 852 603 utrumne
880 546 931 600 in
965 553 1154 599 natura
1187 543 1284 598 Dei
1316 585 1330 608 ,
1376 557 1496 614 qua:
1518 541 1854 613 signiﬁcatur
1905 541 1955 595 in
2003 539 2196 608 gloria,

613 638 695 712 (i)
725 634 1060 708 Christns(a)
1087 635 1317 706 Spiritus
1350 635 1678 701 l'tteril;cum
1703 633 1947 705 ingloria
1981 634 2073 688 Dei
2107 647 2200 703 pa-

602 732 698 786 tris
729 729 979 786 Christus
1008 728 1168 785 Jesus
1193 771 1207 795 ,
1237 727 1288 784 id
1316 737 1419 795 est,
1452 729 1525 801 (ὁ)
1558 729 1718 784 homo
1752 737 1904 782 natus
1932 725 2199 782 exstabit?

670 821 760 878 47.
807 822 946 878 Deus
973 839 1128 888 unus,
1162 839 1265 877 non
1295 823 1501 877 unicus.
1549 853 1620 863 ——
1670 821 1841 878 Tenet
1865 822 1916 876 in
1949 820 2201 876 omnibus

601 918 794 974 beatus
844 916 1140 987 Apostolus
1193 915 1320 970 ﬁdei
1369 915 1699 986 evangelica}
1757 914 2199 970 indetnutabilem

599 1009 1068 1082 praedicationem,
1101 1007 1260 1082 247
1293 1009 1363 1062 ita
1393 1009 1679 1064 Dominum
1708 1008 1894 1064 Jesum
1923 1007 2199 1063 Christum

603 1104 771 1159 Deum
796 1103 1120 1173 praedicans,
1145 1110 1202 1157 ut
1230 1116 1404 1172 neque
1425 1117 1520 1170 per
1549 1102 1773 1157 alterius
1795 1101 2009 1172 generis
2029 1102 2208 1156 Deum-

605 1195 657 1250 in
687 1195 820 1251 deos
849 1195 984 1250 duos
1014 1194 1146 1250 ﬁdes
1191 1193 1486 1266 aposmlica
1513 1195 1805 1266 depereat,
1855 1209 2029 1266 neque
2058 1196 2203 1250 inse-

608 1289 865 1358 parabilis
907 1304 936 1343 a
967 1287 1127 1345 Patre
1156 1288 1326 1344 Filius
1349 1289 1494 1344 Deus
1533 1289 1676 1345 unici
1707 1286 1779 1361 (c)
1817 1303 1880 1344 ac
1912 1287 2202 1359 singularis

604 1380 704 1436 Dei
739 1380 1064 1450 praedicandi
1088 1379 1428 1437 occasionem
1458 1381 1676 1451 impiam
1704 1381 1961 1451 praebeat.
2005 1381 2202 1438 Dicens

604 1475 771 1543 enim,
795 1476 848 1530 in
871 1479 1040 1547 [arma
1068 1475 1181 1543 Dei,
1209 1485 1258 1530 et
1286 1477 1340 1530 in
1370 1475 1536 1545 gloria
1559 1474 1655 1531 Dei
1683 1477 1866 1547 patris,
1898 1491 2074 1547 neque
2099 1476 2204 1531 dif-

605 1569 747 1625 ferre
771 1569 974 1636 docuit,
1012 1585 1187 1641 neque
1217 1585 1325 1625 non
1367 1569 1718 1626 exsistentem
1748 1585 1848 1625 nos
1888 1570 2202 1626 existimare

610 1660 876 1733 permisit.
938 1661 1070 1717 Nam
1102 1663 1190 1733 qui
1225 1663 1276 1718 in
1311 1663 1483 1718 forma
1514 1663 1605 1718 Dei
1651 1672 1756 1729 est,
1808 1679 1983 1734 neque
2019 1662 2072 1716 itt
2123 1661 2203 1716 al-

605 1766 779 1812 terum
815 1757 980 1812 Deum
1014 1757 1262 1827 proﬁcit,
1315 1772 1493 1828 neque
1546 1757 1706 1813 etiam
1755 1758 1871 1827 ipse
1922 1773 2027 1811 non
2063 1757 2204 1811 Deus

2302 555 2530 596 necesse
2557 548 2641 594 est
2669 537 2786 608 ejus
2811 535 3020 601 reddat,
3054 533 3206 604 cujus
3231 546 3283 589 et
3308 535 3476 604 imago
3503 544 3595 590 est.
3646 536 3724 602 Qui
3748 552 3811 591 vo-

2301 634 2420 689 lunt
2450 642 2630 689 autem
2661 632 2885 687 alterius
2921 629 3141 700 generis
3183 628 3234 682 in
3263 627 3401 682 Filio
3447 643 3561 683 esse
3605 639 3811 696 naturam,

2302 727 2636 784 constituant
2677 723 2982 795 cujusntodi
3013 721 3227 778 Filium
3260 720 3533 790 imaginem
3559 735 3664 776 esse
3682 723 3815 776 inv-isi-

2299 819 2429 877 bilis
2462 819 2556 875 Dei
2605 819 2792 876 velint.
2833 818 2989 874 Anne
3041 831 3357 886 corpoream
3379 856 3393 881 ,
3422 825 3473 870 et
3497 815 3814 886 contemplabi-

2303 914 2409 971 lcm
2438 956 2451 980 ,
2502 923 2559 970 et
2587 929 2653 969 ex
2687 914 2819 969 locis
2857 914 2910 968 in
2937 913 3051 967 loca
3081 921 3230 966 motu
3260 911 3569 981 incessuque
3587 910 3815 966 circumva-

2302 1008 2464 1078 gam?
2528 1007 2872 1064 Meminerint
2915 1018 3092 1062 tamen
3123 1005 3231 1078 (Γ),
3275 1004 3561 1060 secundum
3593 1005 3814 1073 Evangelia

2302 1113 2352 1158 et
2384 1102 2705 1172 prOphetas,
2747 1110 2803 1157 et
2832 1102 3105 1156 Christum
3153 1099 3398 1169 spirituum
3439 1107 3493 1154 et
3516 1098 3662 1153 Deum
3696 1099 3812 1168 Spiri-

2305 1204 2442 1250 ttttu.
2507 1195 2608 1262 Qui
2636 1193 2800 1266 248
2821 1194 2864 1248 si
2902 1193 3353 1249 circumscribent
3381 1191 3519 1247 hunc
3537 1191 3741 1261 Spiritum
3764 1194 3817 1261 (g)

2305 1289 2577 1344 Christum
2613 1287 2880 1342 fortnabili
2901 1295 2956 1342 et
2982 1287 3252 1357 corporali
3284 1285 3479 1351 modo;
3523 1300 3621 1340 non
3647 1285 3731 1340 erit
3760 1287 3817 1339 in-

2305 1383 2538 1438 visibilis
2570 1381 2664 1436 Dei
2692 1381 2770 1453 (h)
2799 1380 2976 1452 imago
3004 1394 3323 1451 corporeus,
3361 1394 3460 1435 nec
3483 1376 3711 1435 indeliniti
3738 1393 3821 1447 spe

2307 1475 2420 1531 cies
2447 1473 2670 1530 deﬁnita
2702 1473 3028 1528 moderatio.

2377 1567 2468 1625 49.
2506 1565 2690 1639 Imago
2715 1563 2813 1621 Dei
2844 1575 2953 1631 est,
3003 1575 3255 1637 quatenus
3283 1566 3328 1621 ei
3356 1565 3540 1620 divina:
3563 1572 3729 1618 natura
3749 1563 3821 1618 vir-

2308 1671 2408 1716 tus.
2440 1690 2510 1702 -——
2538 1659 2644 1717 Sed
2676 1674 2852 1731 neque
2878 1659 3142 1714 Dominus
3183 1658 3452 1715 incertum
3477 1656 3704 1728 reliquit,
3751 1654 3818 1721 Qui

2307 1773 2388 1810 me
2410 1755 2558 1821 vidit,
2591 1755 2715 1809 vidit
2740 1765 2789 1807 et
2817 1752 3028 1808 Patrem
3056 1752 3237 1823 (Joan.
3268 1767 3379 1820 xiv,
3409 1751 3502 1820 9);
3545 1764 3695 1818 neque
3724 1748 3823 1817 Apo

603 1856 720 1904 est:
752 1846 876 1919 quia
908 1863 1009 1904 nec
1038 1848 1284 1919 separari
1313 1857 1489 1918 potest
1511 1863 1538 1902 a
1573 1848 1667 1904 Dei
1691 1848 1886 1914 forma,
1911 1863 2034 1904 cum
2059 1847 2112 1902 in
2144 1863 2208 1904 ea
2239 1851 2287 1912 Β
2319 1848 2492 1904 stolns
2520 1847 2688 1902 tacuit
2714 1848 2890 1918 qualis
2921 1855 3099 1910 esset,
3144 1845 3247 1912 Qui
3269 1855 3344 1900 est
3367 1845 3532 1916 imago
3562 1841 3644 1896 Dei
3662 1839 3824 1895 inuisibi-

606 1944 714 2011 sit;
749 1958 848 1999 nec
868 1944 961 2014 qui
992 1943 1042 1998 in
1078 1943 1170 1997 Dei
1203 1952 1286 1999 est
1316 1942 1507 2010 forma,
1565 1956 1671 1998 non
1698 1942 1842 1997 Deus
1873 1951 1976 1998 est.
2056 1941 2208 1997 Sicut

604 2038 695 2108 qui
742 2038 795 2093 in
841 2039 1012 2109 gloria
1046 2038 1139 2092 Dei
1169 2046 1285 2102 est,
1343 2054 1451 2093 non
1490 2047 1669 2108 potest
1696 2038 1839 2093 aliud
1885 2053 2007 2094 esse
2046 2053 2205 2107 quam

609 2131 752 2185 Deus
789 2140 908 2196 est;
953 2141 1009 2186 et
1039 2129 1168 2185 dum
1211 2130 1264 2185 in
1310 2131 1480 2202 gloria
1513 2130 1605 2186 Dei
1641 2131 1782 2186 Deus
1815 2140 1934 2197 est,
1984 2131 2223 2186 alterius

608 2224 702 2279 Dei
731 2232 896 2294 atque
922 2239 950 2276 a
985 2224 1095 2280 Deo
1127 2223 1326 2280 diversi
1356 2240 1461 2281 non
1512 2223 1676 2279 habet
1729 2225 2164 2296 praedicationem
2191 2242 2204 2292 ;

604 2317 729 2388 quia
761 2332 858 2388 per
905 2316 979 2384 id,
1023 2317 1167 2389 quod
1219 2318 1273 2372 in
1301 2319 1472 2389 gloria
1523 2317 1614 2374 Dei
1649 2327 1767 2385 est,
1801 2334 1868 2374 ex
1913 2333 1978 2374 eo
2019 2319 2071 2374 in
2112 2334 2209 2374 cu-

600 2412 692 2483 jus
719 2410 886 2481 gloria
914 2420 1035 2476 est,
1094 2409 1258 2467 habet
1306 2410 1357 2464 in
1390 2424 1450 2466 se
1480 2410 1727 2466 naturale
1755 2409 1896 2480 quod
1932 2410 2079 2465 Deus
2104 2419 2206 2465 est.

678 2503 772 2558 48.
813 2501 1046 2558 Christus
1076 2513 1130 2559 ut
1155 2502 1325 2574 intago
1351 2501 1470 2568 Dei,
1504 2518 1606 2556 non
1635 2501 1851 2555 alterius
1881 2512 1957 2557 est
1987 2516 2205 2557 naturw.

608 2626 678 2639 --
707 2594 824 2652 Non
859 2596 1197 2666 periclitatur
1217 2637 1231 2662 ,
1279 2611 1377 2666 per
1408 2596 1589 2663 plures
1621 2595 2034 2665 praedicationes
2077 2593 2212 2649 ﬁdes

609 2706 742 2757 una,
767 2705 835 2746 ne
859 2703 963 2744 una
1002 2689 1094 2742 sit.
1138 2687 1482 2758 Evangelista
1511 2687 1656 2742 enim
1687 2685 1890 2742 dictum
1919 2702 1949 2740 a
1983 2686 2212 2742 Domino

607 2783 910 2849 docuerat,
958 2781 1058 2846 Qui
1088 2797 1166 2834 me
1196 2781 1340 2846 vidit,
1374 2774 1500 2834 vidil
1527 2789 1576 2834 et
1608 2779 1820 2833 Patrem
1859 2779 2040 2853 (Joan.
2099 2796 2212 2845 xiv,

608 2876 688 2950 9).
753 2876 859 2933 Sed
900 2876 1159 2946 numquid
1210 2875 1401 2930 doctor
1441 2875 1682 2946 gentium
1725 2875 1922 2930 Paulus
1961 2875 2212 2928 virtutem

611 2970 742 3027 dicti
771 2967 1031 3024 dominici
1058 2977 1150 3023 aut.
1173 2968 1462 3038 ignoravit,
1497 2975 1591 3022 aut
1617 2967 1802 3031 tacuit,
1833 2966 2022 3022 dicens
2061 2985 2074 3021 :
2115 2967 2214 3034 Qui

541 3075 555 3084 δ
608 3074 685 3119 est
713 3065 884 3135 imago
911 3058 1010 3115 Dei
1040 3059 1308 3115 invisibilis
1338 3058 1558 3133 (Coloss.
1596 3075 1634 3126 ι,
1666 3056 1798 3131 15)?
1828 3058 2104 3132 Interrogo
2137 3058 2214 3133 (ά)

611 3169 792 3214 utrum
834 3153 1066 3210 visibilis
1119 3153 1298 3223 imago
1340 3161 1427 3208 est
1457 3153 1744 3208 invisibilis
1775 3152 1902 3207 Dei:
1945 3159 2001 3207 et
2035 3161 2210 3206 utrtttn

2314 1945 2376 1999 lis
2418 1942 2641 2015 (Coloss.
2678 1958 2718 2007 ι,
2766 1942 2878 2012 15).
2924 1939 3186 1995 Dominus
3235 1939 3384 1994 enim
3423 1938 3638 1999 dixerat,
3680 1935 3824 1990 Sinon

2314 2037 2450 2108 facio
2480 2052 2636 2105 opera
2663 2034 2825 2105 patris
2850 2033 2968 2099 mei,
3011 2032 3172 2086 nolite
3195 2032 3325 2085 mihi
3353 2030 3556 2085 credere
3584 2027 3729 2099 (Joan.
3753 2041 3823 2090 xu,

2313 2130 2380 2186 57
2417 2134 2473 2203 ),
2520 2129 2648 2184 hinc
2679 2129 2853 2185 videri
2879 2129 2929 2183 in
2962 2143 3020 2183 se
3052 2129 3267 2183 Patrem
3296 2126 3534 2191 docens,
3573 2123 3695 2195 quod
3716 2135 3826 2192 Opera

2314 2223 2434 2294 ejus
2477 2222 2759 2286 efﬁceret;
2813 2231 2868 2276 ut
2897 2221 3172 2276 intellecta
3217 2228 3428 2275 natura:
3463 2220 3622 2273 virtus
3651 2225 3824 2271 naturam

2317 2315 2610 2370 intellecta:
2657 2313 2871 2368 virtutis
2912 2313 3257 2379 ostenderet,
3305 2328 3406 2382 per
3454 2309 3590 2378 quod
3615 2307 3826 2378 Apostolus

2315 2408 2454 2464 hanc
2480 2408 2767 2478 imaginem
2793 2407 2887 2462 Dei
2921 2422 3040 2462 esse
3072 2406 3421 2476 signiﬁcans,
3461 2404 3555 2471 ait,
3584 2402 3640 2477 (i)
3679 2401 3820 2469 Quiut

2314 2503 2486 2572 imago
2511 2500 2605 2554 Dei
2635 2499 2906 2554 invisibilis
2931 2541 2946 2564 ,
2997 2499 3369 2571 primogenitus
3409 2499 3568 2552 omnis
3607 2504 3825 2556 creatura;

2316 2595 2436 2666 quia
2476 2595 2529 2647 in
2574 2593 2691 2662 ipso
2723 2592 2795 2666 (j)
2842 2592 3118 2646 constituta
3161 2601 3280 2646 sunt
3313 2591 3491 2645 omnia
3519 2591 3568 2644 in
3606 2589 3721 2643 ralis
3748 2585 3829 2640 etin

2318 2697 2474 2748 terra,
2504 2685 2726 2740 visibilia
2755 2696 2800 2739 et
2827 2685 3125 2753 invisibilia,
3188 2687 3293 2740 sive
3331 2684 3547 2753 Throni,
3579 2683 3667 2739 sive
3692 2679 3830 2736 Princi-

2318 2791 2466 2853 patus
2484 2821 2498 2847 ,
2523 2781 2627 2834 sive
2653 2778 2942 2834 Potestates
2968 2820 2982 2844 ,
3016 2780 3118 2834 sive
3147 2778 3535 2834 Dominationes
3559 2820 3572 2845 ,
3619 2775 3755 2831 omnia
3773 2788 3830 2843 per

2319 2876 2490 2947 ipsunt
2521 2885 2565 2928 ct
2592 2875 2646 2928 in
2675 2876 2788 2944 ipso
2814 2874 3020 2928 condita
3047 2882 3165 2928 sunt
3190 2915 3206 2941 ,
3258 2882 3304 2927 et
3332 2874 3447 2945 ipse
3477 2882 3547 2928 est
3573 2880 3673 2925 ante
3694 2881 3829 2931 attines,

2319 2977 2366 3021 et
2394 2969 2564 3021 ontnia
2592 2966 2671 3036 (lt)
2698 2968 2795 3039 ipsi
2819 2975 3052 3020 constant
3077 3008 3092 3031 ,
3140 2975 3186 3020 et
3227 2965 3339 3035 ipse
3381 2975 3460 3020 est
3493 2973 3635 3034 caput
3673 2957 3832 3029 corporis

2320 3061 2588 3130 Ecclesiw,
2620 3063 2804 3134 quiest
2834 3063 3058 3126 initium,
3088 3061 3468 3132 primogenitus
3497 3076 3557 3116 ea:
3581 3056 3768 3119 mortuis,
3799 3060 3832 3104 ιιι

2322 3157 2463 3228 fieret
2508 3159 2561 3211 in
2603 3157 2838 3212 omnibus
2880 3157 2990 3227 ipse
3017 3157 3297 3225 primatum
3320 3167 3538 3221 tenens;
3573 3154 3676 3224 quia
3697 3151 3738 3204 in
3758 3149 3830 3216 ipso

612 3251 858 3307 inlinitus
875 3249 1018 3306 Deus
1050 3245 1123 3319 (ε)
1159 3263 1254 3318 per
1272 3245 1460 3302 forma:
1479 3245 1902 3316 circumscripta:
1923 3245 2212 3317 imaginem
2241 3259 2286 3322 (ς
2321 3252 2634 3324 complacuit
2675 3268 2875 3306 omnem
2912 3250 3284 3324 plenitudinem
3329 3251 3395 3323 (l)
3426 3250 3676 3316 habitare,
3712 3253 3748 3298 et
3781 3253 3837 3312 per

611 3459 615 3463 η
687 3392 764 3466 (Ι)
802 3392 859 3448 In
889 3390 1078 3448 codice
1106 3389 1307 3446 Veron.
1342 3386 1575 3473 Christus
1597 3401 1625 3440 a
1678 3385 1850 3457 prima
1879 3400 2065 3455 manu,
2115 3386 2209 3444 sed
2249 3389 2486 3446 secunda
2516 3389 2722 3461 antiqui
2753 3388 3107 3444 amanuensis
3138 3387 3453 3445 emendavit
3474 3386 3668 3444 Christi.

693 3533 769 3606 (a)
813 3532 980 3606 Editi,
1025 3531 1222 3587 Christi
1265 3529 1522 3606 spiritus:
1553 3527 1941 3606 renitentibus
1990 3529 2217 3606 Ppiiori"

612 3599 717 3663 bus
748 3599 882 3662 mss.
926 3605 1094 3660 Porro
1119 3599 1414 3671 opponitur
1439 3599 1687 3656 Christus
1719 3599 1980 3671 Spiritus,
2030 3602 2079 3656 id
2108 3612 2213 3670 est,

616 3677 792 3751 qualis
823 3676 922 3732 l'uit
947 3687 1072 3751 a_nte
1094 3669 1433 3751 assumptum
1463 3673 1761 3751 hominem,
1781 3669 1996 3751 Christo
2011 3669 2214 3751 homini

611 3744 723 3822 jam
760 3749 922 3805 iacto.
974 3748 1051 3803 lla
1091 3749 1213 3822 hare
1231 3745 1495 3822 _qu:e_stio,
1526 3744 1620 3799 lib.
1651 3759 1732 3822 ut,
1766 3745 1962 3822 nihil):
2015 3745 2218 3813 Qmeris

616 3814 876 3890 quomodo
906 3821 1190 3875 secundum
1221 3814 1478 3889 spiritum
1507 3825 1656 3890 natas
1687 3816 1751 3868 sit
1785 3814 1976 3890 ilius,
2031 3828 2218 3886 aperte

617 3888 1078 3966 apponituristii
1129 3888 1335 3966 Quaeris
1361 3888 1617 3966 quomodo
1645 3889 2218 3966 secundum_hom_i_nem

617 3959 770 4022 natus
792 3969 878 4021 sit.
908 3965 997 4019 Sic
1021 3963 1275 4019 Clemens
1301 3959 1462 4031 Papa,
1488 3962 1649 4030 epist.
1667 3974 1724 4026 ιι,
1749 3975 1796 4031 e.
1837 3969 1889 4025 9,
1916 3959 1980 4015 Τ.
2021 3978 2034 4015 ι
2070 3962 2216 4016 Con-

617 4038 708 4094 cil.
741 4054 798 4110 p.
829 4036 962 4094 186:
993 4034 1150 4110 Iesus
1171 4030 1447 4110 Christus,
1492 4031 1709 4110 inquit,_
1741 4030 2002 4110 Dominus
2026 4044 2217 4110 noster,

618 4111 705 4182 qui
728 4103 820 4164 nos
848 4109 1084 4174 servavit,
1113 4120 1230 4161 cum
1264 4105 1484 4175 primunt
1512 4113 1639 4158 esset
1671 4103 1924 4175 Spiritus,
1953 4120 2074 4159 caro
2105 4106 2219 4176 fac-

625 4194 708 4236 tus
732 4191 825 4236 €81.

693 4253 773 4324 (ῡ)
814 4252 870 4306 In
902 4265 1003 4306 ms.
1033 4250 1149 4324 bas.
1177 4249 1301 4324 Vat.
1323 4246 1663 4302 desideratur
1664 4248 1746 4324 _id
1764 4248 2048 4324 est/tonio:
2077 4248 2220 4324 apud

623 4317 765 4381 Bad.
787 4331 967 4378 autem
991 4331 1046 4377 et
1072 4323 1163 4376 Er.
1191 4321 1414 4375 verbum
1449 4329 1619 4373 natus.
1664 4317 1799 4372 Tum
1833 4319 1979 4386 Lips.
2009 4327 2064 4373 et
2093 4317 2215 4374 Par.

623 4405 748 4468 post
795 4395 883 4448 Er.
935 4395 1214 4468 retinuere
1264 4399 1694 4468 exstaret:__t‘um
1744 4394 1883 4468 apud
1924 4391 2218 4468 Bad.et_i_n

626 4461 758 4522 inss.
793 4465 1110 4521 concinnius
1143 4463 1353 4531 legatur
1381 4461 1620 4518 exstabit.
1678 4471 1734 4513 ut
1765 4464 1923 4530 paulo
1976 4471 2101 4517 ante
2131 4463 2215 4518 di—

626 4549 772 4596 ctum
805 4545 889 4591 est
908 4535 1148 4590 manebit.
1194 4535 1248 4588 In
1277 4533 1981 4604 memoriamirevocaudum
2009 4551 2073 4588 ex
2096 4551 2216 4604 cap.

627 4613 664 4666 4
691 4613 744 4664 in
769 4608 956 4662 Matth.
987 4626 1040 4660 ιι.
1077 4607 1144 4660 14
1166 4648 1180 4673 ,
1211 4605 1352 4676 quod
1383 4603 1538 4658 Jesus
1579 4603 1804 4658 Domino
1833 4616 2008 4659 nostro
2037 4603 2220 4662 nomen

627 4698 693 4737 ea:
714 4695 927 4751 corpore
949 4688 1042 4734 est.

2323 3531 2488 3588 Corb.
2523 3531 2779 3588 secundis
2808 3532 2953 3587 curis
2975 3530 3247 3600 adjectum
3271 3540 3355 3586 est
3387 3572 3401 3593 ,
3445 3529 3668 3600 undeet
3699 3523 3739 3580 in
3761 3518 3839 3575 aliis

2325 3605 2583 3660 obtinuit.
2659 3603 2746 3658 Nil
2772 3598 3266 3673 ofﬁcitudjcctum;
3309 3598 3684 3674 cumproxitne
3704 3606 3838 3662 δεηιιεο

2328 3686 2436 3741 tur,
2471 3676 2571 3742 Qui
2596 3677 2639 3731 si
2665 3672 3104 3741 circumscribent,
3130 3686 3258 3740 etc.,
3279 3672 3474 3747 neque
3487 3672 3686 3747 omnino
3710 3678 3839 3747 neces.

2329 3740 2528 3802 sarium
2557 3759 2663 3816 est,
2717 3757 2779 3801 ut
2814 3749 2982 3819 liquet
3012 3740 3192 3802 exiliis
3220 3740 3385 3801 num.-
3409 3748 3518 3819 49ζ
3557 3745 3623 3798 Ac
3651 3740 3841 3819 titiam“

2329 3821 2498 3890 potius
2525 3861 2538 3884 ,
2584 3837 2734 3890 quam
2761 3815 2961 3874 natura:
2990 3821 3162 3890 imago
3185 3835 3316 3885 esse,
3341 3828 3453 3874 etc.
3481 3817 3560 3872 Ex
3597 3815 3757 3885 quibus
3787 3815 3841 3860 ἰιι·

2332 3891 2622 3962 tclligitnr,
2669 3907 2788 3946 eam
2836 3891 2940 3946 dici
2975 3895 3155 3961 forma:
3176 3891 3459 3964 imaginem
3483 3931 3498 3957 ,
3527 3902 3639 3964 quae
3671 3893 3840 3956 externa;

2329 3961 2534 4017 tantum
2578 3964 2766 4033 ﬁgurae.
2811 3964 3050 4034 speciem
3092 3961 3478 4033 repraesentet,
3522 3961 3664 4031 eique
3701 3964 3841 4024 oppon!

2326 4035 2600 4105 imaginem
2634 4046 2848 4088 naturte.

2397 4092 2467 4177 (Ϊ)
2507 4106 2984 4178 Postipztrticnlam
3014 4115 3213 4170 tamen,
3249 4105 3403 4161 solus
3433 4104 3600 4160 codex
3615 4099 3752 4178 ριιη.
3779 4092 3842 4178 itif

2322 4174 2461 4247 jicit,
2488 4194 2579 4248 per
2608 4177 2653 4232 F
2657 4174 2800 4231 ilium
2832 4181 3004 4232 omnia
3027 4197 3044 4232 :
3095 4179 3271 4248 minus
3324 4178 3392 4231 ad
3443 4193 3576 4234 rem.
3613 4174 3841 4243 Responso

2329 4252 2586 4319 proxima:
2613 4251 2896 4320 qua'stioui
2924 4250 3039 4304 haec
3069 4259 3175 4313 est,
3207 4247 3485 4303 Christum
3519 4263 3618 4303 non
3642 4258 3741 4301 esse
3760 4252 3841 4293 cor-

2329 4337 2546 4392 poream
2579 4323 2868 4390 imaginem
2892 4361 2909 4387 ,
2944 4333 3001 4376 ut
3035 4333 3160 4391 pote
3180 4321 3269 4390 qui
3299 4323 3524 4391 spiritus
3554 4329 3662 4386 est,
3702 4324 3838 4384 quem-

2325 4393 2616 4448 admodum
2651 4395 2791 4448 Deus
2824 4403 2973 4460 pater
3003 4402 3086 4449 est
3117 4392 3364 4463 spiritus.

2400 4464 2479 4536 (g)
2530 4465 2672 4519 Editi
2697 4454 2927 4532 excepto
2973 4466 3096 4519 Par.
3141 4454 3392 4518 omittunt
3428 4462 3690 4536 Christum.
3750 4454 3845 4536 Tam

2323 4526 2644 4662 apt‘g'll‘lsips.
2679 4547 2732 4592 et
2760 4526 2884 4592 Par.
2914 4537 3264 4592 substitutum
3293 4544 3378 4590 est
3404 4535 3627 4608 formati,
3672 4545 3751 4602 pro
3772 4526 3846 4596 fot-

2325 4625 2405 4662 ma
2443 4625 2455 4661 t
2485 4627 2523 4662 ι.

2325 4625 2523 4662 ιιιαυιιι.

2396 4680 2476 4752 (Ιι)
2508 4681 2582 4735 lta
2615 4679 2868 4736 meliores
2906 4695 3040 4752 mss:
3071 4678 3212 4749 quod
3243 4678 3592 4752 conﬁrmatur
3617 4675 3692 4730 his
3716 4671 3844 4752 lib.tt.

703 4752 774 4825 (c)
806 4743 1103 4822 Exemplar
1153 4749 1315 4804 Carn.
1367 4765 1428 4802 ac
1473 4748 1692 4803 solitarii
1734 4745 1872 4802 Dei:
1920 4746 2060 4804 haud
2113 4749 2220 4807 alio
2243 4775 2298 4835 Ι)
2327 4743 2476 4835 ιιιιξιιζ
2503 4754 2535 4808 5
2569 4772 2581 4808 :
2619 4752 2962 4835 incorporeus
3002 4743 3163 4806 Paier
3195 4763 3271 4806 est
3301 4767 3321 4804 :
3361 4751 3407 4835 si
3438 4749 3604 4834 Filius
3633 4743 3846 4826 secundum

631 4841 818 4880 sensu.

635 4871 978 4968 ridi-Apud
1013 4895 1140 4968 Berl.
1173 4904 1344 4968 utrum
1370 4871 1592 4968 visibilis.
1614 4890 1774 4968 Deus,
1796 4901 2067 4968 etutrunt,
2088 4901 2223 4960 etc.,

631 4965 784 5024 locus
813 4965 1052 5022 mutilus.
1089 4966 1144 5020 In
1173 4966 1292 5021 aliis
1324 4965 1478 5031 edit.,
1512 4977 1686 5018 utrum
1711 4965 1924 5020 visibilis
1953 4965 2124 5034 intago
2147 4976 2222 5022 est

628 5039 897 5094 invisibilis
927 5037 1026 5091 Dei
1055 5038 1210 5093 Deus.
1246 5037 1495 5092 Abundat
1517 5051 1620 5092 vox
1647 5036 1803 5103 Dens,
1842 5052 2016 5105 neque
2047 5047 2224 5093 exstat

633 5113 686 5166 in
718 5127 846 5166 mss.
886 5112 1008 5164 llum
1040 5111 1388 5179 interrogatio
1419 5108 1593 5174 pulsat
1624 5111 1875 5172 Arianos,
1905 5109 1992 5177 qni
2024 5108 2216 5165 Filium

634 5184 776 5238 Patri
834 5182 1151 5251 inaequalem
1197 5183 1321 5234 inde
1367 5181 1754 5248 argutabantur
1783 5221 1798 5243 ,
1851 5179 1993 5248 quod
2025 5179 2214 5236 Filium

634 5254 926 5320 visibilem,
953 5255 1165 5308 Patrem
1195 5251 1516 5306 invisibilem
1544 5255 1724 5322 animo
1754 5252 2051 5320 ﬁngerent:
2085 5267 2216 5322 quo-

633 5342 753 5381 rum
795 5341 858 5383 ea
902 5325 972 5380 de
1009 5341 1069 5380 re
1096 5323 1283 5378 deliria
1317 5323 1516 5391 sigillat
1561 5321 1911 5392 Augustinus,
1957 5323 2051 5377 lth.
2077 5321 2113 5378 ιι
2146 5323 2214 5378 de

635 5398 785 5454 Trin.
810 5413 860 5453 c.
893 5396 960 5452 14
982 5439 995 5458 ,
1039 5407 1091 5450 et
1121 5396 1296 5452 Serm.
1329 5409 1420 5457 vn,
1456 5411 1508 5446 ιι.
1538 5394 1603 5448 4.
1648 5394 1757 5448 lloc
1800 5409 1961 5465 porro
1990 5393 2078 5450 hic
2112 5395 2215 5465 sibi

634 5472 752 5524 vult
776 5481 960 5526 noster
987 5468 1220 5523 Hilarius
1243 5484 1256 5521 :
1282 5465 1389 5520 Vos
1410 5465 1500 5534 qui
1525 5465 1735 5519 Patrem
1762 5464 2106 5529 invisibilem,
2134 5464 2219 5520 Fi-

637 5542 766 5596 liunt
798 5541 1062 5597 visibilem
1097 5537 1280 5603 vultis,
1321 5537 1597 5607 interrogo
1638 5549 1814 5591 tttrttm
1859 5539 1948 5607 qui
1990 5538 2218 5593 visibilis

636 5621 740 5675 est,
794 5613 884 5667 Dei
914 5613 1196 5668 invisibilis
1223 5611 1398 5678 imago
1424 5625 1546 5665 esse
1578 5610 1764 5679 possit.

710 5684 779 5756 (ε)
823 5685 877 5738 In
929 5683 1197 5756 vulgatis,
1268 5699 1360 5756 per
1403 5682 1625 5756 formant
1659 5681 2126 5756 “cit'cuﬂntscriptgnt
2168 5689 2213 5736 et

634 5751 931 5826 imaginem.
1005 5751 1060 5810 1ῐι
1108 5751 1334 5810 vetustis
1379 5752 1778 5822 exemplaribus
1800 5751 1952 5808 Colb.
1975 5751 1995 5819 ,
2027 5752 2212 5826 Carm,

640 5824 825 5908 (ὲθιξιιι.
855 5842 918 5908 a_c
939 5827 1179 5908 pluribus
1203 5825 1341 5893 aliis,
1376 5841 1466 5908 per
1490 5829 1671 5908 (arma:
1697 5826 1989 5907 imaginem,
2015 5824 2216 5908 omisso

645 5899 809 5958 verbo
840 5898 1272 5971 circumscriptio:
1319 5897 1460 5970 quod
1489 5897 1542 5951 in
1573 5898 1784 5954 Martin.
1819 5905 2015 5963 exstat,
2052 5907 2105 5953 et
2164 5899 2215 5953 in

2330 4824 2569 4894 spiritum
2595 4817 3011 4895 ciscnniscriptus
3028 4835 3097 4876 est
3115 4839 3352 4893 corpore,
3381 4823 3488 4889 iam
3509 4817 3761 4890 incorporei
3777 4826 3845 4895 nati

2328 4908 2401 4951 est
2435 4900 2600 4968 forma
2629 4894 2926 4968 corporeus.
2970 4898 3037 4949 At
3060 4895 3112 4950 in
3139 4896 3368 4968 vulgatis
3389 4935 3404 4953 .
3437 4896 3602 4968 imago
3624 4894 3846 4968 corporettf

2328 4983 2390 5023 ac
2421 4959 2617 5024 deinde
2646 4959 2789 5038 apud
2823 4967 2952 5021 Bad.
2981 5007 2994 5028 ,
3043 4984 3135 5021 nec
3171 4959 3437 5034 indeﬁnite
3466 4959 3650 5038 species
3677 4959 3847 5036 deﬁnita:

2327 5039 2651 5105 moderatio;
2707 5050 2762 5095 et
2807 5038 2860 5094 in
2910 5038 3044 5094 edit.
3094 5041 3237 5107 aliis,
3291 5055 3384 5092 nec
3412 5037 3669 5106 inde/inita
3705 5038 3846 5101 specta

2325 5111 2535 5182 deﬁnita
2575 5111 2880 5165 moderatio.
3088 5181 3093 5182 ν
3390 5181 3410 5182 7
3670 5177 3679 5182 _
3782 5171 3790 5182 ι

2400 5181 2462 5254 (i)
2515 5186 2782 5252 Antiqnus
2836 5181 3217 5254 codexColh.
3260 5197 3322 5254 ac
3374 5181 3560 5237 Germ.
3611 5177 3754 5254 prima
3781 5168 3844 5224 illa

2322 5247 2504 5317 verba,
2564 5247 2675 5321 Qui
2708 5265 2780 5308 est
2818 5254 2988 5324 imago
3020 5253 3114 5308 Dei
3142 5252 3444 5324 invisibilis,
3493 5268 3594 5324 non
3616 5247 3845 5324 habentes,

2322 5327 2441 5450 alliis
2495 5315 2714 5409 lorsitau
2753 5315 3082 5382 sinceriorcs
3115 5335 3261 5381 sunt.
3301 5315 3582 5381 Sed'nihil
3611 5315 3848 5376 nocetluec

2322 5413 2370 5450 al
2397 5409 2571 5450 ΙΩΓΙΙΟο

2322 5400 2571 5463 atljeetio-

2396 5469 2470 5543 (j)
2511 5469 2568 5523 In
2595 5484 2697 5523 ms.
2730 5467 2895 5524 Carn.
2931 5470 3018 5524 hic
3046 5485 3144 5539 pro
3175 5468 3453 5523 constituta
3472 5476 3588 5543 su_nt
3609 5509 3622 5531 ,
3685 5468 3730 5517 et
3755 5468 3844 5543 {not

2327 5538 2431 5609 pro
2465 5544 2674 5595 condita
2700 5553 2855 5605 sunt,
2904 5538 3084 5597 exstat
3126 5549 3295 5596 creata
3317 5551 3457 5594 sunt.
3510 5538 3683 5594 Gra‘ce
3713 5538 3846 5600 Primo

2324 5614 2754 5687 locgprnriet'tttr
2790 5611 3015 5687 ἐκτίσθη,
3055 5613 3226 5670 altero
3264 5609 3512 5687 ἔκτισται.
3675 5679 3685 5687 _
3773 5671 3784 5687 ο
3823 5673 3839 5683 ι

2393 5679 2485 5756 (ιγ
2515 5685 2680 5751 Editi,
2734 5687 2787 5738 in
2815 5686 2926 5754 ipso
2965 5695 3215 5751 constant,
3257 5685 3465 5738 favente
3485 5694 3635 5753 grmc.
3666 5679 3708 5731 ἓν
3738 5679 3844 5738 αὑτῷ

2323 5759 2619 5822 συνέστηκε,
2660 5756 2754 5813 sed
2802 5757 3160 5812 renitentibus
3185 5773 3317 5811 mss.
3366 5827 3371 5828 ί
3448 5826 3456 5828 Α
3543 5825 3569 5828 η
3718 5818 3741 5828 η
3775 5810 3825 5823 ﬂ

2393 5827 2458 5899 (ι)
2489 5829 2546 5883 lu
2572 5818 2674 5901 nis.
2706 5828 2870 5884 Corn.
2906 5828 3006 5901 hic,
3033 5839 3083 5884 et
3109 5828 3269 5894 infra,
3320 5818 3844 5901 plenitudinemdiviqi-

2325 5883 2481 5954 tatis':
2512 5903 2596 5957 etti
2629 5883 2793 5956 favet
2819 5883 3092 5958 illudilib.
3123 5883 3209 5971 nt,
3241 5883 3296 5957 ti.
3320 5883 3393 5955 ’15
3427 5915 3447 5955 :
3471 5893 3603 5967 Quid
3634 5889 3754 5948 Filio
3773 5883 3842 5940 de-
