3988 6332
122 352 224 409 275

1320 352 1410 410 DE
1446 352 1822 412 ΤΒΙΝΙΤΑΤΕ
1853 350 2059 413 LIBER
2098 352 2233 413 Vill.

3312 359 3418 417 2⁸24

118 466 615 540 ipsumreconciliari
630 468 801 523 omnia
822 467 875 524 in
897 483 1011 524 eum
1036 468 1319 543 (Coloss.1,
1350 468 1419 525 13
1441 478 1488 525 et
1519 468 1704 543 seqq.).
1733 471 1787 533 Α
1816 468 1960 526 idem
1990 470 2379 543 primogenitus
2408 470 2474 528 ad
2502 471 2860 531 aeternitatem
2884 482 2987 541 est,
3042 482 3100 530 ut
3127 473 3214 531 cui
3247 474 3410 546 spiri-

121 562 218 619 Per
262 560 452 616 horum
498 562 659 631 igitur
704 576 930 632 operum
971 563 1226 619 virtutem
1269 563 1447 635 imago
1476 562 1574 619 Dei
1604 572 1709 619 est.

119 652 245 711 Nam
295 652 483 725 utique
521 652 869 710 invisibilium
899 654 1161 712 Conditor
1199 644 1308 711 non
1336 664 1419 710 est
1446 655 1503 711 in
1524 669 1587 711 ea
1617 669 1714 710 na-

122 756 247 804 tura:
273 748 620 816 necessitate,
646 755 705 804 ut
724 748 1009 805 invisibilis
1033 750 1127 805 Dei
1156 750 1335 820 imago
1358 742 1593 805 visibilis
1618 749 1709 805 sit.

118 841 188 899 Ac
214 856 284 897 ne
306 841 493 896 forma:
523 842 723 912 potius,
753 858 913 913 quam
937 852 1146 898 natura:
1168 842 1346 914 imago
1374 858 1497 899 esse
1517 843 1596 916 (1)
1624 843 1710 898 in-

120 933 475 1005 telligeretur;
534 934 737 992 idcirco
779 935 1065 993 invisibilis
1092 937 1186 992 Dei
1225 938 1402 1009 imago
1425 946 1549 1005 est,
1608 952 1703 994 na-

117 1038 227 1086 tura
257 1030 313 1084 in
336 1045 401 1085 eo
428 1028 527 1085 Dei
559 1045 653 1100 per
679 1040 887 1087 natura:
915 1046 1027 1087 suae
1050 1033 1304 1088 virtutem
1334 1032 1706 1105 intelligenda,

119 1122 185 1197 (a)
213 1139 327 1179 non
357 1123 615 1181 invisibili
642 1126 926 1197 qualitate.

177 1218 261 1274 50.
311 1216 415 1286 Qui
470 1219 865 1291 primogenitus,
908 1221 996 1289 qui
1045 1220 1329 1289 primatum
1378 1220 1433 1274 in
1476 1219 1709 1275 onmibus

114 1323 298 1370 tenens.
324 1343 400 1358 -
425 1313 826 1386 Primogenitus
862 1292 1046 1386 itaque
1085 1314 1261 1372 omnis
1290 1324 1554 1373 creatura:
1584 1324 1699 1383 est,

112 1406 224 1479 quia
278 1407 332 1462 in
390 1406 515 1478 ipso
561 1417 744 1464 creata
785 1408 968 1463 omnia
1017 1417 1161 1463 sunt.
1222 1408 1293 1464 Et
1339 1424 1409 1464 ne
1455 1407 1601 1479 quod
1648 1408 1703 1463 in

111 1502 217 1572 ipso
247 1512 429 1558 creata
454 1501 633 1557 omnia
664 1509 811 1565 sunt,
828 1516 935 1557 non
963 1502 1030 1557 ad
1060 1503 1235 1573 ipsum
1285 1503 1567 1574 quisquam
1608 1517 1706 1557 au-

110 1593 253 1652 deret
278 1594 507 1663 referre,
530 1595 627 1662 ait,
664 1594 851 1650 Omnia
873 1611 963 1667 per
1002 1595 1172 1666 ipsum
1200 1604 1249 1650 et
1275 1594 1329 1650 in
1354 1597 1469 1665 ipso
1495 1596 1702 1652 condita

107 1698 216 1745 sunt
236 1732 253 1758 ,
295 1701 343 1746 et
370 1690 486 1763 ipse
515 1699 592 1746 est
616 1687 782 1763 25.9
808 1699 928 1745 ante
953 1707 1148 1757 omnes,
1179 1701 1227 1746 et
1253 1690 1427 1746 omnia
1452 1691 1552 1762 ipsi
1580 1707 1702 1747 can-

105 1796 232 1841 stant
259 1783 397 1858 (1b.,
424 1786 534 1857 l7).
570 1786 758 1840 Omnia
792 1784 974 1856 itaque
1004 1786 1105 1857 ipsi
1136 1792 1411 1854 constant,
1443 1786 1533 1855 qni
1571 1794 1700 1842 ante

1820 563 1944 620 talia
1968 562 2190 629 debent,
2222 563 2295 639 (f)
2347 565 2398 621 in
2454 567 2815 640 primogenita
2866 576 3069 634 creata,
3103 567 3248 640 quod
3305 584 3423 625 ma-

1815 664 2015 723 neant;
2040 657 2091 713 ei
2112 666 2166 714 et
2192 656 2425 715 humana
2440 658 2694 728 debeant,
2718 660 2858 732 quod
2879 661 2930 717 in
2958 660 3320 734 primogenita
3345 676 3412 719 ex

1814 752 2045 809 mortuis
2074 762 2430 809 renascantur
2456 763 2681 810 aeterna.
2741 753 2863 826 ipse
2892 765 2976 810 est
3002 756 3144 811 cnim
3178 755 3413 823 initium,

1814 847 1905 917 qui
1933 862 2054 902 cum
2083 847 2223 903 lilius
2251 849 2343 913 sit,
2378 849 2554 921 imago
2582 848 2661 923 (g)
2690 858 2810 918 est;
2847 849 2925 925 (Ξ)
2951 867 3073 908 cum
3100 851 3275 923 imago
3304 862 3411 919 est,

1813 938 1911 995 Dei
1940 948 2043 997 est.
2109 940 2506 1011 Primogenitos
2554 956 2768 1013 quoque
2798 940 2879 1014 (It)
2929 944 3106 998 omnis
3136 955 3405 1000 creatum

1813 1044 1916 1098 est,
1949 1032 2237 1089 continens
2259 1032 2313 1090 in
2344 1048 2404 1090 se
2436 1034 2804 1091 universitatis
2831 1035 3137 1094 exordium.
3194 1037 3263 1093 Et
3292 1053 3414 1093 rur-

1813 1141 1931 1183 sum
1964 1127 2079 1197 ipse
2102 1136 2265 1197 caput
2289 1130 2534 1199 corporis
2559 1127 2819 1184 Ecclesia:
2845 1138 2959 1196 est,
2997 1136 3054 1186 et
3082 1130 3412 1201 primogeni-

1814 1230 1899 1275 tus
1925 1235 1992 1275 ex
2023 1220 2270 1283 mortuis,
2308 1231 2364 1275 ut
2389 1221 2442 1276 in
2472 1220 2726 1277 omnibus
2766 1231 2946 1278 teneat
2975 1222 3178 1297 ipse(i)
3217 1223 3414 1293 prima-

1811 1321 1944 1368 tum.
1987 1313 2055 1368 Et
2074 1312 2197 1384 quia
2225 1313 2405 1369 omnia
2436 1313 2484 1369 ei
2509 1322 2782 1381 constant,
2840 1314 2895 1370 in
2942 1315 3059 1387 ipso
3086 1315 3404 1386 complacita

1809 1408 2090 1482 plenitudo
2118 1410 2403 1475 consistit;
2454 1410 2582 1466 dum
2608 1411 2660 1465 iu
2681 1425 2749 1467 eo
2776 1426 2871 1481 per
2897 1411 3074 1482 ipsum
3105 1410 3173 1483 (j)
3198 1411 3250 1466 in
3285 1426 3409 1466 eum

1808 1503 2229 1561 reconciliantur
2263 1504 2471 1572 omnia,
2502 1504 2554 1560 in
2578 1520 2687 1576 quo
2719 1519 2817 1576 per
2847 1505 3021 1576 ipsum
3055 1505 3108 1561 in
3141 1506 3259 1577 ipso
3287 1521 3410 1562 om-

1805 1598 1894 1655 nia
1926 1607 2052 1654 sunt
2079 1606 2283 1654 creata.

1878 1693 1967 1750 5|.
1998 1693 2181 1765 Imago
2208 1692 2305 1749 Dei
2331 1702 2425 1762 est,
2454 1703 2705 1763 quatenus
2741 1693 2913 1749 omnia
2949 1695 3002 1750 in
3042 1710 3101 1749 eo
3147 1706 3407 1752 creantur.

1804 1785 2006 1842 Creatio
2029 1796 2082 1841 ut
2097 1786 2446 1842 reconciliatio
2468 1796 2514 1842 et
2540 1786 2716 1841 Patris
2736 1795 2783 1842 et
2805 1785 2936 1842 Filii
2954 1797 3026 1843 est
3034 1828 3046 1842 .
3066 1818 3138 1828 —
3152 1788 3408 1845 Sentisne

105 1878 272 1935 Omnia
300 1886 403 1947 est,
438 1888 494 1934 et
522 1879 576 1933 in
604 1894 712 1950 quo
740 1880 920 1933 omnia
947 1886 1094 1935 sunt.
1152 1879 1217 1934 Et
1240 1878 1355 1934 haec
1383 1878 1599 1949 quidem
1624 1878 1692 1935 ad
1725 1882 1773 1943 Β
1795 1879 1906 1950 jam
1955 1878 2085 1951 quid
2147 1880 2219 1935 sit
2270 1895 2392 1937 esse
2446 1880 2734 1951 imaginem
2790 1880 2926 1936 Dei?
2978 1880 3166 1938 Creari
3221 1882 3409 1950 utique

104 1973 323 2030 exordia
349 1974 621 2045 pertinent
647 1985 1039 2030 creaturarum.
1081 1971 1350 2030 Caeterum
1387 1973 1461 2048 (ὁ)
1492 1974 1562 2029 ob
1584 1973 1695 2029 dis-

102 2069 468 2139 pensationem
511 2068 759 2138 corporis
811 2067 984 2124 nostri
1025 2070 1138 2123 ait:
1187 2068 1256 2123 Et
1299 2068 1413 2140 ipse
1437 2077 1509 2123 est
1539 2078 1695 2141 caput

102 2160 331 2233 corporis
359 2158 630 2227 Ecclesite,
681 2162 777 2234 qui
821 2172 896 2216 est
937 2162 1147 2216 initium
1173 2203 1191 2230 ,
1229 2161 1601 2233 primogenitus
1630 2178 1694 2218 ea:

105 2254 314 2310 mortuis
340 2295 357 2322 ,
404 2263 459 2309 ut
481 2255 624 2327 ﬁeret
665 2256 720 2309 in
763 2254 1000 2310 omnibus
1026 2256 1137 2326 ipse
1166 2255 1445 2326 primatum
1480 2264 1693 2323 tenens;

95 2348 216 2415 quia
242 2349 295 2402 in
320 2349 435 2417 ipso
462 2348 775 2420 complacuit
802 2366 1005 2404 omnem
1040 2349 1409 2422 plenitudinem
1436 2330 1687 2417 habititre,

96 2450 140 2497 et
170 2455 261 2513 per
308 2442 479 2511 ipsum
504 2443 681 2497 omnia
704 2442 1033 2498 reconciliari
1076 2445 1131 2498 in
1161 2460 1274 2498 eum
1314 2441 1508 2516 (Ibid,
1548 2445 1613 2503 18
1640 2453 1691 2502 et

95 2533 270 2608 seqq.).
290 2535 545 2594 Reddidit
569 2539 857 2608 Apostolus
877 2538 1215 2610 spiritalibus
1239 2539 1311 2614 (c)
1334 2542 1690 2599 sacramentis

96 2643 381 2700 corporeus
405 2631 769 2701 operationes.
810 2630 1056 2703 Namque
1083 2633 1176 2705 qui
1224 2633 1402 2705 imago
1424 2634 1520 2690 Dei
1548 2635 1688 2691 invi-

96 2721 253 2779 sibilis
281 2730 387 2786 est.
419 2722 501 2794 (ἀ)
554 2734 611 2780 et
664 2724 781 2796 ipsc
806 2733 890 2781 est
917 2735 1079 2797 caput
1109 2727 1358 2798 corporis
1388 2726 1683 2784 Ecclesiat:

98 2825 144 2874 et
168 2816 253 2888 qui
290 2817 684 2890 primogenitus
716 2818 893 2874 omnis
921 2827 1185 2875 creaturae
1214 2830 1297 2876 cst
1325 2862 1341 2886 ,
1398 2820 1541 2877 idem
1575 2821 1683 2877 ini-

99 2911 233 2980 tium,
267 2912 670 2985 primogenitus
699 2929 764 2969 ex
796 2914 1026 2971 mortuis
1056 2922 1180 2969 est:
1228 2923 1288 2970 ut
1324 2915 1380 2971 in
1431 2917 1686 2973 omnibus

96 3015 257 3064 teneat
290 3009 610 3080 primatum,
643 3008 769 3064 dum
803 3008 963 3064 nobis
993 3007 1066 3082 (ε)
1100 3023 1300 3081 corpus
1330 3020 1434 3079 cst,
1465 3014 1555 3082 qui
1584 3011 1684 3068 Dei

93 3098 252 3174 imago
307 3113 433 3171 eat;
490 3102 619 3159 dum
670 3104 761 3175 qui
803 3103 1192 3175 pritnogenitus
1248 3112 1515 3161 creaturae
1569 3114 1678 3176 est,

1801 1974 1979 2029 omnia
2026 1970 2105 2045 (5)
2151 1972 2207 2028 in
2248 1971 2324 2047 (lt)
2361 1987 2428 2029 eo
2471 1988 2568 2045 per
2608 1990 2751 2029 cum.
2780 1971 2913 2030 Cum
2946 1974 2999 2031 itt
3047 1989 3113 2032 eo
3152 1983 3409 2032 creantur

1798 2067 2003 2129 omnia.
2029 2066 2269 2139 intellige
2296 2069 2459 2124 etiam
2486 2082 2609 2123 eum
2632 2068 2786 2139 cujus
2811 2068 2990 2140 imago
3019 2080 3102 2125 est
3127 2078 3405 2126 creantem

1799 2161 1853 2217 in
1886 2175 1954 2216 eo
1996 2161 2200 2215 omnia.
2233 2160 2365 2216 Cum
2412 2170 2591 2216 autem
2633 2176 2756 2231 quae
2790 2164 2840 2216 in
2889 2176 2956 2217 eo
2998 2169 3275 2230 creantur,
3308 2176 3408 2232 per

1797 2254 1973 2326 ipsum
2001 2261 2288 2319 creantur;
2323 2254 2377 2308 in
2400 2254 2501 2309 hoc
2527 2268 2762 2325 quoque,
2788 2253 2877 2325 qui
2908 2253 3087 2325 imago
3111 2261 3216 2319 est,
3250 2259 3405 2308 natu-

1797 2367 1913 2408 ram
1940 2350 2056 2423 ejus
2085 2350 2242 2421 cujus
2272 2350 2451 2422 imago
2482 2357 2563 2405 est
2594 2349 2656 2422 (ι)
2704 2349 2884 2405 inesse
2914 2348 3078 2422 εει)
3104 2361 3402 2419 cognosce.

1796 2446 1902 2503 Per
1936 2460 1996 2501 se
2019 2445 2162 2501 enim
2189 2454 2375 2512 creat,
2407 2460 2529 2517 quze
2559 2444 2612 2499 in
2645 2443 2762 2514 ipso
2800 2450 3091 2501 creantur:
3123 2442 3281 2499 sicuti
3305 2456 3405 2514 per

1794 2541 1971 2613 ipsum
1995 2539 2418 2597 reconciliantur
2448 2538 2501 2594 in
2531 2553 2599 2596 eo
2625 2536 2828 2594 omnia.
2861 2535 2997 2593 Cum
3031 2538 3083 2592 in
3113 2551 3181 2593 eo
3210 2551 3404 2592 recon—

1793 2634 2068 2701 ciliantur,
2092 2641 2333 2703 paterna:
2365 2631 2419 2687 in
2446 2645 2514 2688 eo
2541 2630 2640 2702 (tu)
2676 2629 2901 2686 unitatis
2921 2627 3274 2700 apprehende
3304 2643 3403 2684 na-

1793 2737 1971 2785 turam
2002 2724 2446 2783 reconciliantem
2475 2723 2579 2781 sibi
2606 2724 2660 2781 in
2687 2739 2752 2781 eo
2775 2723 2976 2781 omnia.
3000 2720 3134 2778 Cum
3158 2737 3255 2795 per
3273 2737 3401 2779 eum

1792 2822 2215 2879 reconciliantur
2241 2819 2446 2886 omnia,
2479 2819 2656 2889 ipsum
2693 2818 2840 2875 Patri
2871 2817 3312 2875 reconciliantem
3346 2818 3401 2874 in

1789 2929 1849 2972 se
1879 2916 2061 2972 omnia
2083 2930 2206 2988 qua:
2230 2929 2325 2987 per
2344 2928 2404 2970 se
2430 2910 2819 2969 reconciliabat
2844 2912 3110 2984 intellige.
3135 2909 3228 2968 Ait
3250 2910 3397 2965 enim

1786 3009 1930 3068 idem
1962 3007 2500 3082 Apostolus:0tnnia
2528 3018 2698 3064 autent
2732 3024 2763 3060 a
2794 3006 2924 3070 Deo.
2939 3008 3025 3079 qui
3052 3002 3400 3061 reconciliavit

1785 3121 1880 3161 nos
1916 3104 2012 3162 sibi
2056 3122 2149 3180 per
2190 3102 2473 3171 Christum,
2516 3113 2565 3159 et
2602 3104 2742 3160 dedit
2771 3101 2916 3160 nobis
2945 3100 3027 3176 (η)
3056 3099 3397 3157 ministerium

155 3267 839 3359 (il.i?‘?"’€9‘“fipil‘}9
863 3277 1051 3359 P9§‘.:..
1066 3268 1378 3359 ηριξνίδῑθίιξ
1401 3270 1667 3359 σ’έαίίίέὲἔέο
1698 3291 1743 3359 C
1780 3270 2053 3359 ίηηξξὲθὶίίδ
2078 3287 2183 3354 "9"
2205 3269 2436 3359 ναῖενξεις

92 3338 216 3396 Cum
239 3342 334 3398 his
359 3338 550 3398 confer
568 3338 691 3413 qute
716 3338 965 3412 leguntur
987 3342 1123 3395 lihro
1149 3357 1223 3408 st,
1257 3338 1494 3409 num.'5,
1522 3343 1669 3397 scili-

90 3422 199 3481 cet,
244 3414 345 3486 qui
397 3414 453 3469 in
491 3413 777 3469 substantia
806 3413 1141 3481 conspicabili
1165 3414 1440 3486 imaginem
1468 3425 1672 3471 natura:

88 3558 207 3615 erat,
234 3550 294 3604 in
328 3563 428 3620 quo
453 3548 832 3620 complacuerat
860 3563 1062 3602 onmem
1100 3548 1472 3619 plenitudinem
1497 3550 1685 3606 diuini-

90 3622 196 3675 tatis
232 3620 518 3677 habitare?
562 3620 692 3675 Vide
729 3630 784 3674 et
827 3636 975 3675 num.
1022 3621 1086 3675 17
1139 3620 1380 3690 ejusdem
1421 3622 1566 3677 libri.

150 3692 228 3765 (a)
275 3693 406 3747 Vat.
433 3693 550 3765 bas.
579 3707 708 3765 ms.,
760 3691 1174 3765 nonuinvisibilis
1194 3694 1459 3762 qualitate.
1522 3694 1675 3763 Bad.,

88 3762 287 3820 sednon
320 3764 538 3819 visibilis
566 3764 838 3836 qualitate.
869 3763 986 3836 Er.,
1023 3762 1174 3831 Lips.
1206 3772 1260 3818 ct
1284 3764 1487 3836 aliquot
1518 3781 1675 3833 mss.,

88 3853 181 3891 non
203 3837 403 3892 visibili
431 3837 699 3904 qualitate.
801 3834 994 3891 Verius
1038 3835 1161 3890 Par.
1193 3851 1316 3891 cum
1354 3834 1675 3906 potioribus,

86 3925 181 3981 non
204 3907 465 3964 invisibili
491 3907 776 3981 qualitate:
811 3908 921 3981 hoc,
940 3918 1051 3981 est,
1063 3906 1363 3981 invisibilis
1388 3910 1475 3965 illa
1500 3909 1677 3981 imago

87 3979 302 4052 intelligi
356 3996 463 4035 non
507 3979 671 4035 debet
717 3978 772 4033 in
819 3978 1369 4052 invisibiliqualitatc
1407 3981 1532 4046 sita,
1578 3978 1673 4036 sed

84 4054 131 4107 in
163 4050 280 4122 ipsa
338 4052 633 4107 substantia
673 4064 738 4105 ac
774 4059 964 4104 natura
1006 4050 1130 4105 Dei:
1175 4054 1319 4119 quia,
1362 4053 1437 4105 uti
1479 4053 1574 4107 lib.
1616 4069 1670 4118 ν,

84 4138 135 4181 n.
168 4127 221 4192 ὃ,
271 4124 480 4180 dicitur
502 4164 519 4188 ,
561 4136 761 4178 natura:
788 4123 951 4177 uirtus
980 4131 1188 4192 praestat
1219 4138 1283 4178 ac
1325 4124 1515 4193 probat
1537 4125 1672 4178 ueri-

84 4206 247 4252 tatem.
294 4195 414 4251 Nec
463 4194 683 4249 dubium
729 4206 806 4249 cst
853 4193 1074 4262 imagini
1117 4194 1191 4247 illi
1229 4194 1467 4249 divinam
1495 4196 1674 4251 inesse

82 4270 374 4331 virtutem,
425 4267 510 4322 cui
551 4266 730 4321 omnia
787 4266 1007 4320 creandi
1058 4273 1296 4333 potestas
1318 4268 1386 4321 ab
1414 4268 1673 4336 Apostolo

83 4341 412 4395 attribuitur.
471 4336 657 4409 Imago
683 4338 853 4409 itaque
879 4336 1005 4401 illa,
1054 4347 1115 4392 ut
1160 4337 1362 4409 notitia
1414 4339 1558 4395 illius
1604 4354 1672 4395 ex

81 4409 369 4468 Ambrosio
389 4454 405 4478 ,
443 4411 536 4466 lib.
561 4408 669 4465 ltit‘.
700 4408 833 4464 Fide
857 4423 907 4463 c.
940 4410 995 4475 7,
1018 4408 1349 4478 suppleatur,
1375 4426 1479 4466 non
1499 4410 1674 4465 vultus

80 4494 146 4536 est
164 4484 489 4556 corporalis,
536 4498 641 4536 non
689 4481 823 4552 fucis
858 4481 1172 4556 composita,
1220 4498 1321 4535 non
1368 4484 1544 4556 ceris;
1584 4483 1676 4537 sed

80 4551 295 4626 simplex
323 4557 389 4609 de
416 4552 591 4626 Deo,_
620 4569 825 4626 egressa
845 4551 909 4605 de
936 4551 1115 4626 Patre,
1151 4568 1390 4626 expressa
1418 4554 1481 4608 de
1511 4556 1670 4626 fonte.

80 4623 140 4701 Et
163 4623 287 4701 past
312 4643 480 4701 palma
510 4644 524 4681 :
564 4623 746 4701 magg
782 4625 880 4701 ista
906 4624 1093 4678 veritas
1118 4633 1214 4691 est,
1260 4624 1430 4691 imago
1462 4623 1562 4680 ista
1580 4628 1675 4701 ju-

78 4700 208 4752 stitia
233 4694 337 4763 est,
374 4699 549 4767 imago
579 4699 676 4751 ista
697 4694 992 4769 Deiguirtus
1031 4706 1144 4769 est;
1192 4713 1295 4750 non
1322 4708 1497 4765 muta,
1554 4694 1676 4769 q'uia

78 4771 278 4856 ret-bum
301 4780 416 4836 est;
471 4784 577 4823 non
607 4767 935 4834 insensibilis,
966 4767 1085 4838 quia
1115 4769 1368 4852 sapientia
1394 4779 1469 4825 est
1493 4787 1512 4835 ;
1566 4767 1676 4825 non
1703 4796 1760 4859 D
1782 4767 1923 4859 runt:

76 4840 263 4905 inanis,
302 4846 428 4908 quia
451 4847 612 4895 uirtus
633 4850 746 4903 est;
781 4854 884 4893 non
910 4854 1096 4902 uacua,
1134 4841 1256 4908 quia
1296 4843 1401 4895 vita
1442 4850 1535 4905 est,
1569 4851 1676 4897 etc.

103 4986 113 4996 .
141 4912 214 4987 (ὁ)
253 4914 318 4971 In
362 4922 579 4970 vetusto
614 4911 800 4968 codice
830 4910 986 4967 Coll).
1025 4925 1088 4966 ac
1117 4909 1337 4981 Gertn.,
1372 4912 1435 4968 ob
1463 4914 1685 4987 disposi-

76 4994 692 5131 ηοῗδωὲιιὶιίμεξροριρ
739 5054 895 5117 Pan,
939 5055 1258 5131 spiritalibus
1283 5067 1685 5131 _sacramentum

76 5126 554 5201 concorporationis
593 5126 767 5201 (Lips.
806 5127 1224 5201 corporationis).
1273 5126 1537 5201 Namque,
1574 5141 1681 5185 etc.

73 5197 295 5259 Rectius
339 5217 470 5257 mss.
517 5197 842 5270 spiritalibus
864 5197 1232 5264 sacramentis,
1264 5212 1397 5265 etc.,
1428 5197 1543 5257 'ltoc
1570 5211 1683 5270 est,

75 5274 511 5343 operationibus,
540 5288 658 5343 qum
691 5269 990 5343 spiritalem
1020 5285 1083 5326 ac
1106 5271 1345 5343 divinam
1369 5271 1568 5329 Christi
1592 5289 1688 5328 na-

72 5353 245 5401 turam
282 5342 569 5417 spectant;
590 5342 867 5413 subiunxit
894 5357 1014 5412 quae
1050 5342 1118 5398 ad
1148 5358 1472 5415 corpoream
1502 5354 1558 5402 ct
1585 5348 1687 5403 hu-

72 5434 289 5474 manam
322 5419 574 5472 attinent.

138 5492 220 5563 (ἀ)
269 5488 507 5552 Excusi,
531 5489 663 5563 ipse,
692 5488 813 5543 sine
843 5495 927 5563 et,
956 5486 1100 5558 quod
1133 5487 1223 5544 ltic
1265 5489 1445 5560 aptius
1482 5490 1690 5563 signiﬁ-

69 5558 157 5618 cat
198 5558 524 5619 naturarum
554 5558 630 5615 in
679 5575 783 5616 una
830 5558 1129 5629 eademque
1178 5558 1408 5632 persona
1461 5558 1688 5620 dis'tinc-

69 5636 298 5690 tionem.

135 5707 212 5780 (ε)
257 5707 341 5762 Ita
369 5718 749 5780 omnespropc
772 5704 1240 5780 mss.,__quomodo
1270 5720 1468 5780 supra,
1499 5722 1555 5762 n.
1592 5707 1683 5772 52,

67 5774 259 5850 corpus
279 5780 511 5850 omnium
530 5774 779 5832 Christus
804 5775 1149 5850 praedicatur.
1178 5778 1246 5850 ᾼι
1276 5774 1539 5835 ἱιιόοιίίοθ
1569 5780 1684 5837 bas.

68 5849 187 5907 Vat.
219 5860 282 5907 et
316 5847 531 5920 Martia,
571 5844 883 5921 corporeus,
927 5849 980 5904 in
1017 5844 1148 5904 edit.
1181 5847 1329 5919 Par.,
1366 5853 1681 5921 corporalis,

70 5923 120 5979 in
148 5924 281 5981 aliis
311 5914 717 5992 concorporalis.

1851 3343 1927 3412 (2)
1968 3342 2096 3398 Cum
2115 3340 2307 3412 imago,
2337 3340 2435 3397 Dei
2457 3348 2553 3396 est.

1851 3344 1906 3410 (2
1968 3343 2096 3398 Cum
2115 3343 2307 3412 imago,
2337 3343 2435 3397 Dei
2457 3356 2484 3396 e

1848 3343 1930 3489 (δὲ
1974 3413 2042 3471 In
2064 3428 2123 3470 eo
2156 3425 2205 3469 et
2230 3430 2323 3487 per
2351 3429 2487 3470 eum.

1858 3549 1946 3626 (I)A
1968 3550 2102 3607 Tres
2125 3564 2257 3606 mss.
2289 3549 2445 3626 Colb.
2480 3549 2537 3604 in
2563 3546 2928 3619 primogenita,
2957 3545 3392 3626 mendoseLMpx

1784 3622 1840 3679 in
1867 3617 2083 3689 aliquot
2105 3621 2526 3687 recentioribus,
2564 3617 2672 3676 nec
2705 3617 2813 3674 non
2842 3618 2982 3690 apttd
3014 3618 3106 3674 Er.
3145 3631 3199 3676 et
3228 3617 3387 3687 Bud.,

1782 3696 1900 3750 vitta
1948 3703 2285 3751 renascantur
2327 3702 2531 3748 (sternte
2559 3708 2579 3747 :
2607 3691 2785 3746 minus
2811 3691 3061 3763 sincere.
3112 3691 3393 3763 Spirttalia

1783 3767 2088 3838 intelligere
2119 3777 2203 3821 est
2233 3766 2457 3838 angelos
2497 3764 2583 3821 vel
2614 3763 2778 3838 etiam
2808 3760 3058 3838 bomines
3091 3760 3389 3819 secundum

1781 3833 2522 3900 animaithumana'autem
2568 3836 2759 3891 saltem
2807 3833 3088 3905 hominum
3133 3848 3389 3905 corpora.

1780 3909 1971 3980 Angcli
2004 3909 2198 3966 debent
2229 3908 2446 3980 Christo
2470 3908 2608 3979 quod
2623 3914 2870 3980 maneant
2888 3948 2920 3980 ,_
2932 3904 2989 3980 id
3016 3917 3098 3961 εει
3120 3904 3278 3980 ,‘no_n
3300 3905 3388 3980 in-

1782 3976 2008 4037 tereant.
2045 3981 2114 4036 Ut
2138 3981 2283 4036 cnim
2323 3976 2492 4035 docet
2514 3978 2854 4041 Ambrosius,
2887 3976 2984 4032 lib.
3012 3992 3070 4031 ιιι
3114 3976 3184 4032 de
3218 3976 3386 4042 Fide.

1779 4068 1831 4109 c.
1861 4055 1896 4110 5
1921 4070 1936 4110 :
1969 4057 2062 4108 nec
2084 4052 2311 4124 Angelus
2332 4052 2639 4124 immortalis
2663 4060 2734 4103 est
2761 4048 3089 4124 naturaliter,
3113 4052 3266 4124 cujus
3289 4050 3391 4104 im-

1778 4126 2072 4181 mortalitas
2100 4125 2157 4178 in
2170 4120 2447 4178 'voluntate
2466 4134 2538 4177 est
2562 4120 2840 4177 Creatoris.

1850 4195 1929 4271 (g)
1974 4197 2047 4251 lta
2089 4210 2222 4271 mss.
2257 4193 2370 4271 nisi
2392 4194 2537 4271 quod
2580 4193 2634 4271 in
2663 4191 2926 4271 pluribus
2957 4191 3115 4248 deest
3152 4190 3387 4262 primum

1776 4263 1919 4324 illud
1951 4278 2046 4323 est.
2087 4269 2156 4323 At
2196 4269 2248 4321 in
2285 4263 2519 4337 vulgatis
2561 4263 2901 4322 desideratur
2930 4272 3227 4336 prsetere'a,
3271 4280 3391 4320 cum

1778 4341 1954 4396 imaao
1982 4351 2079 4396 est.
3103 4384 3108 4388 .

1801 4356 1954 4487 milii,
1974 4356 2361 4487 fdiiliar‘tinset
2381 4409 2606 4487 aliquot
2628 4406 2904 4487 veteribus
2931 4406 3085 4487 libris
3103 4384 3108 4388 ⁸
3123 4407 3394 4487 omittitur

1782 4479 1969 4540 omnis.
2031 4482 2186 4552 Quod
2243 4482 2330 4537 hic
2381 4479 2641 4552 brevius,
2696 4479 2779 4535 sic
2841 4479 3133 4545 exponitur
3187 4481 3392 4537 clarius

1781 4556 1999 4628 Ft'agm.
2039 4551 2117 4620 Il,
2154 4572 2206 4610 n.
2236 4555 2309 4628 '50
2338 4572 2353 4609 :
2386 4551 2594 4607 Idcirco
2626 4551 2994 4628 primogenitae
3034 4552 3202 4628 omnis
3247 4568 3396 4607 crea-

1783 4623 1932 4693 turti.
1957 4628 2077 4700 quia
2111 4629 2165 4683 in
2200 4626 2376 4682 eodem
2397 4629 2514 4699 jam
2544 4641 2576 4678 a
2615 4623 2874 4700 principio
2909 4625 3139 4700 omnium
3160 4639 3275 4694 qua:
3300 4629 3390 4700 Aef-

1784 4695 2013 4773 fecturus
2064 4709 2175 4756 erat
2196 4741 2211 4767 ,
2263 4695 2437 4754 omnia
2493 4695 2879 4770 generationum
2931 4695 3080 4751 initia
3144 4696 3394 4752 constite-

1858 4844 2121 4918 (ἕλικι)υά
2158 4842 2292 4899 Bad.
2326 4854 2381 4897 et
2427 4840 2856 4918 E_r.,_primatu_m
2885 4840 3092 4918 capitis.
3127 4840 3196 4918 ἰπὶ
3226 4854 3334 4918 uno
3361 4855 3395 4896 e

1788 4910 2095 4973 ms‘.’Vat’ic.
2131 4918 2405 4987 primatum
2431 4910 2736 4969 charitatis:
2762 4911 3055 4983 glossenta.
3077 4912 3134 4969 In
3157 4910 3310 4968 Colb.
3339 4922 3396 4968 et

1787 4988 1972 5046 Germ.
1986 5032 2000 5051 ,
2034 4997 2199 5043 teneat
2226 4988 2496 5055 primatus.

1860 5062 1930 5134 (j)
1962 5061 2017 5116 lu
2038 5054 2284 5134 vulgatis,
2300 5067 2352 5134 et
2370 5059 2423 5111 in
2444 5073 2579 5111 eum.
2598 5056 2766 5134 Abest
2789 5054 3053 5134 particula
3076 5066 3123 5111 et
3139 5056 3209 5111 ab
3223 5057 3398 5134 omni-

1791 5127 2056 5188 bus'mss.
2087 5127 2152 5187 lii
2173 5129 2417 5203 pluribus
2437 5143 2616 5203 autem
2650 5129 2999 5203 desideratur
3022 5128 3083 5203 in
3110 5143 3249 5183 eum.
3277 5127 3396 5183 Non

1831 5220 2017 5261 rursus
2041 5200 2294 5273 displicet
2315 5215 2437 5256 cum
2466 5200 2620 5257 Colb.
2652 5211 2706 5257 et
2728 5200 2913 5256 Germ.
2948 5214 3038 5270 per
3063 5201 3235 5273 ipsum
3259 5215 3397 5273 eum.

1831 5220 2017 5261 νοτευδ
2041 5220 2294 5273 displicet
2315 5220 2437 5256 cum
2466 5220 2620 5257 ιιθιι).
2652 5220 2706 5257 ει
2728 5220 2913 5256 bern).
2948 5220 3038 5270 per
3065 5220 3082 5254 ι
3122 5220 3235 5254 sum
3259 5220 3396 5254 eum.

1791 5220 1985 5332 Bostea
2031 5276 2192 5331 iidem
2241 5287 2373 5329 mss.
2422 5274 2478 5327 in
2521 5289 2612 5338 eo,
2661 5288 2761 5343 pro
2804 5273 2859 5327 in
2909 5286 3030 5342 quo.
3061 5220 3199 5327 {um
3228 5270 3396 5339 editi,

1791 5349 2076 5423 per_ips_um
2101 5347 2360 5423 et_in‘ipso
2388 5362 2408 5401 :
2436 5344 2527 5399 ubi
2553 5344 2816 5423 particula
2845 5352 2895 5398 et
2919 5345 3127 5423 abestna
3147 5356 3287 5423 ipsa.

1865 5412 1940 5492 Ut)"
1972 5418 2191 5483 Excusi,
2221 5412 2278 5472 in
2300 5432 2359 5471 eo
2385 5427 2431 5472 et
2462 5412 2569 5487 per'
2591 5434 2729 5473 eum.
2751 5414 2900 5492 rTom
2932 5428 3033 5470 ms.
3064 5412 3398 5492 Colb.,__cum

1797 5484 1992 5548 ineunt
2013 5498 2341 5556 recreantur;
2364 5498 2419 5544 et
2439 5484 2586 5554 mox,
2608 5505 2722 5560 qua:
2741 5491 2795 5543 in
2817 5503 2935 5543 eum
2955 5494 3213 5540 creantur.
3238 5484 3401 5544 Utro-

1798 5579 1904 5636 que
1936 5567 2057 5620 loco
2086 5563 2260 5636 habet
2274 5563 2436 5616 etiam
2465 5560 2680 5636 Merlin.
2711 5560 2766 5615 in
2791 5575 2929 5636 eum.

1871 5635 1937 5711 (Ι)
1978 5635 2215 5691 Verbum
2233 5634 2430 5711 inesse,
2474 5633 2619 5711 quod
2658 5631 2711 5687 in
2745 5631 2889 5701 prius
2924 5629 3158 5711 vulgatis
3182 5629 3401 5711 deside-

1795 5704 1948 5767 ratur
1994 5715 2180 5765 exstat
2232 5707 2288 5762 in
2347 5705 2598 5761 omnibus
2651 5718 2785 5759 mss.
2839 5711 2897 5758 at
2943 5709 3199 5775 corrupte
3249 5704 3303 5759 in
3347 5715 3403 5759 se

1794 5798 1921 5839 8888.

1867 5856 1962 5927 (nt)
1991 5853 2104 5927 _Er_.
2131 5860 2187 5920 ct
2211 5846 2617 5927 ΙᾹρδηυὶζζίιτῐε2
2640 5846 2751 5927 duo
2773 5852 2905 5903 mss.
2939 5842 3305 5927 natibitatis;
3361 5892 3391 5927 ,δ

1864 5916 1956 5999 Μ
1990 5925 2121 5982 Bait.
2155 5916 2415 5981 eum'm's.
2450 5921 2571 5979 Vat.
2604 5920 2719 5979 bas.
2751 5920 3072 5991 mysterium,
3113 5916 3397 5980 mendasel
