3988 6332
135 311 239 368 277

1345 306 1440 364 DE
1472 305 1850 366 TRINI'I’A'I’E
1887 306 2094 366 LIBER
2131 308 2224 367 IX.

3335 318 3441 377 9.78

133 425 376 483 vinitatls
406 422 685 498 plenitudo
711 423 916 482 habitet
945 423 1000 481 in
1032 422 1293 481 Christo?
1319 420 1379 480 Si
1401 435 1533 480 vero
1559 421 1734 480 Patris
1759 424 1814 487 Α
1837 421 2086 481 Christus
2104 467 2122 495 ,
2153 432 2238 483 est
2262 433 2318 484 et
2345 424 2650 485 inhabitans
2678 427 2732 485 in
2759 441 2829 486 eo
2850 428 3152 490 divinitatis
3175 441 3434 507 corpora-

133 528 235 588 est,
267 517 437 576 edoce
466 516 739 590 quomodo
777 516 1136 589 corporaliter
1177 516 1295 574 haec
1328 516 1382 573 in
1434 529 1502 573 eo
1532 513 1740 572 habitet

131 614 431 688 plenitudo.
455 613 513 671 Si
534 614 680 670 enim
704 612 975 684 corporali
1001 611 1164 669 modo
1184 611 1402 669 Patrem
1427 611 1480 666 in
1501 609 1640 667 Filio
1656 609 1734 683 (a)

131 707 347 776 credis;
403 707 566 765 Pater
615 707 670 763 in
725 706 865 764 Filio
933 706 1186 764 habitans
1237 721 1345 763 non
1401 704 1636 762 exstabit
1682 703 1739 760 ln

132 814 275 856 sese.
308 799 387 873 (1)
414 799 472 857 Si
494 815 644 870 vero,
679 800 823 871 quod
847 811 930 856 est
958 800 1169 872 potius,
1203 799 1562 872 corporaliter
1589 799 1642 855 in
1673 812 1742 855 eo

133 910 360 951 manens
384 894 462 967 (b)
483 893 736 951 divinitas
761 904 969 951 natura:
999 895 1051 951 in
1087 910 1156 952 eo
1181 895 1278 952 Dei
1303 910 1368 951 ex
1399 895 1510 950 Deo
1537 892 1742 964 signiﬁ-

132 996 217 1045 cat
247 989 572 1056 veritatem;
600 991 729 1044 dum
766 990 816 1044 in
843 1004 910 1044 eo
952 989 1098 1045 Deus
1119 997 1232 1053 est,
1267 1004 1374 1044 non
1404 998 1495 1043 aut
1530 1002 1629 1058 per
1655 986 1739 1043 di-

134 1083 443 1154 gnationem
471 1091 564 1137 aut
585 1097 680 1154 per
703 1081 1062 1148 voluntatem,
1094 1082 1188 1138 sed
1211 1097 1308 1153 per
1333 1081 1740 1153 generationem

131 1192 293 1232 verus
315 1186 368 1232 et
392 1185 537 1231 totus
559 1174 633 1249 (c)
667 1177 939 1249 corporali
969 1177 1268 1233 secundum
1315 1192 1376 1232 se
1407 1175 1742 1248 plenitudine

133 1284 396 1335 manens;
431 1269 558 1325 dum
590 1269 733 1340 quod
761 1271 878 1342 ipse
909 1280 1026 1338 est,
1066 1270 1116 1326 id
1147 1274 1309 1327 etiam
1353 1287 1448 1341 per
1484 1269 1742 1326 nativita-

134 1373 238 1419 tem
269 1363 366 1421 Dei
401 1363 455 1418 in
481 1362 653 1419 Deum
684 1361 761 1436 (2)
791 1373 974 1419 natum
1009 1364 1089 1438 (ά)
1115 1376 1227 1430 est;
1261 1380 1439 1436 neque
1465 1363 1742 1420 diversum

135 1469 222 1512 aut
250 1455 514 1513 diil'erens
541 1457 743 1528 aliquid
774 1456 828 1512 in
855 1457 969 1514 Deo
989 1466 1094 1524 est,
1119 1474 1278 1528 quam
1305 1457 1359 1514 id
1381 1459 1520 1528 quod
1545 1471 1742 1527 corpo-

133 1552 320 1608 raliter
350 1551 556 1608 habitet
582 1550 639 1608 in
681 1549 932 1620 Christo;
961 1562 1018 1610 et
1053 1552 1315 1624 quidquid
1359 1549 1438 1626 (5)
1479 1551 1746 1608 inhabitet

134 1645 513 1717 corporaliter,
543 1647 596 1703 id
624 1648 800 1720 ipsum
822 1647 1119 1704 secundum
1144 1648 1440 1703 divinitatis
1466 1656 1549 1704 est
1570 1647 1745 1718 pleni-

134 1740 374 1797 tudinem
403 1758 416 1794 :
449 1741 579 1812 quid
607 1743 840 1798 humana
868 1742 1133 1799 sectaris?
1158 1743 1321 1817 253
1348 1743 1474 1814 quid
1501 1743 1740 1799 inanium

1839 517 1965 575 liter
1983 518 2281 591 plenitudo.

1912 611 2002 670 56.
2034 612 2166 680 Qua
2189 615 2255 670 sit
2277 612 2529 672 habitatio
2553 617 2864 688 corporalis.
2892 616 3055 693 Cujus
3082 619 3169 677 sit.
3199 650 3273 664 -
3300 621 3369 680 Et
3390 625 3435 680 si

1839 722 2054 779 quaeras
2082 724 2202 780 quae
2242 709 2314 765 sit
2356 709 2617 767 habitatio
2643 713 2977 785 corporalis;
3023 715 3266 789 intelllge
3307 718 3436 791 quid

1841 800 1914 856 sit
1941 800 2085 873 loqui
2106 800 2160 858 in
2191 803 2476 876 loquente,
2502 814 2559 860 et
2579 805 2634 860 in
2655 805 2774 862 viso
2793 805 2987 878 videri,
3010 817 3066 866 et
3093 809 3148 866 in
3175 821 3438 884 operante

1843 895 2093 964 operari,
2123 903 2180 951 et
2209 896 2261 951 in
2303 896 2414 954 Deo
2440 896 2647 966 Deum,
2698 907 2752 955 et
2780 915 2845 954 ex
2879 907 2992 957 toto
3026 911 3230 973 totum,
3276 913 3332 961 et
3372 921 3440 962 ex

1845 1005 1952 1045 uno
1979 1005 2144 1045 unum
2169 1006 2184 1046 :
2211 999 2266 1046 et
2294 992 2366 1046 ita
2391 992 2693 1063 corporalis
2720 992 3018 1050 divinitatis
3048 997 3435 1067 plenitudinem

1843 1097 2193 1155 recognosce.
2227 1083 2295 1139 Et
2317 1085 2472 1156 cujus
2502 1085 2618 1141 haec
2648 1085 2944 1143 divinitatis
2983 1093 3337 1161 corporaliter
3363 1094 3442 1149 in-

1844 1177 2095 1233 habitans
2119 1178 2396 1248 plenitudo
2424 1181 2526 1248 sit,
2573 1192 2849 1237 memento
2877 1185 3194 1254 Apostolum
3226 1203 3332 1244 non
3365 1199 3444 1245 ta-

1844 1286 1969 1328 cere
1993 1271 2297 1328 dicentem:
2319 1271 2403 1327 Ea
2422 1274 2580 1341 enim,
2607 1291 2721 1345 qua:
2744 1275 3025 1332 invisibilia
3051 1288 3170 1333 sunt
3191 1283 3332 1353 ejus,
3362 1281 3442 1355 (h)

1845 1382 1877 1420 a
1907 1365 2270 1421 constitutione
2304 1367 2514 1434 mundi,
2557 1383 2649 1437 per
2683 1384 2744 1422 ea
2768 1383 2886 1440 qua:
2927 1371 3066 1442 facta
3095 1381 3246 1439 sunt,
3295 1373 3446 1429 intel-

1848 1459 1978 1514 lecta
2020 1459 2408 1530 conspiciuntur
2429 1468 2624 1516 (sterno
2650 1477 2848 1533 quoque
2883 1463 2994 1533 ejus
3024 1465 3184 1519 virtus
3227 1476 3275 1520 et
3311 1466 3444 1521 divi—
3507 1487 3512 1494 λ

1846 1552 1982 1606 nitas
2017 1550 2195 1624 (Rom.
2232 1567 2271 1619 ι,
2304 1551 2416 1624 20).
2461 1551 2634 1623 Hujus
2662 1552 2843 1623 itaque
2865 1552 3119 1610 divinitas
3153 1554 3218 1628 (ὅ)
3245 1570 3444 1628 corpo-

1847 1645 1976 1700 ralis
2007 1644 2061 1699 in
2091 1641 2308 1699 Christo
2328 1653 2440 1711 est,
2486 1658 2594 1698 non
2622 1659 2688 1700 ex
2731 1656 2913 1716 parte,
2944 1645 3042 1702 sed
3093 1655 3238 1715 tota;
3269 1665 3445 1721 neque

1847 1739 2025 1812 portio
2051 1747 2135 1795 est
2154 1780 2169 1809 ,
2200 1738 2294 1794 sed
2326 1738 2636 1810 plenitudo:
2678 1738 2752 1794 ita
2790 1740 3149 1811 corporaliter
3176 1757 3403 1799 manens
3430 1785 3444 1810 ,

132 1833 511 1904 deceptionum
538 1833 804 1891 doctrinis
819 1834 1092 1892 inhaares?
1113 1836 1244 1907 quid
1267 1835 1396 1890 mihi
1425 1833 1586 1890 ati‘ers
1608 1849 1738 1891 una-
1767 1831 1815 1891 B
1845 1843 1903 1887 ut
1925 1846 2090 1887 unum
2121 1834 2230 1885 sint
2255 1846 2272 1897 ;
2320 1829 2395 1885 ita
2423 1844 2590 1885 unum
2631 1837 2780 1897 sunt,
2822 1837 2940 1887 uta
2961 1829 3074 1887 Deo
3101 1847 3210 1888 non
3232 1831 3447 1890 differat

136 1928 460 1997 nintitatent,
493 1927 869 1997 concordiam,
910 1927 1253 1986 creaturam?
1278 1927 1567 1985 Plenitudo
1594 1927 1738 1984 divi-

134 2020 319 2077 nitatis
341 2021 396 2076 in
419 2020 636 2078 Christo
665 2030 750 2078 est
771 2022 1147 2096 corporaliter.

210 2115 303 2172 55.
348 2114 494 2170 Alius
519 2114 785 2183 habitam,
818 2118 952 2172 alius
980 2116 1266 2184 habitatio;
1307 2119 1560 2187 perfectus
1599 2124 1740 2172 uter-

139 2224 238 2280 que
269 2207 425 2266 Deus.
458 2238 523 2250 -
539 2207 736 2266 Tenuit
756 2219 936 2266 autem
956 2211 1120 2266 etiam
1148 2211 1201 2265 in
1233 2209 1335 2266 hoc
1359 2209 1647 2281 Apostolus
1670 2209 1736 2264 ﬁ-

140 2302 231 2359 dei
257 2317 367 2360 suae
396 2304 565 2376 legem
591 2343 608 2374 ,
637 2313 699 2362 ut
723 2305 1080 2377 corporaliter
1113 2307 1165 2361 in
1190 2303 1410 2362 Christo
1437 2306 1739 2364 inhabitare

132 2399 524 2471 plenitudinem
553 2399 854 2456 divinitatis
895 2400 1117 2458 doceret
1143 2420 1156 2458 :
1187 2399 1272 2475 (4)
1302 2417 1370 2458 ne
1392 2400 1460 2457 ad
1483 2401 1739 2458 unionem

134 2492 206 2562 (c)
235 2492 458 2563 impiam
484 2491 606 2548 iidei
628 2508 810 2550 sermo
830 2493 1150 2562 decideret,
1181 2509 1283 2550 nec
1303 2492 1371 2550 ad
1394 2495 1617 2550 alterius
1645 2509 1742 2550 na-

133 2596 266 2639 tura:
293 2584 709 2657 intelligentiam
739 2585 886 2642 furor
910 2585 1244 2658 irreligiosus
1272 2595 1601 2658 erumperet.
1636 2586 1744 2643 Ha-

132 2677 310 2735 bitans
335 2677 480 2734 enim
520 2679 573 2734 in
601 2678 818 2736 Christo
844 2679 1123 2750 plenitudo
1152 2679 1448 2736 divinitatis
1485 2695 1744 2751 corpora-

133 2770 274 2838 liter,
307 2785 409 2828 nec
435 2771 724 2844 singularis
761 2788 862 2828 nec
888 2773 1206 2844 separabilis
1231 2782 1348 2830 est:
1371 2773 1499 2830 dum
1527 2773 1610 2848 (5)
1643 2789 1745 2832 nec

144 2863 204 2936 (f)
229 2879 295 2922 se
351 2867 553 2937 patitur
578 2883 609 2923 a
639 2868 910 2938 corporali
938 2867 1270 2938 plenitudine
1299 2869 1598 2941 corporalis
1630 2870 1746 2941 ple-

135 2959 326 3014 nitudo
361 2959 622 3028 discerni,
653 2975 754 3016 nec
783 2959 1033 3017 habitans
1072 2961 1326 3018 divinitas
1351 2979 1412 3019 ea
1443 2963 1555 3034 ipsa
1587 2963 1748 3019 intel-

135 3051 218 3124 ligi
249 3062 431 3125 potest
460 3069 582 3111 esse
607 3055 903 3112 divinitatis
931 3056 1212 3114 habitatio.
1259 3057 1437 3128 Atque
1456 3057 1527 3113 ita
1556 3056 1746 3114 Chris-

135 3153 214 3201 tus
234 3156 349 3214 est,
370 3153 432 3203 ut
449 3149 806 3218 corporaliter
826 3149 1104 3220 plenitudo
1127 3150 1422 3206 divinitatis
1446 3150 1498 3206 in
1520 3149 1739 3206 Christo

132 3238 228 3308 sit;
279 3242 368 3296 sic
415 3256 543 3298 vero
585 3243 636 3297 in
677 3241 896 3299 Christo
934 3245 1005 3299 sit
1044 3243 1342 3300 divinitatis
1389 3237 1816 3317 corporaliterC

134 3335 450 3406 plenitudo,
481 3347 542 3392 ut
562 3339 613 3394 in
633 3353 700 3394 eo
728 3338 1033 3396 inhabitans
1056 3339 1134 3414 (g)
1170 3339 1447 3410 plenitudo
1474 3356 1582 3395 non
1599 3339 1744 3396 aliud

134 3430 480 3502 intelligatur
507 3446 629 3488 esse
679 3449 840 3504 quam
871 3432 1142 3489 Christus.
1175 3433 1381 3490 Furare
1429 3447 1564 3505 quas
1595 3433 1744 3490 voles

131 3525 426 3579 verborum
449 3525 803 3593 occasiones,
845 3535 900 3583 et
949 3527 1235 3600 irreligiosi
1279 3527 1481 3599 ingenii
1527 3527 1746 3582 aculeos

132 3617 338 3673 excita.
368 3616 645 3674 Ementire
689 3619 882 3675 saltem
926 3618 1080 3690 cujus
1120 3619 1396 3691 plenitudo
1448 3619 1748 3675 divinitatis

131 3709 182 3765 in
224 3708 458 3767 Christo
512 3710 777 3769 inhabitet
815 3709 979 3786 254.
1030 3711 1404 3786 corporaliter.
1452 3712 1551 3771 Est
1598 3712 1745 3770 enim

192 3905 279 3968 li)
328 3903 435 3961 Sin
463 3921 602 3962 sero.

191 3975 278 4121 st
321 3975 629 4106 um.-

321 4046 614 4106 Inhabitat.

194 4199 275 4275 (a)
327 4199 462 4256 Bad.
493 4209 550 4257 et
569 4201 688 4275 Er.,
719 4203 960 4260 recludis.
991 4202 1138 4275 Lips.
1164 4211 1218 4259 et
1241 4201 1365 4258 Par.
1395 4215 1518 4259 cum
1545 4211 1734 4275 recen—

124 4271 366 4329 tioribus
394 4287 526 4329 mss.
564 4273 786 4330 claudis.
825 4276 896 4332 At
934 4279 986 4330 in
1033 4271 1329 4341 potioribus
1369 4288 1501 4329 mss.
1531 4271 1734 4336 credis,

126 4345 209 4416 vel
238 4345 449 4400 credes.
485 4345 574 4402 Sic
601 4360 785 4416 supra,
827 4364 974 4404 num.
1011 4347 1106 4412 21,
1139 4356 1198 4402 ιιι
1224 4347 1435 4402 Patrem
1466 4346 1536 4400 ita
1565 4351 1620 4399 et
1645 4341 1736 4396 Fi-

126 4415 253 4470 lium
289 4417 501 4472 dictum
543 4415 680 4473 esse,
705 4419 964 4488 Spiritum
999 4421 1336 4481 observatur,
1369 4434 1430 4472 ne
1459 4417 1738 4488 secundum

124 4489 430 4550 corporales
452 4489 628 4543 modos
649 4490 721 4545 ita
742 4486 906 4547 inesse
931 4488 1128 4546 Filium
1154 4493 1208 4546 in
1241 4487 1400 4545 Patre
1419 4489 1496 4544 vel
1529 4486 1738 4542 Patrem

122 4558 174 4614 in
200 4557 359 4616 Filio
386 4561 733 4616 crederemus.

194 4675 273 4749 (ὁ)
322 4675 448 4731 Vat.
492 4675 611 4732 bas.
659 4675 830 4734 codex
852 4721 867 4744 ,
900 4680 1209 4735 divinitate:
1239 4677 1540 4735 male.Mox
1580 4674 1735 4741 Bad.,
1762 4655 1816 4714 D

123 4748 212 4823 Er.
245 4763 304 4803 et
362 4749 550 4818 Lips.,
581 4751 841 4823 signiﬁcat
881 4753 1146 4806 unitatem.
1196 4751 1366 4822 Magis
1409 4753 1736 4823 placetcum

123 4820 248 4876 Par.
281 4831 345 4876 et
365 4835 497 4875 mss.
520 4820 821 4880 ceritatem:
850 4835 905 4878 ut
926 4823 1262 4879 divinitatem
1290 4820 1345 4878 in
1369 4822 1588 4878 Christo
1612 4835 1738 4875 cor-

123 4889 395 4967 poraliter
422 4904 730 4967 manentem
765 4896 1150 4967 interpretetur
1173 4894 1229 4951 S.
1257 4895 1460 4951 Doctor
1490 4906 1735 4967 nattn'atn

123 4963 220 5020 Dei
248 4978 388 5020 vere
416 4977 478 5018 ac
500 4962 930 5022 substantialiter
961 4966 1016 5022 in
1045 4982 1113 5023 eo
1143 4978 1473 5022 mam-mem.
1502 4965 1575 5020 ita
1600 4962 1737 5018 Ter-

122 5036 398 5091 tullianus
420 5035 683 5093 adversus
714 5039 900 5104 Prom,
935 5056 989 5092 η.
1024 5041 1078 5102 7,
1113 5037 1201 5093 ubi
1231 5038 1402 5092 dixit:
1435 5038 1566 5106 Quis
1605 5035 1740 5090 enim

121 5108 338 5181 negabit
367 5106 536 5181 Deum
562 5124 748 5180 corpus
775 5127 914 5173 esse,
942 5114 1035 5166 etsi
1059 5110 1202 5165 Deus
1228 5109 1455 5181 Spiritus
1489 5118 1594 5172 est,
1624 5118 1738 5181 sta-

123 5179 218 5252 tim
251 5179 438 5252 innuit
475 5179 666 5252 corpus
699 5184 799 5237 hoc
825 5199 884 5238 se
912 5183 1146 5248 dixisse,
1188 5179 1327 5252 quod
1361 5198 1466 5236 non
1513 5181 1582 5234 sit
1623 5179 1742 5233 sine

121 5250 442 5305 substantia
463 5291 478 5315 ,
522 5249 647 5305 dum
687 5253 939 5323 suiijicit:
973 5253 1078 5308 Sed
1105 5264 1150 5307 et
1182 5249 1455 5307 invisibilia
1485 5252 1577 5306 illa
1599 5265 1742 5321 quie-

123 5339 355 5393 cumque
379 5332 536 5387 sunt,
583 5324 768 5378 habent
811 5327 951 5394 apud
985 5325 1148 5379 Deum
1193 5337 1239 5379 et
1280 5342 1428 5378 suum
1471 5339 1669 5393 corpus
1698 5330 1746 5376 et

120 5411 279 5468 suam
311 5395 558 5468 formam,
586 5411 675 5460 per
692 5412 816 5468 qua:
853 5397 949 5451 soli
977 5397 1088 5452 Deo
1109 5396 1330 5452 visibilia
1353 5405 1474 5450 sunt
1507 5411 1525 5468 ξ
1552 5406 1744 5466 quanto

123 5467 299 5542 magis
331 5465 472 5535 quod
501 5481 565 5520 ea:
592 5465 764 5542 ipsius
792 5469 1332 5542 substantiantissum_
1348 5479 1452 5535 est,
1486 5465 1594 5542 sine
1628 5471 1747 5542 sub-

125 5536 333 5591 stantia
382 5553 482 5591 non
531 5536 666 5592 erit!
705 5539 824 5605 Quo
853 5554 1014 5595 sensu
1063 5539 1154 5595 lib.
1181 5541 1248 5595 de
1293 5537 1466 5595 Carne
1512 5536 1746 5603 Christi,

128 5626 182 5682 n.
225 5611 320 5672 1-1,
352 5608 581 5675 όίιρτὶῑ,
632 5609 794 5665 Omne
818 5611 954 5680 quod
991 5621 1084 5676 est,
1114 5628 1299 5681 corpus
1323 5620 1394 5665 est
1421 5610 1503 5665 sui
1533 5609 1752 5682 generis.

131 5680 295 5734 Nihil
331 5682 785 5752 est'ineorporale,
816 5683 916 5738 nisi
942 5684 1077 5754 quod
1104 5680 1320 5738 nonest.
1348 5680 1761 5752 Neqtie'oliscu-

128 5768 276 5825 rum;
311 5761 398 5804 est
427 5767 627 5823 corpus
676 5754 765 5810 hic
791 5755 859 5808 ab
903 5754 1107 5810 Hilario
1151 5755 1253 5810 dici
1277 5796 1292 5818 ,
1331 5754 1472 5825 quod
1507 5754 1721 5825 plenum
1745 5795 1761 5819 ,

130 5824 286 5894 quod
321 5837 517 5898 verum
570 5839 632 5880 ac
685 5827 1039 5898 sutistantiale
1081 5837 1182 5882 est.
1229 5824 1364 5897 Quo”
1386 5833 1594 5898 spectat
1633 5824 1768 5898 illud

137 5897 192 5952 in
229 5895 386 5968 psal.
423 5910 612 5969 csxst,
641 5913 698 5957 n.
726 5897 802 5961 26
827 5917 839 5952 :
872 5897 1126 5962 Craterum
1155 5895 1290 5956 nunc
1308 5895 1536 5973 perfecta
1550 5895 1776 5956 exsulta-

1839 1925 2018 1991 Deus;
2043 1923 2116 1979 ita
2138 1921 2456 1980 indiﬂ'erens
2479 1937 2508 1977 a
2540 1921 2652 1978 Deo
2679 1921 2845 1990 Deus,
2870 1932 2930 1978 ut
2950 1926 3247 1995 perlectum
3270 1924 3444 1982 Deutn

1842 2018 1914 2092 (j)
1945 2013 2284 2072 substituerit
2305 2014 2545 2086 perfecta
2569 2014 2855 2083 nativitas;
2887 2016 2956 2072 ita
2986 2025 3167 2074 autem
3201 2019 3442 2090 perfecta

1845 2110 2098 2166 nativitas
2138 2109 2430 2177 subsistat,
2460 2107 2582 2180 quia
2630 2108 2686 2164 in
2717 2108 2830 2166 Deo
2868 2123 2936 2166 ex
2968 2110 3078 2168 Deo
3100 2120 3230 2170 nato
3253 2125 3448 2184 corpo-

1842 2205 2031 2262 raliter
2058 2201 2359 2260 divinitatis
2384 2199 2650 2258 inhabitet
2679 2201 2976 2274 plenitudo.

2188 2360 2375 2436 255,
2400 2361 2566 2438 256
2596 2337 2800 2419 usus
2837 2361 3087 2422 nouus.

1844 2479 2100 2536 Assertam
2121 2477 2377 2550 superiori
2399 2477 2530 2534 libro
2547 2477 2725 2534 Patris
2746 2489 2792 2534 et
2813 2477 2939 2535 Filii
2960 2477 3338 2550 indifferentem
3356 2499 3451 2538 na-

1917 2584 2087 2632 turam
2137 2573 2384 2630 adversus
2439 2572 2798 2630 haereticorum
2838 2574 3038 2652 objecta
3087 2585 3260 2633 tuetur
3296 2589 3451 2649 atque

1916 2669 2212 2739 conﬁrmat.
2255 2666 2443 2723 Allatis
2481 2668 2638 2738 hujus
2665 2668 2741 2723 rei
2768 2670 2972 2740 gratia,
3021 2687 3148 2744 quas
3174 2671 3256 2728 illi
3281 2675 3453 2742 obiec-

1919 2770 2064 2828 tant,
2091 2759 2376 2834 Scripturis
2409 2760 2649 2831 quadam
2699 2758 2941 2818 Hilarius
2960 2766 3130 2838 jactat
3155 2767 3450 2839 responsio-

1919 2872 2046 2910 num
2074 2855 2274 2911 semina
2293 2897 2306 2920 ,
2342 2855 2512 2925 primo
2537 2855 2790 2927 genuinos
2821 2855 3218 2930 Scripturarum
3237 2877 3449 2929 sensus,

1919 2968 2021 3006 non
2051 2967 2113 3006 ea:
2149 2967 2208 3007 eo
2229 2951 2365 3023 quod
2392 2950 2543 3006 verba
2570 2952 2709 3007 nuda
2747 2960 2793 3006 et
2821 2969 2854 3008 a
2883 2954 3081 3009 casteria
3117 2954 3322 3010 divulsa
3365 2972 3452 3012 so-

1918 3056 2079 3113 nant,
2140 3046 2230 3100 sed
2278 3060 2342 3100 ea:
2374 3045 2787 3100 antecedentibus
2829 3055 2879 3101 et
2940 3049 3369 3118 consequentibus
3401 3055 3456 3105 et

1917 3155 1982 3196 ea:
2008 3138 2214 3193 dicendi
2257 3137 2430 3194 causis
2456 3153 2566 3192 esse
2599 3137 2948 3208 expetendos:
2972 3137 3158 3194 deinde
3189 3137 3451 3196 Christum

1919 3249 1982 3288 ea:
2008 3233 2165 3287 unitis
2213 3231 2266 3286 in
2296 3231 2521 3303 idipsunt
2549 3246 2713 3300 neque
2756 3240 2925 3286 tamen
2973 3233 3206 3304 con/usis
3250 3234 3452 3289 naturis

1917 3341 2025 3382 rem
2047 3341 2204 3380 unam
2225 3332 2274 3381 et
2295 3322 2525 3378 eamdem
2565 3339 2709 3390 esse;
2737 3323 2811 3378 ita
2834 3323 2972 3380 enim
2998 3325 3149 3380 illum
3177 3324 3315 3380 dicta
3338 3342 3453 3398 ges-

1918 3427 2068 3489 taque
2100 3434 2195 3475 sua
2238 3432 2436 3489 semper
2475 3426 2784 3487 temperasse
2806 3455 2823 3483 ,
2852 3423 2904 3470 ut
2941 3426 2988 3470 et
3019 3413 3119 3470 Dei
3149 3425 3196 3471 et
3223 3415 3450 3472 hominis

1917 3511 2082 3582 ﬁlium
2121 3526 2231 3565 sese
2275 3509 2594 3566 declararet:
2624 3519 2882 3580 postremo
2919 3508 3285 3581 distinguenda
3337 3525 3448 3566 esse

1917 3621 2034 3679 quia
2068 3604 2202 3661 dixit
2241 3614 2331 3660 aut
2359 3603 2513 3676 gessit
2558 3603 2791 3659 nondum
2834 3603 3010 3672 homo,
3031 3617 3148 3675 qua
3161 3604 3278 3676 jam
3297 3604 3450 3660 homo

1918 3702 2229 3771 marituma,
2271 3715 2388 3772 quas
2425 3699 2755 3756 immortalis.
2802 3697 2942 3754 Hine
2985 3699 3212 3758 duarum
3238 3699 3294 3754 in
3343 3716 3448 3756 uno

1919 3899 2002 4046 (4;
2029 3897 2100 3955 Et
2125 3914 2189 3954 ne
2207 3897 2276 3954 ad
2304 3896 2546 3979 unionem
2569 3893 2806 3966 impium.

1919 3973 1977 4044 (5
2027 3970 2140 4028 Nec
2164 3968 2504 4042 separabttur.

1916 3968 1999 4044 (5)
2027 3970 2140 4028 Nec
2164 3968 2504 4042 separabitur.

1843 4187 2329 4252 tioneexsultantes,
2354 4199 2456 4239 non
2475 4197 2585 4255 spe,
2613 4183 2705 4239 sed
2726 4179 2974 4252 ueritate;
3000 4197 3104 4239 non
3125 4181 3181 4239 in
3201 4182 3446 4257 imagine,

1839 4263 1930 4320 sed
1954 4274 2186 4320 corpore.

1915 4277 2247 4407 ἱῶοἵὲξῗιξί,
2275 4326 2558 4399 corporalis
2586 4327 2868 4384 secundum
2897 4327 2977 4384 sui
3016 4326 3392 4398 plenitudinem
3419 4345 3438 4386 :

1845 4404 2202 4462 emendantur
2222 4417 2288 4456 ex
2314 4414 2442 4455 mss.

1917 4477 1997 4550 (ά)
2035 4474 2178 4550 Editi
2206 4472 2608 4550 excepto__l‘ar..
2626 4481 2776 4527 natus
2792 4479 2898 4550 est.
2924 4470 3298 4550 Tumet
3323 4470 3444 4550 ΙξινἾ

1844 4541 2004 4618 neque
2029 4548 2284 4618 diversum
2307 4541 2396 4618 aut
2418 4545 2637 4599 divisum
2660 4555 2749 4599 aut
2767 4543 3012 4618 ditiorem
3031 4544 3230 4618 aliquid
3259 4546 3314 4618 in
3332 4541 3445 4599 Deo

1842 4615 1983 4676 Deus
2005 4629 2119 4674 est:
2149 4632 2212 4672 ac
2237 4615 2434 4672 deinde
2460 4633 2581 4672 cum
2615 4619 2745 4671 edit.
2779 4617 2923 4682 aliis,
2955 4633 3070 4670 cum
3096 4617 3151 4670 id
3179 4615 3316 4686 quod
3341 4626 3443 4682 est,

1845 4690 2179 4764 corporaliter
2198 4687 2433 4764 habitet,
2464 4698 2594 4764 etc.,_
2620 4687 2716 4764 ubi
2757 4690 2807 4742 in
2828 4703 2977 4764 _nts_s.
3012 4704 3165 4759 quam
3195 4689 3280 4752 id,
3310 4698 3447 4764 etc_.,

1847 4758 1950 4820 hoc
1979 4774 2083 4824 est,
2115 4762 2167 4816 in
2198 4760 2311 4815 Deo
2342 4760 2498 4814 Patre
2524 4759 2653 4814 nihil
2681 4767 2765 4814 est
2792 4758 2936 4814 aliud
2957 4801 2972 4824 ,
3000 4758 3161 4830 quam
3208 4760 3350 4830 quod
3393 4759 3446 4815 in
3500 4783 3503 4787 ·

1845 4834 2063 4891 Christo
2087 4831 2462 4902 corporaliter.

1919 4906 1992 4980 (c)
2017 4905 2288 4980 vat.__bas.
2329 4919 2468 4980 ms.)
2498 4903 2710 4958 Martin.
2741 4912 2796 4958 et
2825 4902 3032 4974 aliquot
3067 4902 3161 4980 alii
3187 4904 3446 4980 ,_impius.

1846 4973 2011 5034 Vetus
2057 4974 2211 5033 Colb.
2256 4990 2376 5030 cum
2410 4973 2594 5031 Germ.
2636 4986 2692 5029 ut
2737 4973 3021 5047 supra,n.
3067 4975 3158 5040 36,
3209 4976 3446 5047 impium.

1850 5051 2038 5105 Postea
2071 5049 2123 5104 in
2155 5047 2430 5116 plerisque
2458 5047 2742 5112 decederet,
2774 5062 2880 5102 non
2913 5045 3188 5103 decideret.

1921 5120 1993 5194 (ι’)
2026 5120 2080 5174 In
2111 5134 2239 5194 mss.
2276 5118 2485 5194 Martin.
2535 5128 2594 5194 et_
2621 5117 2740 5172 Vat.
2789 5118 2905 5194 bas.
2938 5135 3030 5194 nec
3057 5129 3367 5194 separatur;
3393 5127 3453 5175 et

1850 5189 2022 5260 intra,
2068 5209 2158 5248 nec
2180 5190 2527 5258 discernitur,
2579 5189 2702 5246 loco
2748 5191 2901 5247 verbi
2959 5191 3223 5248 discerni:
3272 5191 3450 5247 minus

1848 5281 1997 5321 vere.

1923 5337 1998 5407 (g)
2021 5334 2175 5407 Apud
2211 5333 2365 5398 Bad.,
2393 5331 2486 5389 Er.
2509 5344 2562 5390 et
2591 5332 2739 5405 Lips.
2778 5333 3117 5390 desideratur
3147 5333 3413 5407 plenitudo
3432 5349 3453 5390 :

1853 5403 2078 5480 qnajltic
2106 5406 2412 5480 declaratur
2437 5421 2542 5463 non
2561 5403 2704 5462 aliud
2727 5421 2850 5480 esse
2873 5447 2899 5480 ,_
2911 5422 3072 5480 quam
3098 5403 3241 5480 quod
3268 5403 3457 5480 Chris-

1855 5476 1942 5536 tus
1971 5489 2072 5535 est.
2107 5477 2228 5534 Mox
2256 5495 2378 5533 cum
2409 5480 2613 5549 optimo
2654 5477 2841 5534 codice
2864 5476 3020 5534 COIb.
3053 5476 3222 5549 magis
3252 5477 3455 5546 placuit

1857 5494 1942 5536 tus
1971 5494 2072 5535 est.
2107 5494 2228 5534 mox
2256 5495 2378 5533 cum
2409 5494 2613 5604 optimo
2654 5494 2782 5534 court

1857 5553 2046 5618 excita,
2077 5567 2236 5619 quam
2267 5567 2388 5606 cum
2415 5565 2442 5604 a
2473 5551 2538 5606 iis
2562 5552 2782 5620 exagita.

1935 5622 2014 5695 (h)
2039 5618 2388 5680 Carnutensis
2409 5621 2577 5677 codex
2603 5664 2619 5688 ,
2650 5618 2681 5676 ὰ
2723 5631 2960 5695 creatura
2997 5618 3178 5676 mundi
3195 5662 3234 5695 ,Δ
3258 5634 3399 5677 unus
3425 5635 3461 5679 e

1869 5689 2038 5753 Va‘tic.
2073 5713 2104 5748 a
2125 5695 2414 5749 conditione
2455 5696 2670 5747 mundi:
2710 5708 2816 5748 non
2843 5693 2950 5748 alio
2977 5708 3161 5748 sensu.
3192 5689 3461 5750 Constitu-

1870 5769 1939 5822 tio
1971 5767 2110 5822 idem
2134 5778 2288 5822 sonat
2311 5767 2400 5820 lib.
2433 5781 2506 5830 XI,
2533 5783 2587 5820 ιι.
2617 5765 2705 5820 16.

1947 5839 2017 5920 (ιὲ).
2040 5839 2159 5920 Yat.
2191 5838 2310 5920 bas.
2339 5852 2440 5920 nis.
2469 5851 2592 5920 cum
2620 5835 2837 5920 Martia.
2869 5838 3230 5920 corporaliter.

1955 5905 2024 5983 (ί)
2055 5911 2165 5968 Hoc
2191 5917 2274 5968 est
2295 5954 2310 5978 ,
2345 5907 2723 5967 subsistentem
2750 5905 3012 5968 eilecerit.
