3988 6332
554 291 663 353 279

624 406 830 465 Christo
877 416 1178 465 naturarum
1206 407 1394 464 veritas
1415 404 1605 476 diiuse
1628 406 1933 462 adstruitur.

559 497 662 558 His
687 500 870 574 positis
890 542 906 567 ,
938 501 1005 556 ad
1032 502 1258 573 primum
1289 498 1646 556 haereticorum
1685 498 1941 574 objectum
1969 540 1987 568 ,
2022 498 2163 569 Quid

627 594 870 651 medicis
893 593 1093 650 bonum
1114 594 1138 649 ἲ
1163 592 1334 653 Nemo
1360 592 1536 650 bonus
1556 636 1572 662 ,
1603 594 1705 650 nisi
1729 609 1867 649 unus
1891 594 2053 663 Deus,
2085 611 2168 651 re-

626 689 773 762 ponit
789 687 1049 745 Christum
1080 691 1161 746 his
1183 689 1346 748 verbis
1374 707 1477 746 non
1504 690 1630 746 boni
1660 701 1751 746 ant
1802 690 2043 763 magiStri
2074 706 2167 746 no-

627 800 743 841 men
764 799 1022 857 respuere,
1046 785 1135 840 sed
1156 788 1268 859 ejus
1288 782 1661 856 reprehendere
1685 784 1863 856 ﬁdem,
1886 785 1975 856 qui
1995 785 2165 855 ipsum

626 881 799 937 Deum
824 896 929 936 non
948 878 1183 945 credens,
1214 879 1290 933 sic
1309 888 1476 934 tamen
1504 882 1857 952 nuncuparet;
1901 880 2003 935 imo
2052 896 2164 935 sese

625 976 792 1032 Deum
815 990 876 1029 ac
895 972 1197 1046 magistrum
1217 972 1411 1038 testari,
1441 988 1555 1026 cum
1577 988 1632 1027 se
1649 974 1878 1042 sequenti
1910 971 2164 1045 caelestem

629 1071 929 1127 thesaurum
950 1062 1243 1140 pollicetur.
1261 1064 1397 1122 Tum
1417 1066 1648 1138 pluribus
1666 1069 1979 1123 demonstrat
1995 1065 2165 1124 Chrisv

627 1172 757 1230 tum,
781 1162 1086 1233 ubicumque
1117 1160 1283 1216 Deum
1308 1178 1467 1216 unum
1484 1162 1755 1234 prtedicat,
1782 1178 1835 1217 se
1855 1163 2014 1217 alium
2045 1164 2164 1234 qui-

627 1257 744 1313 dem
771 1273 803 1311 a
825 1255 984 1311 Patre
1015 1297 1030 1322 ,
1064 1272 1166 1311 non
1186 1266 1356 1311 tamen
1386 1256 1600 1311 alterius
1622 1267 1820 1313 natura:
1844 1257 2159 1331 signiﬁcare.

560 1348 832 1424 Objectum
858 1348 1077 1404 alterum
1101 1389 1116 1415 ,
1158 1358 1218 1403 ut
1245 1349 1421 1405 sciant
1441 1358 1493 1405 te
1532 1349 1705 1405 solum
1733 1366 1915 1406 verum
1948 1351 2118 1408 Deum
2145 1396 2158 1419 ,

625 1453 682 1500 ct
711 1458 870 1514 quem
904 1441 1095 1498 misisti
1125 1441 1310 1498 .lesum
1334 1440 1631 1511 Christum,
1654 1460 1717 1499 ea:
1737 1446 2087 1516 superioribus
2104 1464 2165 1502 ac

630 1535 941 1591 continuatis
958 1537 1134 1591 huicce
1155 1535 1268 1591 loco
1280 1535 1444 1591 verbis
1464 1536 1639 1591 diluit.
1665 1535 1765 1592 Ubi
1780 1541 1912 1593 enim
1930 1536 2166 1594 Christus

625 1627 806 1699 (Joan.
840 1628 951 1700 xw)
993 1626 1167 1682 docuit
1221 1626 1435 1683 Patrem
1469 1630 1523 1684 in
1550 1646 1605 1684 se
1628 1645 1754 1694 esse,
1781 1631 1835 1684 in
1858 1648 1912 1685 se
1931 1631 2166 1703 loquente

625 1720 789 1793 loqui,
812 1721 869 1776 in
898 1738 955 1777 se
976 1729 1223 1790 operante
1249 1723 1481 1793 aperari,
1503 1722 1557 1776 in
1580 1738 1632 1777 se
1660 1724 1767 1778 viso
1796 1724 1957 1779 videri
1979 1723 2160 1793 (Joan.

1789 290 2033 351 SANCTI
2075 290 2678 367 HILARILEPISCOPI

3703 296 3783 355 230

2185 412 2237 472 Λ
2332 408 2473 464 solus
2501 409 2649 464 illum
2692 404 2836 466 Filio
2884 408 2986 466 non
3034 417 3205 464 tacet:
3250 410 3402 467 nescit
3438 419 3590 467 autem
3626 407 3785 483 Filius,

2343 506 2467 576 quia
2511 506 2641 561 nulli
2665 507 2868 562 revelat.

2341 690 2502 764 257
2532 691 2582 745 l.
2614 689 2770 746 Libro
2800 690 3065 762 superiore
3091 690 3216 764 quid
3239 686 3530 763 confectum.
3555 688 3672 759 Quid
3695 710 3787 747 ton.

2269 788 2513 852 fututum.
2540 817 2610 827 -—
2635 786 2955 843 Tractantes
2977 786 3258 856 superiore
3285 786 3419 843 libro
3442 786 3506 842 de
3528 785 3791 844 indifferent“:

2269 888 2460 934 natura
2496 880 2588 936 Dei
2621 880 2789 951 patris
2814 891 2866 935 et
2893 879 2985 935 Dei
3011 879 3129 947 lilii,
3156 890 3212 936 et
3243 878 3295 935 id
3325 877 3464 951 quod
3498 877 3672 935 dictum
3694 892 3791 949 est,

2269 971 2383 1044 Ego
2402 982 2449 1028 et
2467 972 2631 1029 Pater
2654 990 2812 1027 unum
2836 990 3011 1029 sumus
3028 971 3210 1046 (Joan.
3232 989 3285 1037 ι,
3301 972 3412 1043 '58),
3434 971 3795 1030 demonstrantes

2266 1081 2377 1122 non
2403 1065 2471 1122 ad
2502 1065 2803 1123 solitarium
2834 1067 3004 1121 Deum
3032 1065 3319 1136 prolicere,
3354 1065 3446 1119 sed
3473 1066 3547 1138 (l)
3573 1064 3630 1143 ad
3654 1065 3789 1119 unita-

2271 1171 2377 1217 tem
2407 1161 2485 1233 (α)
2515 1161 2824 1217 indiscreta:
2855 1159 3153 1216 secundum
3182 1158 3574 1231 generationem
3595 1156 3792 1213 divinita-

2269 1255 2371 1321 tis;
2401 1254 2530 1310 dum
2557 1269 2733 1326 neque
2753 1253 2973 1309 aliunde
2999 1268 3159 1325 quam
3182 1268 3248 1306 ex
3273 1251 3385 1307 Deo
3410 1250 3545 1306 Deus
3565 1259 3699 1306 natus
3716 1260 3791 1315 est,

2267 1358 2324 1405 et
2367 1365 2432 1405 ex
2465 1349 2577 1404 Deo
2604 1349 2750 1404 lteus
2780 1363 2888 1404 non
2918 1358 3097 1417 pmest
3140 1362 3249 1401 non
3291 1346 3341 1402 id
3381 1360 3497 1403 esse
3535 1344 3661 1417 quod
3692 1346 3796 1401 Deus

2268 1454 2352 1500 est
2383 1458 2398 1498 :
2428 1442 2837 1515 percursisque,
2866 1441 2969 1497 etsi
3009 1456 3117 1497 non
3147 1440 3419 1504 omnibus,
3454 1447 3617 1494 tamen
3649 1438 3703 1495 ad
3735 1441 3794 1493 in-

2271 1536 2623 1607 telligentiam
2651 1533 3050 1591 sufﬁcientibus
3077 1531 3348 1589 dictorum
3380 1531 3661 1586 divinorum
3678 1540 3798 1603 atque

2267 1628 2692 1701 apostolicorum
2726 1626 3089 1695 testimoniis,
3124 1624 3321 1696 quibus
3360 1623 3701 1697 inseparabilis
3732 1638 3798 1679 na-

2269 1733 2387 1778 tura
2420 1736 2485 1778 ac
2514 1733 2752 1794 petestus
2793 1721 2970 1778 Patris
2996 1735 3060 1775 ac
3092 1719 3218 1776 Filii
3249 1718 3558 1781 docebatur,
3597 1716 3799 1789 usquead

625 1814 760 1888 xw),
778 1816 958 1870 laudat
975 1815 1131 1887 ﬁdem
1153 1815 1514 1889 Apostolorum
1533 1834 1586 1872 se
1601 1818 1840 1873 exitionis
1861 1823 2065 1874 nomine
2084 1836 2169 1876 ve-
2198 1825 2247 1885 Β
2273 1817 2416 1872 hunc
2441 1816 2758 1888 apostolicae
2787 1815 2911 1871 fidei
2955 1815 3131 1871 locum
3177 1814 3443 1881 venimus,
3476 1826 3577 1885 quo
3601 1812 3700 1866 ait:
3729 1807 3797 1865 Vi-

622 1925 681 1965 re
701 1923 766 1964 ea:
788 1906 899 1963 Deo
915 1921 1094 1963 natum
1115 1910 1465 1979 credentium,
1487 1928 1550 1966 ac
1569 1912 1771 1968 tandem
1793 1911 1971 1984 (Joan.
2005 1913 2161 1987 xvn),

625 2002 874 2058 honorem
894 2004 967 2057 ita
988 2018 1022 2057 a
1045 2002 1208 2058 Patre
1228 2004 1470 2076 postulat,
1498 2017 1553 2060 ut
1575 2007 1797 2062 vicissim
1818 2006 2166 2067 honoraturus

623 2096 691 2151 sit
734 2096 1112 2164 honorantem;
1158 2097 1232 2153 ita
1255 2108 1554 2164 potestatem
1577 2102 1797 2173 accipit,
1829 2113 1953 2157 utet
2006 2104 2165 2174 possit

621 2189 764 2245 omni
794 2189 943 2244 carni
987 2189 1145 2245 vitam
1168 2201 1413 2247 wtcrnam
1436 2191 1622 2263 largiri
1645 2235 1661 2261 ,
1693 2210 1784 2248 nec
1800 2194 1985 2250 habeat
2014 2195 2166 2268 quid-

619 2298 773 2354 quam
801 2282 975 2338 minus
1001 2298 1033 2338 a
1054 2281 1216 2339 Patre
1233 2300 1251 2341 :
1270 2284 1351 2341 his
1377 2286 1610 2341 omnibus
1636 2287 1874 2342 indicans
1890 2304 1943 2343 se
1962 2304 2024 2343 ea:
2056 2287 2168 2345 Pa-

619 2383 698 2431 tre
718 2383 915 2442 natum,
940 2384 1119 2431 etcum
1142 2394 1200 2432 eo
1220 2388 1405 2434 natura
1426 2396 1608 2434 unum.
1635 2378 1835 2437 Deinde
1854 2398 1918 2436 ea:
1934 2381 2164 2453 ipsisntet

626 2469 841 2540 objectis
865 2470 1030 2526 verbis
1051 2472 1257 2543 conﬁcit
1275 2470 1537 2527 Christum
1559 2491 1592 2527 a
1614 2471 1772 2528 Patre
1797 2490 1898 2529 non
1920 2491 2165 2545 separan-

625 2561 751 2617 dum
785 2578 895 2618 esse
915 2572 1124 2632 natura,
1147 2566 1236 2636 qui
1270 2582 1371 2620 non
1392 2567 1712 2636 separandus
1737 2576 1809 2621 est
1847 2567 1950 2635 ﬁde
1966 2609 1980 2633 ,
2009 2584 2167 2640 neque

628 2659 740 2715 sine
755 2659 1065 2714 contumelia
1078 2660 1251 2715 vocari
1269 2658 1435 2715 Deum
1451 2675 1623 2716 verum
1644 2670 1856 2732 patrem,
1872 2663 1915 2717 si
1930 2662 2167 2718 credatur

629 2755 813 2825 ﬁlium,
843 2755 1097 2827 peperisse
1136 2755 1452 2826 degenerem.
1493 2754 1727 2827 Denique
1768 2772 1833 2811 ea:
1858 2758 2167 2814 continuatis

631 2846 828 2917 objecta
853 2847 965 2901 loco
994 2847 1157 2902 verbis
1182 2863 1337 2902 unam
1380 2846 1553 2903 Patris
1581 2857 1628 2903 et
1657 2846 1790 2903 Filii
1816 2848 2038 2920 gloriam
2058 2865 2167 2905 esse

631 2940 842 3011 copiose
867 2939 1224 3013 subtiliterque
1242 2942 1497 2997 edisserit.

555 3028 752 3088 Postea
777 3048 842 3087 ea:
867 3034 1138 3089 occasione
1166 3076 1181 3100 ,
1222 3050 1337 3104 qua:
1379 3033 1547 3090 locant
1593 3036 1734 3092 dedit
1759 3036 1954 3094 Christi
1979 3038 2115 3094 dicto
2146 3079 2161 3108 ,

629 3124 749 3182 Non
775 3135 955 3198 potest
996 3126 1172 3185 Filius
1218 3129 1288 3186 ah
1308 3144 1368 3186 se
1407 3129 1586 3187 facere
1618 3132 1910 3204 quidquam
1938 3175 1953 3199 ,
1982 3135 2165 3189 evincit

2267 1911 2378 1966 dete
2406 1927 2468 1965 ne
2504 1911 2619 1980 quis
2648 1926 2735 1965 vos
2765 1910 2980 1965 seducat
3020 1925 3112 1979 per
3151 1906 3531 1979 philosophiam
3568 1914 3610 1960 et
3642 1904 3797 1957 inanem

2265 2006 2615 2078 deceptionem
2634 2004 2914 2061 secundant
2938 2003 3263 2059 traditionem
3286 1995 3797 2067 hominum,secundtan

2265 2082 2519 2157 elementa
2544 2099 2750 2167 mundi,
2780 2108 2826 2154 et
2860 2114 2961 2154 non
2989 2097 3272 2153 secundum
3309 2093 3566 2149 Christum
3595 2091 3739 2162 :quia’
3761 2089 3796 2141 in

2265 2193 2381 2265 ipso
2421 2193 2678 2249 inhabitat
2718 2192 2883 2247 omnis
2914 2189 3181 2263 plenitudo
3212 2188 3499 2244 divinitatis
3536 2182 3799 2257 corporaliter

2266 2287 2490 2363 (Coloss.
2548 2304 2608 2357 tt,
2639 2289 2695 2354 8,
2751 2285 2826 2359 9).
2854 2286 2912 2342 In
2941 2300 3070 2358 quo,
3106 2299 3202 2356 per
3231 2281 3585 2353 corporaliter
3609 2276 3796 2334 habitan-

2267 2390 2379 2438 tem
2421 2381 2475 2437 in
2510 2397 2577 2438 eo
2614 2378 2920 2437 divinitatis
2962 2377 3381 2451 plenitudinem,
3428 2389 3603 2432 verum
3643 2380 3688 2427 et
3713 2383 3798 2440 per-

2266 2476 2467 2533 fectura
2500 2486 2556 2532 et
2582 2484 2823 2547 paterna:
2851 2482 3058 2529 natura:
3089 2472 3259 2529 Deum
3290 2465 3636 2526 demonstrari
3655 2462 3792 2521 docui-

2267 2587 2390 2628 mus
2438 2590 2451 2627 :
2494 2571 2569 2627 ita
2618 2578 2677 2626 ut
2718 2569 2969 2625 habitans
3005 2566 3284 2639 plenitudo
3334 2579 3436 2621 nec
3473 2562 3715 2619 diversum
3744 2556 3799 2611 iu-

2268 2666 2604 2738 telligeretur
2650 2664 3002 2734 signiﬁcare,
3069 2675 3248 2733 neque
3299 2662 3521 2715 unicum
3569 2673 3581 2710 :
3629 2665 3730 2710 cum
3763 2657 3800 2705 et

2268 2757 2627 2831 incorporalis
2677 2757 2774 2813 Dei
2821 2755 3124 2827 corporalis
3174 2754 3440 2810 habitatio
3490 2748 3799 2823 proprietatem

2266 2851 2530 2907 naturalis
2557 2849 2777 2905 unitatis
2804 2850 2858 2904 in
2883 2849 2994 2904 Deo
3024 2848 3114 2920 qui
3147 2863 3213 2903 ex
3245 2847 3361 2902 Deo
3403 2844 3705 2901 substitisset
3731 2837 3799 2893 do-

2268 2952 2452 3010 ceret;
2482 2952 2539 3000 et
2573 2942 2827 2998 habitans
2868 2942 2920 2997 in
2960 2938 3181 2997 Christo
3219 2939 3392 3007 Deus,
3424 2926 3800 3002 subsistentis(b)

2266 3035 2470 3093 Christi
2500 3036 2865 3103 nativitatem,
2896 3032 3025 3089 dum
3053 3032 3172 3104 ejus
3198 3040 3282 3088 est
3308 3031 3592 3096 habitator,
3613 3020 3801 3082 ostende

2268 3141 2373 3188 ret.
2400 3130 2504 3187 Per
2540 3129 2683 3202 quod
2720 3127 2985 3201 impietati
3023 3143 3210 3185 eorum
3239 3127 3374 3182 satis
3416 3137 3670 3197 superque
3703 3116 3805 3175 arbi-

632 3214 766 3273 Filii
795 3236 910 3275 cum
939 3219 1098 3275 Patre
1125 3222 1475 3291 aequalitatem
1496 3265 1513 3293 ,
1541 3224 1729 3279 nedum
1766 3226 2121 3295 inﬁrmitatem
2146 3271 2161 3295 ,
2193 3231 2239 3296 C
2270 3234 2386 3283 tror
2404 3225 2570 3283 luisse
2597 3240 2943 3297 responsum,
2966 3223 3058 3295 qui
3090 3222 3163 3285 id.
3187 3221 3335 3293 quod
3363 3236 3394 3275 a
3414 3220 3631 3277 Domino
3655 3215 3805 3271 dictum

632 3310 854 3368 ostendi.
884 3311 1011 3368 Cum
1040 3315 1175 3369 enim
1195 3315 1374 3370 violati
1417 3315 1614 3372 sabbati
1638 3328 1836 3373 reatum
1875 3320 2165 3394 objicienti-

634 3402 726 3458 bus
770 3402 974 3460 Judteis
1001 3405 1097 3461 hoc
1124 3408 1437 3480 respondens
1455 3448 1471 3476 ,
1505 3410 1737 3481 proxime
1764 3421 1914 3468 antea
1938 3413 2166 3483 prcemit-

636 3505 756 3564 tat,
811 3496 972 3554 Pater
1018 3514 1172 3555 meus
1216 3515 1387 3571 usque
1429 3502 1593 3557 modo
1635 3512 1921 3574 operatur,
1978 3514 2033 3560 et
2070 3521 2171 3578 ego

638 3602 866 3659 operor;
914 3590 1012 3645 sibi
1044 3590 1289 3658 Patrique
1316 3609 1477 3647 unam
1504 3603 1551 3649 et
1573 3610 1894 3651 communem
1916 3614 2025 3654 esse
2051 3616 2173 3672 ope-

638 3680 888 3736 rationem
925 3681 1197 3738 declarat:
1222 3685 1356 3739 sicut
1392 3702 1445 3740 se
1481 3688 1753 3757 conﬁrmat
1797 3691 1844 3745 ei
1883 3693 2130 3762 wqualem
2154 3734 2169 3760 ,

638 3790 756 3830 cum
793 3775 975 3832 iisdem
996 3777 1205 3851 indigne
1229 3780 1510 3850 ferentibus
1536 3784 1673 3854 quod
1715 3787 1965 3855 aequalem
1994 3805 2045 3842 se
2066 3787 2174 3844 Deo

638 3869 863 3939 faceret,
906 3871 1080 3924 statim
1124 3871 1330 3941 subjicit
1352 3914 1368 3941 ,
1405 3873 1771 3949 Qumcum'que
1799 3879 1943 3936 enim
1975 3880 2065 3937 ille
2093 3882 2174 3937 la-

639 3965 757 4031 cit,
806 3964 994 4022 eadem
1046 3974 1101 4023 et
1142 3966 1312 4025 Filius
1361 3969 1612 4026 similiter
1646 3971 1793 4028 facit.
1850 3973 1967 4030 Una
2023 3976 2175 4033 etiam

641 4060 910 4132 utriusque
959 4061 1195 4117 voluntas
1239 4063 1455 4120 subinde
1500 4064 1903 4125 demonstratur.

566 4154 652 4210 Ad
679 4155 736 4210 id
771 4155 910 4226 quod
952 4166 1134 4226 quarto
1183 4156 1469 4232 objiciunt,
1500 4158 1659 4216 Pater
1713 4162 1884 4233 major
1927 4178 2015 4220 me
2052 4172 2176 4231 est,

640 4249 738 4303 hoc
758 4249 987 4304 concedit
1004 4266 1117 4304 vere
1140 4250 1264 4316 dici,
1293 4253 1413 4320 quia
1431 4260 1612 4307 auctor
1633 4250 1765 4309 Filii
1789 4266 1883 4321 est,
1902 4257 1991 4327 qui
2018 4272 2181 4328 neque

643 4341 798 4397 Patri
813 4342 1095 4414 cequandus
1111 4353 1185 4398 cst
1205 4346 1481 4400 secundum
1502 4349 1720 4419 formam
1741 4351 1889 4405 servi.
1918 4349 1980 4406 Si
2008 4360 2179 4407 autem

644 4432 811 4491 Pater
831 4439 999 4503 maior
1014 4445 1090 4490 est
1113 4434 1274 4501 Filio,
1298 4439 1420 4507 quia
1501 4440 1588 4494 dat
1609 4441 1749 4511 quod
1764 4451 1859 4508 est;
1881 4440 2055 4499 Filius
2077 4460 2177 4499 non

646 4540 722 4586 est
744 4530 912 4584 minor
932 4527 1110 4595 Patre,
1144 4530 1267 4600 quia
1281 4531 1337 4584 id
1365 4548 1514 4586 omne
1532 4535 1719 4603 accipit
1739 4536 1876 4603 quod
1905 4536 2064 4593 Pater
2080 4549 2174 4595 est.

2269 3333 2355 3379 est
2389 3341 2403 3379 :
2440 3322 2545 3391 Qui
2566 3338 2647 3376 me
2676 3320 2826 3387 vidit,
2853 3318 2980 3374 vidit
3021 3327 3066 3374 et
3096 3315 3309 3372 Patrem
3334 3314 3519 3391 (Joan.
3557 3326 3659 3376 xw,
3678 3306 3748 3379 9);
3769 3314 3808 3358 et

2272 3415 2433 3470 Pater
2456 3414 2513 3469 in
2540 3430 2645 3480 me,
2667 3423 2717 3470 et
2749 3430 2841 3485 ego
2871 3412 2925 3466 in
2950 3410 3109 3466 Patre
3140 3409 3320 3485 (Joan.
3350 3426 3407 3475 ι,
3438 3406 3528 3481 58)
3548 3424 3561 3472 ',
3582 3416 3651 3469 et,
3672 3400 3759 3473 Ego
3777 3404 3807 3452 tl

2272 3506 2435 3563 Pater
2457 3523 2616 3562 unum
2645 3523 2825 3562 sumus
2859 3503 3048 3579 (lbid.,
3073 3503 3163 3576 δυ)
3186 3521 3202 3571 ;
3239 3512 3316 3569 et,
3352 3501 3538 3557 Omnia
3561 3513 3662 3571 qua:
3680 3490 3809 3549 Patris

2271 3613 2411 3668 sunt,
2456 3618 2567 3657 mea
2612 3610 2731 3656 sunt
2767 3599 2952 3673 (Joan.
2981 3614 3095 3659 xvr.
3142 3596 3251 3668 l5),
3298 3596 3372 3671 (c)
3416 3594 3485 3652 ad
3520 3593 3747 3649 unitatem
3771 3589 3810 3638 el

2274 3694 2622 3751 concordiam
2651 3692 2946 3749 voluntatis
2976 3691 3243 3747 referrent
3271 3709 3284 3745 :
3319 3697 3378 3745 ut
3414 3688 3536 3760 quia
3574 3683 3685 3741 dicti
3718 3678 3811 3734 ﬁdes

2277 3799 2548 3854 maneret,
2579 3786 2714 3843 dicti
2740 3797 2919 3843 tamen
2947 3785 3361 3858 intelligentiam
3390 3782 3590 3839 fallacis
3609 3776 3811 3835 doctrina

2275 3885 2472 3955 religio
2521 3883 2780 3940 ementita
2831 3890 3245 3952 corrumperet;
3285 3888 3344 3935 et
3385 3894 3507 3936 cutn
3554 3873 3813 3946 negarinon

2278 3989 2465 4050 posset
2494 3976 2547 4031 in
2580 3975 2665 4031 his
2686 3975 2771 4048 (ιι)
2805 3974 3142 4030 voluntatum
3174 3987 3453 4039 assensus,
3480 3971 3530 4026 in
3565 3966 3730 4041 quibus
3750 3972 3811 4014 ns-

2281 4082 2415 4128 tura:
2449 4072 2630 4127 unitas
2673 4068 3025 4141 prazdicatur,
3069 4067 3137 4124 ad
3183 4066 3512 4124 abolendam
3554 4076 3709 4121 tamen
3732 4068 3816 4112 eam

2281 4178 2403 4235 qum
2445 4161 2746 4219 secundum
2799 4162 3135 4219 nativitatem
3182 4170 3267 4218 est
3315 4162 3606 4227 unitatem,
3643 4154 3817 4212 societas

2282 4270 2490 4317 tantum
2528 4261 2838 4316 concordia:
2876 4257 3211 4316 crederetur.
3252 4258 3360 4315 Sed
3404 4259 3564 4314 beato
3598 4246 3814 4324 Apostolo,

2283 4364 2400 4426 post
2421 4354 2585 4409 multa
2610 4352 2873 4408 naturalis
2890 4350 3059 4426 258
3078 4350 3321 4406 veritatis
3347 4366 3456 4407 non
3479 4347 3703 4417 ambigua
3717 4351 3817 4412 pra:-

2282 4449 2459 4515 conia,
2509 4446 2875 4519 corporaliter
2916 4446 3211 4502 habitantis
3252 4444 3555 4501 divinitatis
3590 4429 3821 4512 plenitudi-

2284 4559 2408 4599 nem
2441 4543 2494 4597 in
2526 4542 2742 4598 Christo
2779 4540 3011 4597 docente
3037 4582 3050 4606 ,
3082 4540 3325 4596 abscissa
3370 4551 3458 4595 εει
3496 4534 3659 4593 omnis
3689 4523 3822 4596 impii!

576 4622 849 4679 Ροδτνεηπο
893 4624 1238 4694 ίθηοτπηιίαηι
1264 4666 1277 4692 ο
1328 4642 1482 4698 quam
1531 4628 1752 4684 ’διενειῖεὶ
1797 4629 2000 4689 Christo
2034 4636 2177 4706 αῆῖη·
2205 4636 2260 4697 D
2288 4636 2606 4693 temeritatis
2633 4635 2884 4701 assertio,
2913 4648 3036 4691 cum
3070 4632 3374 4713 naturalem
3410 4632 3659 4687 unitatem
3686 4624 3821 4713 iocor;

646 4724 793 4789 gunt,
828 4716 1059 4785 pluribus
1099 4719 1411 4790 argumentis
1431 4720 1651 4792 repellit.
1679 4720 1801 4778 Non
1820 4725 1954 4779 enim
1983 4726 2177 4798 judicii

574 4858 581 4873 ί
650 4807 787 4862 diem
802 4808 1039 4882 ignorare
1066 4812 1227 4879 potuit
1252 4812 1744 4881 omniumconditor,
1773 4816 1875 4871 diei
1895 4816 2051 4889 hujus
2075 4836 2173 4874 no-

646 4900 880 4954 minatim
918 4910 1098 4956 auctor
1117 4917 1177 4955 ac
1203 4901 1454 4960 Dominus
1471 4946 1486 4970 ,
1515 4922 1661 4975 quem
1684 4908 1814 4963 nihil
1842 4906 1999 4965 Pater
2022 4911 2173 4979 celat,

649 4995 705 5050 in
728 5011 828 5066 quo
856 4992 1029 5050 omnes
1049 4996 1272 5053 thesauri
1291 4999 1516 5057 scientiw
1534 5013 1669 5059 sunt.
1696 5005 1830 5072 Quia
1858 5016 2028 5064 tamen
2057 5010 2176 5065 abs~

651 5089 797 5145 censi
820 5098 974 5154 sunt,
1006 5100 1140 5145 recte
1157 5093 1349 5149 nescire
1374 5110 1429 5149 se
1471 5098 1632 5162 dicit,
1659 5100 1797 5171 quod
1834 5118 1936 5157 non
1961 5113 2035 5157 est
2070 5104 2179 5159 elo-

647 5182 924 5253 quendum.
953 5180 1110 5238 Solus
1136 5189 1305 5256 itaque
1329 5184 1490 5242 Pater
1523 5189 1655 5245 diem
1673 5193 1864 5265 jndicii
1897 5195 1990 5250 scit
2015 5238 2029 5265 ,
2058 5196 2178 5268 quia

653 5292 737 5369 (1)
770 5295 850 5350 Ad
885 5294 1202 5352 divinitatem
1224 5296 1514 5355 indiscreta:
1541 5313 1759 5361 naturce.

657 5410 735 5484 (α)
767 5409 826 5466 In
847 5410 1080 5482 vulgatis
1105 5419 1160 5467 et
1181 5413 1455 5484 nonnullis
1486 5432 1617 5473 mss.
1649 5419 1939 5477 indiscreta:
1958 5432 2179 5479 natum.

582 5482 643 5540 In
672 5482 1003 5562 solocodice
1031 5483 1148 5562 has.
1180 5483 1330 5562 van,
1362 5486 1613 5562 discretat,
1640 5494 1791 5562 cujus
1814 5509 2021 5550 necnon
2048 5494 2183 5551 Car-

584 5554 911 5627 nut.,triuut
960 5555 1138 5620 Colb.,
1165 5558 1323 5611 unius
1361 5554 1848 5627 Sorbon.,Martin.
1895 5580 1956 5619 ac
1996 5566 2180 5625 Germ.

584 5784 686 5895 per
710 5784 770 5822 se
799 5784 1096 5854 oatenottur
1124 5784 1374 5858 nativitas
1403 5794 1415 5830 :
1442 5784 1684 5862 sedcura
1709 5784 1847 5862 alius
1873 5784 1944 5835 sit
1967 5784 2059 5851 qui
2082 5784 2179 5838 ha-

623 5848 807 5910 ttatur,
839 5839 976 5897 altus
1002 5854 1096 5913 qut
1136 5842 1375 5914 habitat;
1418 5848 1591 5908 Patris
1622 5849 1936 5923 habitantis,
1966 5859 2019 5910 'et
2060 5853 2182 5914 Filii
2284 5839 2318 5917 tl

623 5626 909 5682 uetnritate
937 5628 1254 5684 sustulimus
1282 5627 1478 5688 deinde
1503 5626 1820 5690 vocabulum
1851 5650 2071 5692 naturae.

663 5696 737 5769 (b)
780 5696 837 5751 ld
867 5698 1370 5778 est,_subsist_entia
1407 5704 1665 5778 di5tincti.
1699 5705 1885 5778 Neque
1928 5724 2056 5765 vero
2095 5710 2184 5768 hic

626 5784 686 5851 er
707 5782 770 5851 se
799 5770 1096 5851 ostenditur
1124 5774 1374 5851 nativitas
1403 5776 1684 5851 :‘sedicum
1709 5770 1847 5833 alius
1873 5779 1944 5835 sit
1967 5781 2059 5851 qui
2082 5782 2179 5838 ba-

2284 4732 2486 4803 pnralis
2514 4729 2812 4785 divinitatis
2837 4729 3097 4784 habitatio
3119 4710 3429 4799 corporalis
3446 4726 3676 4782 efﬁceret
3694 4736 3706 4775 :
3725 4724 3769 4771 ut
3786 4710 3821 4767 id

2281 4825 2423 4898 quod
2465 4841 2574 4880 non
2618 4824 2768 4880 solus
2813 4830 2900 4881 est
2945 4822 3135 4890 Filius,
3178 4822 3274 4878 sed
3315 4820 3461 4894 quod
3508 4819 3559 4875 in
3594 4829 3656 4872 eo
3690 4812 3825 4867 mane!

2283 4919 2477 4986 Pater;
2508 4933 2685 4991 neque
2713 4916 2891 4973 solum
2923 4925 3125 4983 manet,
3150 4917 3246 4971 sed
3298 4924 3355 4970 et
3403 4918 3649 4984 operatur
3688 4909 3736 4960 et
3770 4899 3825 4991 Ιοέ

2283 5015 2509 5085 quitur;
2555 4990 2734 5085 neque
2788 5011 2964 5069 solum
3037 5019 3291 5082 operatur
3345 5021 3400 5065 et
3466 5004 3717 5077 loquitur,
3755 4990 3825 5049 sed

2284 5116 2341 5163 et
2400 5108 2618 5163 videtur
2686 5105 2783 5178 (ε),
2855 5119 2961 5160 non
3033 5103 3141 5160 sint
3201 5104 3579 5174 nuncupativa,
3618 5091 3701 5152 sed
3753 5100 3823 5140 *θ’

2282 5212 2345 5257 ra
2379 5242 2392 5267 ,
2437 5199 2565 5259 dum
2610 5198 2772 5257 habet
2824 5199 2878 5256 in
2950 5211 3010 5255 se
3052 5213 3146 5271 per
3186 5209 3584 5265 sacramentum
3628 5183 3828 5248 nativita-

2288 5424 2343 5482 in
2373 5439 2480 5496 quo
2512 5423 2740 5489 habitat,
2768 5422 3117 5496 subsistentia
3154 5437 3263 5496 non
3299 5438 3400 5479 una
3438 5414 3829 5496 Sigttiﬁt’r'alllﬁiel

2287 5484 2689 5568 consequenter
2728 5484 3034 5568 ostenditur
3082 5494 3355 5564 nativitas,
3406 5484 3516 5565 (κυεῖ
3556 5491 3662 5548 sola
3697 5484 3830 5543 Filius

2292 5567 2430 5624 alius
2455 5566 2487 5622 a
2514 5568 2672 5624 Patre
2700 5566 2967 5623 subsistit.

2360 5638 2433 5710 (c)
2467 5640 2611 5710 Lips.
2644 5649 2698 5695 et
2723 5639 2871 5706 Ρ.ιι“.,
2899 5638 2968 5693 ad
2996 5641 3402 5696 unanimitatem.

2464 5712 2521 5785 in
2549 5727 2650 5767 ms.
2683 5711 2920 5785 Martin.,
2950 5713 3252 5785 voluntatis.
3316 5783 3326 5785 _
3356 5784 3364 5785 ί
3799 5770 3808 5781 ,

2360 5775 2589 5861 (εγ-Ριιῇ
2620 5790 2741 5861 post
2763 5782 3011 5861 Lipsiutn‘
3047 5783 3276 5861 pradixo
3315 5783 3620 5861 bic‘puncto
3654 5775 3828 5861 subliﬁi}

2322 5847 2503 5927 ei'n'de,
2535 5847 2658 5912 Non
2687 5847 3014 5927 suntfquasi
3045 5847 3162 5916 inec
3190 5872 3221 5914 a
3243 5847 3601 5932 superioribus
3624 5847 3825 5907 absoluta
