3988 6332
151 343 260 406 281

1376 351 1466 409 DE
1495 351 1870 415 TRINITA’IE
1908 356 2109 414 LIBER
2146 358 2239 415 IX.

3353 360 3460 419 282

157 467 225 523 tis
249 464 329 540 (α)
354 474 411 523 et
449 466 619 522 virtus
646 466 921 535 virtutem,
950 474 1007 524 et
1048 475 1288 541 potestas
1323 462 1673 543 potestatem,
1710 481 1769 529 et
1792 477 1849 539 Α
1871 473 2021 530 lubili
2050 475 2330 549 abnegatae
2358 475 2654 534 divinitatis
2682 476 3020 550 professione
3046 477 3376 537 subvenisse
3400 493 3460 536 se

154 572 350 619 natura
394 570 671 628 naturam;
718 571 909 620 tenens
953 578 1052 635 per
1085 564 1423 622 nativitatem
1465 567 1581 639 ipsa
1611 570 1756 639 quod

154 670 314 714 suum
343 663 446 723 est,
479 663 537 712 et
563 670 631 712 ex
656 669 715 713 se
741 654 816 728 (b)
863 672 961 728 per
1002 657 1292 729 imaginem
1331 660 1574 717 referens
1609 661 1755 733 quod

155 752 207 810 in
241 767 306 809 se
333 761 440 819 est,
470 750 599 808 dum
631 761 685 807 ct
706 754 881 825 imago
906 763 988 812 est
1017 755 1255 811 auctoris
1281 764 1338 812 et
1364 756 1597 825 veritas;
1630 757 1753 827 quia

154 847 397 923 perfecta
444 850 699 906 nativitas
743 850 1039 922 perfectam
1081 852 1368 923 imaginem
1412 861 1654 924 prmStat,
1700 861 1757 910 et

151 940 435 1014 plenitudo
458 942 760 998 divinitatis
795 944 1155 1017 corporaliter
1194 944 1502 1003 inhabitans
1528 956 1746 1002 natura-

152 1034 260 1093 lem
291 1035 502 1092 obtinet
529 1036 838 1092 veritatem.

217 1131 276 1186 2.
319 1129 611 1202 Scriptura:
650 1130 834 1201 quibus
876 1133 1160 1187 abutuntur
1191 1133 1398 1188 Ariani.
1433 1131 1538 1188 Cur
1576 1149 1754 1189 earum

148 1240 356 1281 sensum
399 1242 503 1279 non
546 1235 910 1296 assequuntur.
935 1254 1009 1267 -—
1037 1225 1103 1281 Et
1149 1225 1265 1281 hare
1303 1226 1523 1298 quidem
1564 1242 1754 1299 quam-

144 1320 225 1375 vis
254 1317 330 1393 (c)
353 1320 426 1376 ita
449 1334 509 1376 se
539 1329 597 1375 ιιι
622 1330 752 1376 sunt
785 1320 1055 1386 habeant,
1086 1321 1211 1393 quia
1254 1322 1516 1377 naturalis
1542 1337 1607 1378 ex
1641 1322 1753 1378 Deo

147 1412 293 1470 Deus
334 1430 443 1469 non
485 1422 664 1485 potest
715 1416 817 1470 nisi
860 1417 912 1470 in
954 1431 1016 1471 ea
1062 1418 1361 1473 nativitatis
1404 1432 1517 1473 sum
1560 1426 1751 1473 natura

147 1519 268 1561 esse
291 1505 371 1580 (ά)
397 1521 499 1577 qua
527 1506 671 1562 Deus
708 1517 812 1575 est,
840 1517 893 1564 et
914 1509 1147 1564 viventis
1185 1520 1395 1564 natura:
1433 1509 1752 1566 indifferens

147 1598 326 1655 unitas
363 1600 745 1670 inseparabilis
783 1615 814 1655 a
852 1614 912 1656 se
937 1609 1025 1657 est
1064 1601 1166 1657 sub
1206 1603 1437 1657 viventis
1474 1600 1752 1659 uativitate

145 1702 356 1748 natura:
382 1707 401 1745 :
431 1696 613 1747 tamen
641 1707 735 1762 per
760 1690 884 1749 fidei
921 1693 1249 1765 evangelicae
1286 1695 1581 1751 salutarem
1621 1710 1754 1750 con-

143 1783 432 1842 fessionem
462 1784 768 1857 subrepunt
812 1786 1051 1842 haeretici
1085 1786 1154 1860 (e)
1202 1785 1270 1843 ad
1312 1788 1556 1843 veritatis
1598 1789 1748 1843 exci-

1860 568 2021 627 fidem
2044 571 2306 629 Ecclesiae
2326 572 2643 644 gloriantur,
2673 588 2796 630 cum
2824 574 3071 647 relegunt
3101 591 3115 629 :
3148 572 3228 629 De
3252 574 3335 629 die
3362 590 3460 629 au-

1859 673 1959 718 tem
1987 662 2081 719 illa
2107 674 2151 718 et
2188 665 2313 720 liora
2341 681 2490 721 nemo
2520 668 2636 733 scit,
2668 683 2829 739 neque
2870 666 3053 739 Ληρειί
3081 667 3136 722 in
3163 667 3321 734 (telis,
3366 682 3460 722 nec

1858 755 2051 824 Filius,
2099 760 2200 814 nisi
2241 757 2400 814 Pater
2437 763 2580 815 solus
2616 759 2810 829 (Marc.
2846 776 2967 829 xm,
3000 760 3111 832 52).
3148 760 3262 816 Non
3310 760 3456 816 enim

1858 854 2071 910 videtur
2117 854 2468 926 exaequabilis
2522 869 2618 925 per
2666 855 3001 911 nativitatem
3054 867 3177 911 esse
3228 863 3453 921 natura,

1856 965 1977 1023 qua:
2025 949 2379 1021 ignorationis
2422 950 2495 1005 sit
2537 950 2861 1006 necessitate
2902 949 3149 1016 diversa;
3190 959 3245 1005 et
3291 948 3456 1006 Pater

1856 1041 2083 1099 sciendo
2110 1057 2171 1097 ac
2197 1041 2370 1098 Filius
2411 1042 2707 1098 nesciendo
2734 1042 3081 1098 manifestent
3115 1042 3453 1098 dissimilitu-

1855 1135 2036 1191 dinem
2076 1134 2375 1191 divinitatis
2409 1151 2423 1190 :
2455 1136 2578 1206 quia
2621 1144 2676 1191 et
2720 1135 2970 1207 ignorare
3005 1136 3146 1191 Deus
3185 1132 3317 1190 nihil
3360 1134 3457 1190 de-

1856 1230 2003 1296 beat,
2037 1239 2093 1285 et
2122 1230 2377 1302 ignorans
2407 1245 2513 1283 nun
2545 1228 2942 1299 comparandus
2970 1228 3042 1284 sit
3069 1227 3134 1283 ad
3167 1227 3451 1284 scientem.

1855 1322 1961 1379 Sed
1992 1323 2107 1379 hinc
2135 1323 2314 1378 omnia
2338 1363 2353 1389 ,
2388 1336 2488 1377 nec
2516 1323 2725 1377 ratione
2756 1321 3150 1393 intelligentes,
3191 1335 3291 1377 nec
3320 1328 3456 1377 tem-
3516 1313 3521 1319 ’

1855 1417 2076 1487 poribus
2115 1415 2507 1481 discernentes,
2550 1430 2652 1472 nec
2697 1415 2778 1489 (Ii)
2818 1414 3170 1471 sacramentis
3217 1429 3450 1486 evange-

1855 1510 1973 1568 licis
2022 1508 2527 1581 apprehendentes,
2574 1524 2675 1565 nec
2722 1509 2991 1564 dictorum
3041 1509 3332 1564 virtutibus
3378 1508 3442 1579 (ὅ)

1854 1603 2175 1670 sentientes,
2207 1604 2373 1659 stulto
2398 1612 2560 1675 atque
2588 1603 2840 1674 imperito
2867 1602 3050 1659 furore
3075 1604 3341 1660 adversus
3370 1602 3452 1660 di-

1853 1700 2096 1757 vinitatis
2150 1710 2400 1757 naturam
2454 1701 2769 1771 loquuntur,
2820 1700 2886 1756 ad
2938 1700 3239 1773 implendas
3294 1715 3454 1757 aures

1855 1793 2218 1866 ignorantium
2242 1794 2355 1848 sola
2399 1793 2514 1849 haec
2543 1803 2597 1849 et
2638 1792 2774 1849 nuda
2807 1801 3193 1859 memorantes,
3222 1802 3315 1849 aut
3358 1794 3456 1851 ab-

145 1877 316 1945 dium,
350 1888 409 1933 ut
443 1879 749 1934 naturalem
793 1878 931 1935 Filio
958 1878 1248 1935 detrahant
1287 1882 1548 1937 unitatem
1572 1923 1587 1948 ,
1619 1881 1745 1936 dum

1873 1890 2209 1946 tolutionihus
2238 1904 2426 1945 eorum
2457 1889 2654 1956 tacitis,
2685 1897 2775 1943 aut
2796 1888 3012 1944 causis:
3040 1903 3162 1945 cum
3185 1888 3451 1944 dictorum

148 1973 304 2031 aliter
326 1983 489 2044 atque
514 1972 583 2029 ad
610 1974 754 2031 aliud
776 1974 941 2040 dicta,
969 1974 1126 2031 aliter
1146 1984 1311 2047 atque
1341 1977 1392 2031 in
1420 1976 1562 2032 aliud
1593 1976 1771 2033 intel-'

150 2068 363 2141 ligenda
386 2078 734 2141 componunt.
758 2069 1026 2143 Negantes
1050 2072 1226 2141 itaque
1251 2071 1343 2127 Dei
1371 2071 1563 2138 filium,
1595 2081 1751 2127 utun-

153 2171 243 2220 tur
266 2178 330 2219 ea
357 2167 668 2221 auctoritate
692 2181 797 2237 qua
828 2166 1027 2222 dixerit
1054 2184 1068 2221 :
1100 2166 1240 2233 Quid
1269 2183 1348 2221 me
1371 2166 1499 2222 dicis
1530 2166 1751 2222 bonum?

158 2253 328 2311 Nemo
351 2266 426 2310 est
454 2255 609 2310 bonus
633 2256 733 2312 nisi
752 2274 888 2313 unus
920 2255 1060 2313 Deus
1082 2257 1277 2331 (Marc.
1304 2275 1359 2323 x,
1391 2257 1482 2330 18)
1506 2276 1519 2312 :
1546 2269 1601 2313 ut
1627 2260 1750 2329 quia

152 2362 315 2404 unum
345 2347 511 2404 Deum
552 2349 820 2420 professio
855 2348 973 2419 ejus
1020 2350 1197 2406 locuta
1242 2354 1335 2420 sit,
1381 2351 1639 2424 quidquid
1681 2352 1749 2407 il-

149 2441 235 2498 lud
262 2441 340 2516 (Ῑ)
373 2443 572 2500 exinde
594 2443 647 2499 in
683 2444 777 2499 Dei
810 2446 1031 2503 nomine
1055 2446 1180 2513 erit,
1206 2447 1317 2517 jam
1346 2464 1451 2502 non
1480 2448 1533 2503 in
1559 2458 1750 2505 natura

148 2541 241 2599 Dei
272 2552 513 2611 maneat,
553 2542 679 2614 quia
719 2542 861 2600 Deus
902 2558 1041 2600 unus
1068 2553 1170 2600 est.
1213 2545 1389 2617 Atque
1417 2555 1473 2601 ttt
1500 2545 1575 2613 id,
1608 2546 1751 2619 quod

148 2636 262 2710 ipse
298 2638 442 2695 Deus
466 2637 687 2706 dicitur,
711 2639 1113 2710 nuncupatione
1144 2640 1320 2711 potius
1340 2656 1501 2712 quam
1524 2641 1751 2699 veritate

148 2733 244 2800 sit;
274 2731 405 2789 hinc
429 2732 757 2791 confirmare
784 2733 1046 2800 nituntur,
1079 2733 1200 2806 quia
1241 2734 1439 2791 dixerit
1468 2752 1481 2789 :
1514 2733 1643 2791 Han:
1681 2743 1753 2790 est

150 2838 321 2883 autem
355 2828 461 2883 vita
500 2836 714 2893 interna,
744 2838 801 2883 ut
827 2836 1141 2901 cognoscant
1167 2838 1217 2884 te
1262 2827 1343 2904 (θ)
1369 2828 1537 2884 solum
1577 2843 1753 2885 verum

151 2917 319 2976 Deum
349 2918 529 2992 (Joan.
559 2936 687 2987 xvtt,
721 2922 796 2993 '5).
828 2920 895 2977 Et
932 2932 989 2976 ut
1024 2930 1175 2977 extra
1218 2921 1607 2992 proprietatem
1637 2920 1752 2977 veri

148 3014 235 3071 Dei
265 3016 367 3081 sit,
406 3014 459 3070 id
495 3013 757 3086 adjiciunt
785 3032 798 3069 :
832 3013 955 3070 Non
985 3024 1151 3088 potest
1193 3013 1365 3069 Filius
1397 3018 1568 3088 facere
1599 3015 1664 3069 ab
1700 3031 1755 3070 se

146 3108 452 3184 quidquam,
472 3109 573 3164 nisi
602 3109 739 3181 quod
755 3110 933 3165 viderit
954 3107 1166 3165 Patrem
1188 3111 1460 3182 facientem
1486 3109 1667 3184 (Jaan.
1696 3127 1750 3180 v,

150 3200 255 3275 19).
290 3203 534 3259 Tentant
563 3219 776 3275 quoque
816 3212 869 3259 et
901 3203 1031 3259 illttd
1064 3221 1077 3258 :
1108 3203 1264 3259 Pater
1290 3204 1459 3275 major
1481 3204 1646 3278 259
1672 3221 1755 3259 me

1856 1984 2208 2057 intelligentia
2241 1995 2333 2039 aut
2368 1999 2434 2039 ex
2475 1983 2779 2054 praepositis
2821 1993 2912 2039 aut
2952 1998 3018 2039 ex
3058 1981 3452 2055 consequenti-

1857 2078 1958 2133 hus
1982 2076 2053 2151 (j)
2084 2086 2392 2145 expetatur.

1927 2173 1982 2227 5.
2011 2170 2247 2227 Christus
2271 2180 2320 2226 ct
2350 2169 2490 2226 Dens
2513 2179 2588 2226 est
2612 2180 2660 2225 et
2689 2171 2858 2225 homo.
2878 2170 3159 2225 Attendunt
3181 2168 3457 2224 Nestorius

1852 2275 1903 2320 et
1934 2264 2292 2337 Eu!ychrs.—-
2322 2267 2496 2337 Atque
2521 2264 2712 2320 horum
2737 2264 2955 2336 quidem
2978 2265 3229 2334 superius
3249 2277 3458 2321 memo-

1857 2370 2096 2418 ratorum
2125 2360 2391 2417 rationem
2419 2375 2486 2416 ex
2510 2360 2642 2432 ipsis
2661 2360 2744 2415 vel
2775 2359 3103 2431 evangelicis
3131 2359 3213 2415 vel
3237 2366 3458 2431 aposto-

1855 2454 1975 2511 licis
2004 2454 2433 2526 professionibus
2468 2454 2541 2526 (Ιι)
2571 2454 2865 2526 ρι’ωειίιυτί
2890 2498 2905 2523 ,
2933 2454 3309 2512 admonendos
3334 2468 3459 2512 esse

1854 2561 2047 2603 omnes
2074 2549 2380 2603 communis
2408 2546 2530 2603 fidei
2558 2548 2934 2604 existimamus
2959 2565 2972 2601 :
3005 2555 3066 2603 ut
3102 2548 3155 2603 in
3197 2562 3298 2618 qua
3327 2561 3459 2603 eon-

1856 2640 2099 2698 fessione
2137 2642 2412 2698 aeternitas
2442 2642 2565 2698 vita:
2594 2654 2699 2706 est,
2737 2642 2789 2696 iu
2817 2642 3007 2697 eadem
3044 2641 3114 2697 sit
3152 2641 3462 2713 intelligen-

1858 2735 1930 2790 tia
1946 2734 2337 2809 (t)a:teruitatis
2355 2736 2476 2806 (in).
2496 2734 2679 2792 Nescit
2702 2735 2861 2807 plane
2882 2735 3046 2790 vitam
3066 2750 3241 2803 suam,
3263 2737 3457 2804 nescit,

1856 2830 1946 2902 qui
1990 2827 2266 2884 Christum
2308 2828 2491 2885 Jesum
2532 2837 2591 2883 ut
2624 2843 2813 2884 verum
2858 2827 3026 2884 Deum
3073 2828 3147 2883 ita
3182 2836 3238 2882 et
3271 2842 3459 2883 verum

1858 2924 2131 2981 hominem
2160 2923 2240 2997 (1)
2287 2925 2519 2996 ignorat.
2561 2924 2630 2979 Et
2673 2924 2915 2994 ejusdem
2956 2924 3183 2995 periculi
3227 2938 3316 2979 res
3354 2931 3458 2991 est,

1857 3017 2129 3075 Christum
2172 3017 2358 3074 Jesum
2400 3017 2488 3072 vel
2536 3016 2797 3086 Spiritum
2847 3017 3050 3084 Deum,
3101 3016 3187 3072 vel
3240 3029 3460 3071 carnem

1858 3112 2028 3168 nostri
2059 3110 2303 3183 corporis
2326 3110 2621 3187 denegare.
2658 3110 2840 3165 Omnis
2867 3126 2987 3182 ergo
3013 3108 3095 3183 (η)
3128 3109 3216 3183 qui
3246 3108 3463 3178 conﬁte-

1858 3207 1995 3262 bitur
2020 3222 2100 3260 me
2122 3221 2295 3261 coram
2318 3204 2628 3266 hominibus,
2653 3202 2933 3274 conﬁtebor
2959 3212 3006 3257 et
3030 3217 3124 3275 ego
3151 3217 3269 3256 eum
3289 3215 3464 3255 corant

147 3296 433 3370 est(loan.
463 3312 574 3364 xw,
601 3294 719 3370 ΞΒ).
751 3295 1037 3354 Postremo
1061 3296 1172 3369 jam
1215 3306 1486 3369 tamquam
1518 3300 1743 3355 indissr»
1779 3292 1825 3354 C
1859 3307 2005 3371 patre
2057 3315 2201 3367 meo,
2248 3298 2337 3371 qui
2389 3305 2461 3354 est
2521 3297 2577 3351 in
2626 3297 2783 3351 caelis.
2843 3294 2944 3362 Qui
2993 3305 3160 3351 autent
3209 3293 3465 3366 negaverit

213 3461 300 3537 (i)
338 3459 559 3517 Addidit
585 3474 616 3517 e
641 3461 866 3533 regione
886 3459 1160 3526 librarius,
1191 3459 1256 3515 de
1284 3436 1604 3515 uera’carne.

149 3611 337 3662 essent
363 3620 378 3657 :
404 3616 527 3659 cum
560 3600 846 3658 manifeste
876 3600 1185 3657 referantur
1211 3598 1277 3654 ad
1304 3600 1488 3666 verba,
1513 3599 1569 3655 id
1587 3601 1745 3669 quod,

154 3693 270 3749 quas
300 3676 566 3749 licetnnn
607 3675 839 3743 amplius
876 3674 1125 3749 repetita,
1161 3672 1315 3727 facile
1348 3681 1525 3749 tamen
1556 3674 1753 3749 intelli-

150 3745 350 3820 gutttttr
375 3746 603 3820 subinde
633 3745 930 3820 repetenda
950 3788 964 3813 ,
999 3746 1138 3820 sicut
1178 3754 1233 3800 et
1271 3745 1528 3820 vocabula
1560 3746 1623 3820 in_
1644 3761 1701 3799 eo
1733 3760 1752 3800 :

152 3817 201 3878 ἦ.
225 3838 309 3893 3.,
345 3828 391 3876 et
426 3818 480 3873 id
512 3818 649 3893 quod
690 3834 793 3893 non
827 3817 1069 3893 solantia
1102 3833 1161 3893 _eo
1193 3826 1383 3883 manet,
1414 3817 1504 3871 sed
1532 3825 1576 3871 et
1602 3817 1658 3893 in
1695 3833 1755 3893 eo

152 3887 435 3964 opiratur;
462 3900 508 3945 et
525 3887 590 3945 id
608 3891 747 3964 quod
773 3906 874 3944 non
902 3887 1071 3944 solum
1096 3889 1149 3943 in
1176 3904 1235 3943 eo
1262 3899 1506 3962 aperatnr
1526 3897 1574 3943 et
1595 3888 1757 3961 loqui-

154 3962 254 4027 tur.
275 3965 375 4021 sed
401 3973 450 4019 et
478 3963 532 4017 in
556 3962 865 4018 eo’oidetur.

221 4038 295 4108 (a)
322 4036 383 4093 In
424 4050 530 4090 uno
559 4050 590 4091 e
620 4049 747 4090 mss.
782 4033 980 4101 \'alic.,
1013 4033 1503 4108 virtutispirtutent,
1518 4041 1563 4085 et
1591 4043 1762 4108 potes-

156 4103 615 4182 tatis’potestatem,
636 4116 684 4162 et
706 4116 905 4182 natura:
925 4116 1182 4161 naturam.
1199 4104 1381 4182 _Virtus
1406 4104 1575 4182 ilius
1597 4103 1761 4182 habet

156 4184 208 4237 in
233 4175 301 4237 se
342 4181 602 4236 virtutem
638 4194 759 4250 quae
786 4178 945 4233 Pater
973 4187 1057 4233 est
1086 4194 1101 4232 :
1132 4178 1279 4250 quia,
1311 4188 1368 4230 ut
1395 4176 1592 4230 dicitur
1621 4175 1759 4230 libro

154 4255 465 4323 superiore,
493 4248 667 4317 ωλι.
684 4266 790 4306 non
809 4250 952 4305 aliud
976 4259 1102 4305 sunt
1119 4251 1179 4323 in
1206 4248 1319 4323 Deo
1348 4263 1465 4318 quae
1491 4260 1587 4301 sua
1607 4258 1757 4323 sunt,

155 4314 315 4397 quam
345 4314 504 4397 quod
532 4334 615 4379 est
647 4314 771 4395 ipse
801 4339 814 4375 :
847 4332 903 4378 et
934 4338 1080 4397 num.
1110 4320 1181 4397 26
1211 4337 1224 4374 :
1257 4314 1587 4375 Res'nalura:
1626 4314 1755 4372 Filii

156 4393 259 4464 est;
285 4397 382 4452 sed
405 4395 586 4451 eadem
613 4393 695 4450 res
715 4404 761 4447 et
780 4404 980 4449 natura:
1008 4393 1180 4448 Patris
1208 4402 1301 4446 est.

224 4462 305 4538 (ὁ)
342 4467 496 4536 Apud
528 4466 682 4527 Dad..
723 4466 819 4538 Er.
848 4466 982 4538 etin
1011 4481 1113 4538 nis.
1149 4464 1267 4519 Vat.
1297 4465 1438 4527 has.,
1469 4478 1560 4536 per
1593 4462 1757 4538 ipsius

155 4535 454 4615 imaginem.
492 4539 620 4615 Haec
650 4540 721 4615 ita
756 4536 1103 4615 intelligenda
1138 4553 1151 4589 :
1184 4545 1358 4615 ten_ens
1396 4535 1487 4605 per
1516 4535 1759 4615 nativita-

158 4606 281 4680 tem:
302 4627 404 4669 seu
432 4621 491 4668 ut
515 4611 730 4667 suboles
764 4606 958 4675 Patris,
986 4610 1100 4678 ipsa
1134 4608 1271 4678 quod
1300 4624 1470 4674 suum,
1502 4617 1626 4676 puta
1654 4606 1757 4660 Pa-

159 4684 277 4752 tris,
312 4694 388 4757 est
410 4700 431 4757 ;
457 4696 507 4741 et
536 4701 628 4757 per
655 4682 950 4757 imaginem,
976 4696 1076 4757 _seu
1105 4688 1369 4757 quatenus
1395 4679 1572 4751 imago
1588 4693 1756 4757 ,_qna:

158 4773 222 4811 ex
259 4741 341 4821 ξε.
370 4755 422 4811 id
448 4741 552 4822 est;
591 4771 656 4811 ex
693 4741 809 4823 ipsa
847 4741 1021 4809 Patris
1051 4741 1349 4807 substantia
1383 4760 1463 4807 est
1485 4741 1759 4823 {rerum
1783 4741 1839 4803 D

157 4831 296 4897 quod
325 4828 382 4883 in
402 4844 477 4896 se,
506 4827 625 4883 scil.
654 4828 708 4882 in
732 4827 849 4895 ipso
871 4824 1035 4881 Patre
1063 4833 1159 4879 est.

257 4899 314 5025 9
354 4900 474 4956 Par.
504 4901 579 4954 ita
609 4909 663 4953 ut
689 4898 741 4952 in
762 4913 817 4951 se
843 4897 1084 4952 habeant.

304 4979 319 5025 l
354 4971 468 5025 Duo
499 4986 632 5025 mss.
664 4969 801 5025 quod
822 4966 962 5024 Deus
986 4979 1079 5023 est.

260 4918 287 4955 c
354 4902 474 4956 Par.
504 4902 579 4954 ita
609 4909 663 4953 ut
689 4902 741 4952 in
762 4913 817 4951 se
843 4902 1084 4952 habeant.

232 4902 319 5044 $2)
354 4971 468 5025 Duo
499 4986 632 5027 mss.
664 4969 801 5044 quod
822 4966 962 5044 Deus
986 4979 1079 5023 est.
1110 4966 1248 5023 Tum
1270 4966 1392 5023 Vat.
1424 4965 1537 5044 bas.
1564 4964 1759 5044 codex_,

158 5038 472 5109 utrioentis,
502 5059 610 5098 non
636 5038 706 5097 et.
730 5041 861 5096 Dine
890 5040 978 5095 hic
1006 5048 1299 5111 tanguntur
1339 5038 1608 5102 rationes,
1634 5039 1762 5111 qui-

160 5116 263 5171 bus
293 5108 573 5172 Christum
605 5116 773 5170 Deum
803 5126 927 5169 esse
954 5108 1250 5167 doceamur
1278 5127 1292 5163 :
1320 5111 1490 5178 prima
1518 5108 1760 5180 quidem,

161 5188 308 5260 quod
340 5195 591 5243 nascatur
615 5203 680 5242 ex
707 5184 841 5248 Deo,
869 5183 1205 5260 proindcqite
1228 5191 1321 5237 aut
1348 5181 1517 5260 Deus,
1536 5192 1641 5260 _aut
1667 5180 1764 5260 de-

160 5252 369 5331 gener;
395 5261 567 5315 altera
599 5274 748 5323 vero,
779 5255 922 5331 quod
952 5252 1310 5331 _sicutPater,
1351 5253 1424 5307 ita
1452 5261 1506 5307 et
1534 5252 1650 5331 ipse
1679 5252 1762 5307 vi-

163 5326 274 5387 iam
307 5332 505 5388 habeat
529 5331 583 5386 in
604 5326 922 5400 semetipso.
952 5326 1167 5385 Videsis
1196 5326 1390 5381 librum
1426 5326 1763 5395 superiorem

160 5402 397 5548 "ﬂgiti
427 5490 537 5548 uno
568 5490 600 5530 e
632 5489 765 5531 mss.
799 5472 973 5529 Vatic.
1006 5472 1076 5548 ad
1100 5470 1328 5548 veritatis
1350 5467 1681 5548 diuinitatis.
1707 5466 1766 5523 In

164 5540 364 5608 altero.
388 5547 459 5602 ad
484 5547 794 5602 diversitatis
825 5563 845 5601 :
877 5543 1024 5617 quod
1045 5543 1331 5617 icgendtim
1349 5540 1768 5617 suspicatuspst

164 5618 452 5688 Erasmus,
477 5620 594 5690 ipse
613 5635 733 5675 cum
759 5609 1176 5690 Bad.'exhibe'ns
1201 5614 1272 5690 ad
1291 5612 1635 5690 adversitatis.
1660 5609 1767 5690 Rc:

166 5683 454 5747 tiuendutn
486 5683 610 5746 eum
654 5690 776 5746 aliis
812 5689 984 5753 libris,
1018 5688 1086 5742 ad
1125 5686 1355 5742 veritatis
1390 5684 1670 5750 excidium,
1715 5683 1771 5739 id

166 5772 277 5826 est.
309 5775 368 5817 ut
392 5778 575 5819 verum
603 5761 740 5818 Filio
770 5774 1016 5816 naturam
1048 5759 1315 5815 auferant.

184 5846 192 5885 ι
245 5834 324 5908 (ιτ)
354 5833 637 5904 Particula:
661 5835 849 5891 exinde
871 5843 924 5892 et
940 5834 1056 5905 jam
1087 5833 1140 5891 itt
1168 5829 1398 5905 vulgatis
1445 5827 1662 5886 omissze
1683 5843 1773 5887 re-

170 5908 477 5967 stituuntur
499 5909 603 5982 ope
627 5918 760 5967 ωδε.

1938 3597 2017 3672 (g)
2046 3597 2105 3654 In
2136 3597 2370 3663 excusis,
2403 3598 2571 3654 solum
2597 3606 2642 3652 et
2668 3613 2864 3652 verum.
2891 3596 3058 3653 Abest
3079 3604 3125 3651 et
3154 3610 3183 3650 a
3212 3609 3389 3664 grteco
3413 3604 3468 3652 et

1856 3685 1989 3729 mss.
2025 3673 2075 3727 in
2109 3684 2337 3741 quorum
2388 3672 2661 3742 plerisque
2692 3685 2814 3724 mox
2842 3678 3068 3734 teneant,
3108 3682 3214 3723 non
3247 3676 3461 3724 tentant.

1931 3748 2011 3826 (Ιι)
2059 3750 2179 3804 Vat.
2231 3750 2347 3826 bas.
2401 3768 2562 3826 ms.,_
2589 3759 2910 3826 sacramenta
2953 3750 3244 3826 evangelica
3287 3764 3306 3802 :
3340 3763 3465 3826 cor-

1857 3819 2129 3881 rectorem
2162 3822 2302 3893 sapit
2327 3838 2431 3877 non
2463 3823 2595 3878 satis
2619 3822 3098 3893 circumsttectum,
3124 3819 3213 3890 qui
3244 3834 3348 3893 non
3372 3820 3466 3893 ad-

1860 3896 2026 3952 vertit
2049 3905 2172 3966 post
2202 3891 2643 3966 apprehendentes
2677 3892 2953 3948 subaudiri
2994 3892 3104 3946 haec
3144 3891 3337 3953 omnia,
3378 3891 3461 3966 vi-

1864 3963 2067 4023 delicet
2131 3963 2426 4033 Scriptura:
2488 3965 2797 4020 testimonia
2868 3966 3186 4019 Arianorum
3244 3963 3465 4018 nomine

1865 4038 2113 4112 proxime
2148 4039 2309 4112 allata
2341 4051 2499 4112 :quze
2542 4036 2618 4090 illi
2666 4046 2965 4112 arguuntur
3006 4051 3111 4089 non
3156 4034 3465 4112 expendere

1865 4105 2160 4167 secundum
2193 4105 2895 4180 Evangelicasacranienta.
2916 4110 3019 4180 line
3038 4115 3143 4169 est,
3166 4105 3462 4180 secundum

1867 4197 1929 4239 ea
1958 4197 2080 4252 quae
2108 4182 2263 4235 nubis
2296 4176 2644 4252 Evangelitim
2672 4180 2931 4252 revelavit
2965 4196 2978 4234 :
3010 4178 3063 4232 in
3096 4176 3290 4247 quibus
3325 4191 3466 4248 prte-

1867 4249 2082 4323 cipuum
2112 4254 2288 4308 locum
2324 4249 2533 4308 obtinet
2557 4249 2757 4307 Christi
2794 4264 2903 4305 tum
2924 4260 3148 4316 mtertta,
3182 4257 3295 4304 tum
3330 4259 3465 4305 tem-

1840 4325 2064 4397 .poralis
2091 4325 2361 4381 nativitas.

1937 4421 1998 4491 (ἰ)
2028 4418 2147 4474 Vat.
2177 4418 2304 4474 has.
2335 4417 2528 4491 codex,
2561 4418 2796 4473 scientes.
2833 4415 3312 4491 Bandinus_anicm
3345 4423 3465 4491 post

1862 4486 2132 4548 Latinium
2179 4506 2244 4546 ex
2283 4490 2617 4561 conjectura,
2666 4489 3053 4544 consentientes.
3100 4486 3463 4561 Retinendum

1861 4565 2085 4620 omnino
2122 4559 2418 4628 sentientes,
2461 4562 2566 4619 hoc
2609 4568 2694 4617 est
2717 4561 3007 4617 verborum
3032 4559 3463 4630 evangelicorum

1862 4637 2109 4709 proxime
2147 4635 2431 4691 allatorum
2460 4635 2526 4688 ‘vi
2572 4632 2713 4688 haud
2765 4634 2897 4688 satis
2946 4632 3164 4705 probata
3213 4642 3467 4703 perspec-

1865 4719 2043 4779 taque.

1938 4802 2011 4877 (j)
2060 4801 2133 4855 Ita
2174 4799 2507 4877 antiquiores
2556 4797 2677 4853 libri
2725 4794 3271 4877 (quorum__pleriqtte
3309 4804 3468 4852 antea

1869 4868 2073 4931 habent
2101 4868 2378 4943 propositis
2410 4885 2518 4928 non
2574 4868 2913 4943 praepositis).
2939 4868 3044 4925 Alii
3074 4883 3222 4937 vero,
3254 4884 3468 4940 exspec-

1866 4956 2023 5001 tetur.

1939 5040 2017 5113 (Ιι)
2038 5041 2133 5096 Er.
2163 5039 2394 5113 Lips._et
2421 5038 2545 5094 Par.
2579 5036 2888 5113 praestaturi
2896 5052 2922 5113 _:
2951 5032 3355 5113 refragantibus
3375 5033 3467 5113 hic

1870 5104 2009 5169 Bad.’
2032 5123 2089 5169 et
2112 5104 2412 5185 potioribus
2429 5104 2590 5185 mss.,
2616 5109 2831 5185 etiamsi
2859 5107 2951 5164 lib.
2983 5123 3057 5172 tv,
3087 5104 3154 5185 tt.
3175 5107 3230 5170 7,
3256 5115 3311 5161 et
3338 5104 3467 5160 alibi

1872 5186 1975 5241 hoc
2001 5179 2226 5240 verbum
2258 5184 2311 5238 in
2338 5184 2421 5239 bis
2449 5184 2613 5238 etiam
2640 5196 2704 5237 ea
2735 5181 2945 5236 ratione
2971 5179 3302 5234 enuntietur.

1945 5275 2010 5348 (ι)
2042 5276 2157 5333 Hoc
2187 5285 2291 5340 est,
2317 5285 2377 5351 nt
2407 5272 2873 5351 quemadmodum
2903 5270 3085 5337 Pater,
3116 5270 3189 5351 ita
3221 5279 3274 5323 et
3300 5266 3471 5351 Filius

1873 5349 1927 5405 in
1955 5340 2160 5404 interna
2187 5364 2283 5404 seu
2312 5340 2493 5403 divina
2524 5346 2859 5415 intelligatur
2888 5357 3010 5398 esse
3033 5350 3248 5405 natura,
3273 5340 3319 5394 si
3348 5340 3470 5410 qni-

1872 5421 1997 5478 dem
2026 5419 2184 5491 hujus
2207 5431 2265 5474 ut
2283 5420 2426 5494 illius
2450 5418 2723 5494 confessio
2744 5415 3044 5494 vita:_nohis
3067 5417 3286 5494 priestat
3309 5421 3471 5467 aeter-

1875 5488 2142 5549 nitatem:
2177 5493 2320 5565 quod
2347 5491 2546 5548 clarius
2576 5490 2736 5556 infra,
2771 5505 2826 5544 n.
2856 5488 2948 5553 55,
2980 5488 3288 5555 exponitur.

1947 5583 2044 5660 (in)
2068 5586 2193 5660 Elige
2209 5584 2377 5660 citant
2394 5579 3026 5660 I.eoadLeonem,_Aug.
3057 5575 3216 5649 epist.
3251 5590 3470 5645 cxxnv,

1870 5673 1922 5715 c.
1954 5651 2098 5725 ὄζοι
2121 5657 2453 5715 Tltcodorct.
2484 5674 2521 5713 tt
2554 5656 2692 5711 Dial.
2727 5670 2779 5725 p.
2809 5651 2931 5708 106.

1948 5750 2026 5825 (n)
2060 5750 2296 5825 Verbum
2325 5753 2487 5821 inquit
2516 5752 2569 5806 in
2603 5747 2830 5819 vulgatis
2852 5745 2941 5802 hic
2968 5743 3237 5825 adjectum
3268 5742 3475 5825 absque

1872 5817 2017 5911 mss!
2030 5824 2374 5894 auctoritate,
2393 5817 2857 5897 supervacaneum
2880 5832 3005 5878 esse
3024 5824 3238 5877 constat
3254 5832 3319 5875 ex
3346 5817 3477 5876 sub-

1874 5913 2050 5958 DCXIS.
