3988 6332
525 329 636 385 2ὲό

1733 325 1976 386 SANCTI
2020 326 2272 388 HILARII
2305 327 2615 388 EPISCOPI

3674 335 3754 391 ιιι

525 463 606 502 me
653 461 826 503 eorum
885 443 1210 512 hominibus,
1265 443 1466 518 negabo
1513 453 1562 500 et
1619 460 1714 518 ego
1767 463 1885 502 euut
1951 460 2124 500 coram
2156 445 2208 508 Α
2239 459 2345 499 non
2391 444 2462 516 (f)
2504 443 2881 516 imprudenter
2909 443 3210 516 proiectum
3253 453 3448 503 natura:
3474 450 3664 519 potioris
3685 469 3756 510 ex.

527 549 676 610 patre
727 553 872 606 meo,
919 537 1010 610 qui
1061 546 1138 593 est
1188 537 1242 592 in
1296 536 1459 592 talis.
1521 536 1652 598 Haec
1704 536 1939 596 Verbum
1995 553 2124 596 caro

528 631 727 688 factum
758 629 1095 702 loquebatur,
1123 638 1177 686 et
1205 629 1369 686 homo
1396 629 1559 687 Jesus
1586 628 1835 686 Christus
1865 631 2127 690 Dominus

528 723 826 794 majestatis
851 721 1134 782 docebats.
1157 721 1420 779 Mediator
1460 723 1574 793 ipse
1605 722 1660 778 ιιι
1697 736 1758 778 se
1787 722 1854 778 ad
1895 723 2123 782 salutem

530 816 790 872 Ecclesia:
812 816 1157 882 constitutus,
1181 824 1238 870 et
1260 816 1425 889 260
1449 815 1543 871 illo
1575 817 1691 887 ipso
1717 817 1859 872 inter
1881 816 2049 873 Deum
2072 827 2128 874 et

530 910 778 966 homines
816 910 1132 966 mediatoris
1167 919 1510 966 sacramento
1547 921 1835 982 utrumque
1864 913 1944 982 (1)
1989 927 2128 969 unus

527 1005 820 1071 exsistcns,
863 1005 991 1064 dum
1043 1007 1158 1076 ipse
1194 1022 1258 1062 es
1312 1008 1476 1062 unitis
1517 1008 1570 1064 in
1621 1007 1850 1079 idipsutn
1895 1010 2124 1078 naturis,

528 1111 738 1155 naturae
773 1102 1050 1173 utriusque
1080 1115 1168 1158 res
1196 1101 1387 1159 eadem
1420 1111 1537 1166 est;
1568 1103 1639 1159 ita
1672 1114 1872 1172 tamen,
1907 1115 1962 1160 ut
1997 1121 2130 1162 neu-

529 1204 614 1250 tro
661 1204 874 1252 careret
921 1196 974 1252 in
1018 1206 1271 1266 utroque,
1318 1212 1386 1252 ne
1433 1196 1569 1253 forte
1613 1197 1757 1254 Deus
1795 1213 1917 1254 esse
1967 1199 2129 1254 homo

530 1290 802 1345 nascendo
825 1290 1122 1356 desineret,
1153 1300 1209 1345 et
1234 1291 1396 1346 homo
1435 1305 1646 1348 rursum
1679 1292 1821 1348 Deus
1858 1291 2130 1349 manendo

533 1398 640 1438 non
692 1391 854 1438 esSet.
901 1382 1029 1439 Haec
1079 1385 1260 1456 itaque
1307 1385 1558 1440 humanae
1602 1385 1950 1443 beatitudinis
1994 1386 2128 1443 ﬁdes

533 1490 660 1530 vera
702 1487 809 1542 est,
838 1475 1008 1531 Demn
1054 1486 1110 1532 et
1147 1476 1420 1532 hominem
1454 1479 1781 1549 praedicare,
1813 1478 2044 1536 Verbum
2075 1491 2132 1539 et

532 1584 750 1625 carnem
791 1572 1038 1626 conliteri
1068 1588 1080 1627 :
1113 1586 1288 1642 neque
1325 1573 1495 1628 Deum
1539 1574 1753 1629 nescire
1792 1575 1936 1644 quod
1966 1575 2130 1632 homo

531 1664 621 1726 sit,
656 1679 828 1733 neque
853 1678 1070 1722 carnem
1101 1665 1347 1735 ignorare
1372 1665 1515 1736 quod
1549 1665 1780 1722 Verbum
1813 1669 1904 1724 sit.

602 1757 658 1812 4.
698 1756 849 1825 Quod
872 1766 1023 1812 natus
1053 1758 1204 1812 Itomo
1233 1757 1373 1814 Deus
1405 1770 1643 1827 maneat,
1672 1777 1850 1816 sensus
1877 1763 1995 1834 jmn
2025 1779 2127 1818 non

2230 547 2440 612 spectat
2463 559 2478 598 ι
2504 541 2590 598 cui
2618 549 2673 597 et
2702 541 3099 597 incrementum
3127 541 3418 598 secundum
3443 553 3654 602 naturam
3675 560 3755 617 est,

2229 641 2284 687 et
2325 633 2629 690 imminutio
2666 641 2857 690 contra
2906 643 3156 690 naturam
3197 644 3299 692 est.
3330 635 3439 693 Deo
3478 637 3636 708 itaque
3660 657 3756 712 pro-

2231 728 2407 796 prium
2451 725 2568 792 fuit,
2617 741 2743 784 esse
2786 726 2934 782 aliud
2979 743 3140 798 quam
3183 729 3449 796 manebat,
3494 746 3582 787 nec
3619 741 3758 791 tamen

2232 834 2337 876 non
2366 835 2487 876 esse
2516 821 2674 896 ac],
2700 821 2844 893 quod
2887 830 3194 889 manserat;
3228 824 3370 880 nasci
3403 824 3478 899 (g)
3517 825 3564 882 in
3591 828 3762 888 homine

2232 913 2425 982 Deum,
2457 931 2555 971 nec
2581 925 2758 972 tatncn
2799 917 2968 972 Deum
3011 932 3135 976 esse
3177 917 3462 986 desinere;
3499 923 3763 981 contrahere

2231 1021 2291 1061 se
2321 1023 2489 1077 usque
2514 1007 2580 1064 ad
2610 1021 2931 1080 conceptum
2960 1022 3012 1064 et
3033 1026 3201 1067 cunas
3225 1021 3280 1067 et
3304 1012 3588 1078 infantiam.
3609 1026 3763 1071 uecta-

2233 1115 2358 1156 tnen
2390 1100 2483 1157 Dei
2530 1110 2796 1171 potestate
2819 1103 3109 1160 decedere.
3139 1105 3252 1160 Hoc
3275 1121 3379 1160 non
3402 1105 3517 1172 sibi,
3538 1108 3622 1163 sed
3641 1110 3758 1166 nobis

2232 1204 2315 1250 est
2343 1194 2424 1268 (Ιι)
2459 1205 2880 1254 sacramentum.
2922 1198 3107 1269 Neque
3145 1201 3440 1271 assumptio
3479 1213 3639 1258 nostra
3675 1206 3760 1260 Deo

2234 1288 2508 1360 profectus
2539 1299 2624 1347 est
2657 1308 2670 1346 ε
2703 1291 2798 1347 sed
2827 1291 3172 1348 contumeliae
3204 1308 3317 1348 suae
3340 1293 3590 1362 voluntas,
3619 1306 3761 1351 noslra

2232 1383 2511 1455 provectio
2541 1393 2653 1448 est;
2682 1383 2808 1439 dum
2838 1400 2940 1440 nec
2966 1384 3166 1442 amittit
3188 1385 3278 1442 ille
3304 1385 3444 1458 quod
3467 1386 3595 1444 Deus
3616 1399 3700 1454 est,
3725 1400 3766 1447 et

2235 1473 2439 1530 homini
2473 1477 2700 1547 acquirit
2729 1487 2786 1532 ut
2819 1478 2957 1534 Deus
2986 1479 3075 1534 sit.

2304 1567 2361 1624 ὕ.
2393 1566 2493 1624 Dei
2521 1578 2567 1623 et
2610 1569 2831 1625 hominis
2868 1587 2922 1626 se
2948 1571 3115 1640 filium
3143 1570 3293 1626 dictis
3335 1579 3380 1626 et
3408 1572 3552 1644 gestia
3582 1570 3768 1628 Christus

2235 1663 2475 1718 ostendit.
2509 1661 2659 1719 Unde
2695 1664 2899 1738 occasio
2930 1663 3198 1720 Ismenos.
3225 1693 3296 1706 -—
3329 1663 3491 1721 Natus
3521 1664 3659 1736 igitur
3682 1670 3767 1721 uni-

2236 1757 2448 1828 genitus
2483 1758 2624 1814 Deus
2651 1773 2718 1814 ex
2756 1758 2975 1829 Virgine
3004 1758 3200 1825 homo,
3227 1769 3282 1814 et
3323 1759 3602 1814 secundum
3644 1761 3769 1831 pleni-

531 1851 816 1923 refugit.——
841 1850 973 1907 Cum
1001 1860 1208 1919 autem,
1230 1862 1418 1908 contra
1452 1864 1699 1908 naturam
1722 1868 1916 1910 sensus
1936 1857 2128 1924 nostri,
2163 1857 2211 1918 B
2239 1851 2477 1906 tudinem
2497 1861 2799 1920 temporum
2827 1852 2878 1904 in
2907 1849 3203 1920 semetipso
3223 1852 3565 1922 p’rovecturus
3583 1851 3629 1905 in
3645 1851 3768 1906 Dee

535 1945 680 2002 Deus
728 1961 955 2002 manens
1004 1944 1167 2001 homo
1212 1944 1491 2011 nascitur;
1515 1946 1630 2017 jam
1675 1962 1780 2002 nou
1819 1957 1904 2004 est
1945 1957 2136 2005 contra

535 2050 783 2096 naturam
829 2041 942 2112 spei
972 2050 1194 2106 nostrae,
1227 2051 1282 2096 ut
1326 2052 1482 2096 natus
1511 2042 1675 2098 homo
1704 2043 1844 2101 Deus
1872 2056 2087 2100 maneat
2116 2063 2131 2100 :

533 2149 655 2190 cum
688 2133 862 2204 potior
885 2142 1075 2190 natura
1108 2135 1160 2189 in
1195 2135 1502 2191 inferiorem
1537 2145 1661 2192 nata
1691 2136 1852 2193 ﬁdem
1884 2147 2128 2208 praestet,

534 2226 847 2282 inferiorem
877 2227 930 2282 in
960 2238 1204 2283 naturam
1238 2227 1385 2283 nasci
1414 2243 1573 2298 posse
1600 2229 1890 2300 pctiorem.
1925 2231 1990 2285 Et
2017 2231 2135 2301 qui-

532 2319 679 2384 dem,
709 2320 1008 2376 secundum
1037 2320 1215 2392 legem
1243 2330 1296 2377 et
1325 2321 1782 2378 consuetudinem
1807 2322 2019 2391 mundi,
2053 2321 2134 2397 (a)

534 2415 833 2487 promptior
859 2415 1029 2488 magis
1049 2416 1162 2486 spei
1193 2426 1593 2487 nostrte,quam
1617 2414 1783 2474 divini
1807 2417 2134 2473 sacramenti

534 2509 760 2566 effectus
790 2520 893 2566 cst.
925 2509 1167 2580 Namque
1208 2509 1440 2566 mundus
1472 2512 1526 2566 in
1570 2510 1656 2567 his
1685 2527 1806 2583 quae
1840 2524 2136 2569 nascuntur

535 2604 699 2660 habet
728 2605 1048 2661 incrementi
1076 2606 1365 2673 virtutem,
1400 2622 1507 2662 non
1548 2605 1712 2663 habet
1749 2607 2136 2666 deminutionis

535 2706 881 2770 potestatem.
910 2696 984 2771 (ὁ)
1017 2699 1192 2755 Cerne
1217 2701 1461 2766 arbores,
1493 2709 1632 2767 sata,
1669 2701 1921 2772 pecudes.
1955 2701 2134 2774 Ipsum

533 2807 749 2864 quoque
781 2793 1096 2863 participem
1123 2793 1348 2850 rationis
1377 2793 1648 2851 hominem
1671 2805 1931 2852 contuere
1954 2814 1966 2852 :
1992 2810 2138 2854 sem-

535 2901 632 2956 per
659 2884 871 2956 proﬁcit
910 2896 1226 2958 augmento,
1256 2903 1549 2959 numquam
1589 2904 1724 2945 vero
1762 2889 2135 2948 deminutione

532 2979 899 3047 contrahitur;
927 2995 1026 3035 nec
1046 2995 1166 3038 sese
1187 2989 1357 3046 caret,
1383 2981 1526 3053 quod
1551 2984 1791 3039 excrevit
1814 2982 1886 3057 (ι’)
1914 2983 1965 3040 in
1989 3000 2132 3041 sese.

531 3071 664 3128 Nam
696 3073 908 3130 tametsi
949 3082 1042 3129 aut
1077 3083 1239 3130 aatate
1279 3086 1605 3144 marcescat,
1643 3087 1736 3134 aut
1780 3086 1955 3134 morte
1988 3079 2132 3148 peri-

533 3177 746 3236 matur;
782 3169 940 3225 habet
969 3170 1187 3241 quidem
1211 3181 1300 3225 aut
1328 3170 1755 3227 demutatiouem
1783 3172 1836 3227 in
1865 3182 2129 3243 tempore.

2239 1944 2303 2017 (i)
2346 1944 2656 2009 hominem,
2701 1945 2844 1999 hunc
2890 1959 2985 2015 per
3025 1945 3206 2000 omnia
3252 1944 3540 2015 evangelici
3565 1944 3772 2000 sermonis

2238 2036 2456 2092 modum
2490 2036 2682 2105 tenuit,
2713 2049 2768 2092 ut
2796 2051 2856 2093 se
2877 2037 3044 2092 lilium
3074 2038 3167 2093 Dei
3199 2038 3348 2095 credi
3373 2037 3610 2102 doceret,
3637 2049 3679 2092 et
3700 2037 3769 2090 bo-

2239 2129 2401 2184 minis
2421 2127 2590 2186 ﬁlium
2619 2128 2899 2199 praedicari
2926 2128 3246 2186 admoneret
3277 2150 3293 2188 :
3325 2129 3532 2187 locutus
3554 2139 3604 2188 et
3627 2145 3773 2201 gerens

2239 2220 2404 2277 homo
2427 2223 2676 2280 universa
2706 2236 2830 2293 quas
2861 2222 2954 2277 Dei
2990 2232 3136 2287 sunt,
3170 2223 3398 2294 loquens
3425 2222 3607 2281 deinde
3637 2234 3680 2279 et
3702 2238 3771 2292 ge-

2238 2331 2365 2371 rens
2394 2316 2536 2372 Deus
2568 2315 2817 2372 universa
2848 2331 2972 2388 quae
2997 2315 3236 2373 hominis
3265 2327 3424 2383 sunt;
3456 2319 3523 2374 ita
3550 2329 3715 2382 tamen,
3735 2325 3775 2370 ιιι

2241 2409 2320 2480 (2)
2353 2408 2471 2478 ipso
2499 2408 2592 2464 illo
2619 2407 2899 2479 utriusque
2924 2410 3142 2480 generis
3162 2425 3416 2466 sermone
3437 2425 3691 2482 numquam
3715 2409 3774 2464 ni-

2240 2503 2285 2558 si
2311 2519 2430 2558 cum
2459 2503 2856 2575 signiﬁcatione
2886 2512 2940 2560 et
2969 2503 3210 2560 hominis
3240 2504 3455 2562 locutus
3499 2513 3550 2560 et
3586 2502 3666 2559 Dei
3698 2502 3774 2568 sit;

2239 2611 2348 2651 uno
2375 2603 2553 2652 tamen
2585 2597 2694 2653 Deo
2719 2603 2871 2667 patre
2899 2611 3116 2666 semper
3138 2606 3393 2664 ostenso,
3414 2607 3468 2652 et
3487 2611 3544 2652 se
3567 2596 3612 2650 in
3636 2604 3776 2650 natura

2241 2691 2398 2746 unius
2429 2690 2523 2746 Dei
2557 2705 2651 2761 per
2689 2690 2989 2746 nativitatis
3020 2689 3310 2746 veritatem
3342 2688 3605 2762 professo;
3629 2687 3685 2759 (j)
3709 2701 3778 2743 nec

2241 2795 2418 2842 tamen
2449 2799 2512 2842 se
2553 2785 2664 2840 Deo
2712 2786 2850 2856 patri
2893 2799 3003 2840 non
3048 2792 3105 2841 et
3151 2783 3252 2841 ﬁlii
3282 2788 3488 2842 honore
3515 2795 3563 2842 et
3602 2781 3778 2838 hominis

2238 2877 2547 2935 conditione
2575 2876 2838 2934 subdente
2867 2894 2880 2931 :
2913 2892 3033 2933 cum
3076 2886 3130 2932 et
3172 2877 3428 2933 nativitas
3465 2875 3543 2947 (lt)
3575 2873 3720 2934 omnis
3739 2886 3778 2926 se

2238 2972 2442 3029 referat
2470 2970 2537 3026 ad
2568 2979 2843 3026 auctorem
2868 3009 2882 3034 ,
2915 2979 2970 3025 et
2999 2983 3128 3024 caro
3169 2982 3230 3024 se
3259 2969 3509 3026 universa
3545 2964 3776 3023 secundum

2238 3066 2406 3122 Deum
2436 3063 2752 3136 proﬁteatur
2779 3060 3070 3118 inﬁrmam.
3099 3061 3235 3118 Hinc
3258 3061 3442 3134 itaque
3472 3057 3666 3118 fallendi
3688 3056 3776 3113 sim;

2238 3159 2407 3231 plices
2431 3167 2594 3230 atque
2625 3159 2934 3228 ignorantes
2966 3155 3236 3212 hereticis
3263 3158 3480 3212 occasio
3505 3165 3600 3224 est,
3630 3164 3669 3208 ιιι
3694 3163 3780 3221 qua

531 3270 624 3317 aut
650 3261 812 3318 ﬁnem
853 3261 934 3335 (ά)
966 3263 1016 3318 in
1043 3263 1429 3318 constitutione
1458 3263 1670 3320 vivendi
1703 3282 1716 3320 ε
1747 3275 2002 3322 caeterum
2033 3266 2135 3327 hoc
2162 3252 2207 3315 C
2240 3255 2307 3310 ab
2333 3268 2400 3310 eo
2431 3251 2728 3309 secundum
2762 3252 3036 3307 Ιιοῐηίηθηι
3075 3251 3215 3306 diem
3247 3257 3404 3319 ευηιο
3437 3249 3573 3306 die“
3598 3257 3779 3303 ἕπεθ’

531 3355 676 3427 quod
704 3357 910 3426 sitnon
943 3357 1106 3412 habet
1128 3355 1198 3428 (e)
1235 3358 1284 3412 in
1311 3359 1506 3413 virtute
1537 3373 1642 3413 non
1673 3373 1814 3422 esse,
1849 3368 1908 3414 ut
1937 3376 2134 3416 novum

533 3465 592 3504 se
624 3466 718 3520 per
745 3433 1175 3505 imminutionem
1203 3450 1402 3506 condat
1427 3467 1492 3506 ex
1516 3450 1734 3516 eodem,
1767 3451 1818 3506 id
1848 3461 1952 3520 est,
1990 3463 2044 3507 ιιι
2071 3469 2136 3508 ex

534 3557 665 3597 sene
695 3541 924 3597 decedat
954 3544 1004 3598 in
1053 3544 1354 3610 parvulum.
1395 3544 1610 3600 Naturae
1643 3559 1772 3615 ergo
1809 3554 2008 3602 nostrte
2040 3562 2138 3602 uc-

535 3635 762 3692 cessitas
791 3637 842 3692 in
874 3646 1221 3708 augmentum
1252 3653 1469 3710 semper
1492 3638 1677 3694 mundi
1710 3639 1828 3712 lege
1857 3649 2134 3711 provecta,

611 3750 692 3826 (ι)
727 3748 926 3806 Unum.

608 3864 684 3939 (a)
716 3865 772 3922 Id
800 3874 903 3932 est,
949 3864 1160 3924 facilius
1197 3867 1439 3937 capimus
1466 3867 1740 3924 hominem
1790 3867 1907 3924 l‘ore
1937 3869 2129 3938 Deum,

536 3954 658 4009 qttte
682 3953 809 4009 spes
829 3948 1012 3996 nostra
1036 3951 1138 4002 εει,
1167 3954 1327 4010 quam
1351 3939 1521 3996 Deum
1547 3939 1748 3996 factum
1771 3940 1934 3997 luisse
1964 3942 2136 3997 homi-

538 4026 660 4066 nem
684 4012 826 4082 quotl
849 4010 1095 4068 divinum
1114 4022 1530 4067 sacramentum.
1555 4012 1764 4081 Quibus
1786 4014 2138 4069 consentiens

536 4083 593 4138 S.
629 4082 757 4149 Leo,
791 4082 910 4140 Ser.
939 4084 974 4138 4
1001 4085 1052 4138 in
1080 4083 1200 4138 Nat.
1229 4083 1381 4140 Dom.
1414 4099 1464 4138 c.
1496 4085 1528 4138 2
1562 4103 1575 4139 :
1611 4082 1790 4139 Minus
1820 4091 2004 4140 mirum
2034 4095 2136 4148 est,

540 4155 744 4228 inquit,
770 4156 1026 4210 hominem
1064 4156 1131 4213 ad
1171 4155 1346 4228 divina
1375 4155 1646 4228 proﬁcere,
1685 4173 1839 4226 quam
1869 4156 2034 4212 Deum
2073 4158 2142 4212 ad

541 4226 764 4298 humana
784 4228 1099 4298 descendere
1128 4243 1146 4281 :
1175 4227 1242 4281 Et
1281 4226 1614 4294 Augustinus
1650 4229 1810 4298 epist.
1845 4245 1985 4284 nunc
2015 4245 2140 4295 csa,

542 4313 596 4372 ιι.
630 4297 690 4352 ii
712 4315 752 4372 _:_
770 4297 953 4372 Neque
997 4301 1130 4355 enim
1161 4302 1277 4372 jam
1321 4297 1702 4372 desperandum
1755 4313 1827 4356 est
1859 4302 2144 4372 participa-

542 4369 679 4444 tione
712 4367 865 4444 Verbi
897 4386 1044 4444 posse
1074 4367 1303 4444 homines
1333 4367 1442 4438 fieri
1466 4372 1600 4440 ﬁlios
1633 4371 1750 4438 Dei,
1780 4367 1986 4444 quando
2007 4367 2148 4444 ﬁlius

541 4439 642 4494 Dei
669 4441 1064 4512 participatione
1109 4441 1279 4513 carnis
1307 4439 1475 4513 factus
1521 4452 1594 4498 est
1625 4444 1760 4510 ﬁlius
1793 4439 2035 4499 hominis.
2069 4443 2148 4500 Ne

543 4527 676 4566 vero
704 4514 786 4566 cui
818 4523 1069 4579 susnccta
1100 4512 1227 4574 sint,
1261 4512 1380 4582 quae
1413 4522 1597 4569 noster
1631 4514 1867 4570 Hilarius
1900 4531 1960 4570 ea
1991 4515 2057 4570 de
2090 4530 2148 4571 re

545 4583 802 4652 deinceps
833 4584 1088 4650 disserit;
1137 4585 1579 4653 praenmuentlum
1614 4596 1887 4650 putamus.
1916 4602 2038 4641 eum
2074 4588 2146 4641 ita

545 4655 686 4709 velle
743 4657 1014 4711 hominem
1048 4656 1161 4711 ﬁeri
1213 4657 1377 4712 Dettm
1415 4673 1509 4726 per
1535 4656 1896 4712 arctissimam
1928 4674 2048 4712 ettnt
2080 4674 2148 4714 eo

545 4727 1006 4801 conjunctimtem,
1032 4739 1089 4783 ιιι
1110 4735 1298 4801 natura
1326 4728 1554 4801 humana
1577 4744 1910 4801 nequaquam
1933 4730 2150 4784 ahclea-

549 4808 658 4864 tur,
693 4800 768 4853 uti
798 4802 1000 4855 diserte
1029 4799 1218 4867 probat
1247 4804 1297 4856 in
1331 4800 1473 4856 Psal.
1507 4817 1566 4866 ll,
1601 4799 1782 4868 n/H,
1812 4802 1898 4855 uhi
1926 4801 2147 4857 tandem

548 4872 821 4927 concludit
855 4890 868 4927 :
899 4871 987 4927 Fit
1019 4889 1138 4943 ergo
1173 4875 1476 4939 demutatio,
1505 4872 1597 4927 sed
1637 4890 1738 4928 non
1778 4872 1994 4941 affertur
2027 4876 2152 4928 abo-

551 4943 684 4998 litio.

623 5014 702 5086 (lt)
727 5017 781 5071 In
813 5033 913 5072 ms.
939 5016 1061 5074 Vat.
1088 5018 1230 5085 bas.,
1255 5027 1406 5074 certe.
1432 5016 1492 5073 In
1513 5018 1744 5089 vulgatis
1771 5031 2006 5089 gramen,
2031 5017 2152 5073 loco

549 5089 698 5143 verbi
725 5106 895 5146 cerne.

623 5159 696 5230 (ε)
730 5161 893 5226 Editi,
923 5177 986 5217 ex
1003 5176 1134 5216 sese.

624 5231 703 5304 (α)
740 5234 905 5290 Vetus
932 5233 1105 5289 codex
1132 5232 1284 5290 Coll).
1321 5248 1444 5290 cum
1465 5233 1678 5303 Germ.,
1709 5234 1762 5290 in
1787 5234 2157 5294 consuetudine

552 5308 773 5364 vivendi.

625 5377 696 5450 (e)
731 5379 861 5436 Bad.
892 5386 949 5436 et
985 5378 1080 5446 Er,
1110 5378 1163 5433 in
1191 5377 1418 5440 ueritate.
1447 5377 1643 5434 Verius
1677 5378 1766 5433 alii
1799 5379 1944 5445 libri,
1973 5379 2026 5440 in
2053 5378 2156 5437 uir-

557 5449 683 5513 tute,
715 5455 817 5508 hoc
856 5462 959 5512 est,
991 5453 1044 5505 in
1089 5460 1370 5520 potestate.
1406 5449 1721 5519 Argumenti
1769 5451 1929 5519 hujus
1958 5464 2158 5518 scopus

558 5531 664 5585 est,
696 5538 792 5578 nos
817 5525 1035 5595 quidem
1070 5521 1523 5595 posseproﬁcere
1547 5521 1610 5575 ad
1654 5521 1706 5575 id
1737 5522 1879 5592 quod
1914 5539 2018 5575 mm
2050 5523 2146 5575 ha-

559 5595 768 5656 bemus,
798 5593 892 5650 sed
921 5611 1026 5650 non
1053 5608 1173 5649 esse
1204 5593 1254 5648 id
1292 5595 1429 5664 quod
1453 5594 1562 5665 jam
1591 5609 1777 5656 sumus
1810 5610 1914 5650 nott
1947 5607 2105 5662 posse
2139 5610 2152 5622 ‘

558 5680 622 5719 ac
671 5679 855 5719 senem
885 5683 933 5718 v.
987 5684 1036 5736 ς.
1070 5681 1332 5720 annorum
1365 5665 1474 5736 jam
1514 5675 1829 5720 exacturum
1875 5678 2158 5720 numerum

564 5750 763 5801 augere
788 5751 967 5806 posse,
999 5739 1090 5792 sed
1120 5755 1226 5794 non
1259 5739 1330 5794 ita
1355 5738 1694 5794 imminut-re.

643 5807 714 5882 (f)
765 5808 824 5865 In
854 5825 986 5864 mss.
1021 5813 1204 5880 proba:
1232 5823 1393 5870 noue.
1420 5811 1764 5881 itupudeuter.
1798 5808 1917 5866 Mox
1945 5807 2077 5866 Bad.
2106 5815 2166 5866 et

572 5881 667 5940 Er.
697 5897 818 5940 cum
848 5897 950 5940 ms.
976 5882 1091 5943 bas.
1119 5883 1264 5955 Vat.,
1294 5885 1500 5960 prioris,
1527 5883 1646 5943 loco
1676 5883 1909 5958 potioris.
1936 5903 1956 5920 ο

2245 3348 2480 3404 cundum
2513 3357 2719 3402 natura:
2757 3345 2954 3401 divinze
2988 3343 3356 3399 inﬁrmitatem
3392 3343 3686 3398 tt‘tentiantur
3712 3354 3722 3389 :
3745 3341 3780 3387 ri

2242 3445 2365 3516 quia
2381 3457 2522 3498 unus
2540 3452 2701 3512 atque
2720 3441 2859 3496 idem
2879 3448 2964 3495 est
2990 3439 3219 3509 loquens
3243 3439 3429 3494 omnia
3443 3451 3557 3508 quae
3571 3436 3778 3503 loquatur,

2242 3542 2307 3598 de
2337 3538 2403 3614 (Ι)
2429 3555 2486 3593 se
2509 3539 2629 3610 ipso
2652 3537 2831 3593 omnia
2859 3551 2982 3590 eum
3009 3534 3246 3589 locutum
3265 3547 3389 3588 esse
3405 3529 3712 3588 contendant.

2313 3637 2477 3711 262
2520 3635 2574 3692 6.
2623 3633 2738 3690 Alia
2775 3640 2895 3689 sunt
2929 3631 3068 3687 dictu
3098 3627 3292 3686 Christi
3322 3627 3546 3686 nondum
3572 3626 3688 3692 nati,
3710 3621 3782 3676 alia

2319 3752 2397 3829 (Ξ)
2431 3752 2498 3809 In
2523 3752 2616 3807 illo
2641 3751 2775 3822 ipso.

2311 3869 2393 3944 (g)
2422 3868 2513 3926 Sic
2527 3881 2684 3931 mss.,
2707 3864 3152 3938 quomodoinl’rn,
3179 3882 3333 3922 num.
3349 3867 3405 3935 8,
3429 3865 3638 3937 legimus
3655 3867 3784 3915 statim

2240 3943 2293 3998 in
2325 3943 2549 4004 homine,
2581 3950 2633 3995 et
2668 3936 2763 3993 lib.
2801 3954 2852 4003 ν,
2883 3954 2938 3994 ιι.
2968 3939 3055 4006 18,
3087 3935 3228 3994 Deus
3252 3940 3309 3994 in
3339 3939 3538 3996 homins
3561 3930 3780 3990 nascendo.

2242 4015 2314 4071 At
2330 4013 2479 4088 editi
2494 4055 2508 4078 ,
2538 4012 2595 4066 in
2621 4011 2848 4088 nomine.
3635 4077 3645 4088 .

2319 4085 2398 4158 (Ιι)
2429 4084 2482 4158 Id
2513 4095 2618 4158 est,
2644 4083 2747 4138 hoc
2775 4091 3175 4158 sacramentum
3200 4091 3494 4158 assumpta:
3512 4083 3778 4158 caruisset:

2244 4147 2344 4213 irae
2375 4147 2564 4211 salutis
2593 4164 2677 4212 est
2707 4169 2900 4220 causa,
2935 4154 3045 4209 Deo
3072 4165 3254 4209 autem
3281 4147 3416 4210 nihil
3448 4161 3536 4207 aut
3561 4147 3698 4210 addit,
3719 4149 3784 4196 sui

2249 4231 2438 4285 demit.
2467 4229 2599 4282 Cum
2635 4227 2718 4282 his
2746 4226 2934 4281 confer
2965 4242 3114 4280 num.
3138 4225 3210 4280 L8
3235 4236 3291 4281 et
3318 4225 3392 4282 49
3423 4225 3511 4280 lib.
3541 4239 3607 4280 st.

2325 4300 2388 4373 (ἱ)
2420 4299 2756 4373 Ambiguitas
2788 4298 3026 4365 tolletur,
3055 4297 3103 4352 si
3130 4297 3328 4370 legeris
3353 4339 3369 4366 ,
3399 4305 3698 4369 precaturus
3720 4287 3786 4339 lto-

2251 4371 2438 4427 minem
2468 4373 2521 4426 in
2554 4371 2740 4426 Deum.

2325 4463 2523 4541 (j)_ita_
2550 4478 2680 4518 mss.
2719 4462 2857 4541 Editi
2890 4478 3020 4541 γει-φ
3044 4474 3154 4541 ,__et
3185 4460 3617 4541 (anten_,_omi_sso_
3642 4449 3787 4541 deinde

2252 4533 2373 4591 non:
2399 4533 2648 4591 Christus
2677 4551 2734 4589 se
2758 4534 2906 4590 Patri
2928 4535 3202 4590 subditum
3233 4534 3554 4600 signiﬁcavit
3576 4539 3624 4584 et
3645 4540 3790 4600 secun-

2251 4610 2378 4663 dum
2412 4619 2658 4663 naturam
2691 4607 2952 4663 divinam.
2978 4617 3244 4677 quatenus
3271 4597 3444 4674 ﬁlius;
3474 4613 3526 4661 et
3553 4597 3788 4658 secundum

2175 4705 2231 4766 Ι)
2254 4680 2545 4735 humanam
2569 4722 2582 4744 ,
2611 4689 2872 4748 quatenus
2905 4677 3170 4733 inﬁrmus.

2326 4772 2402 4847 (It)
2433 4773 2491 4828 In
2514 4771 2855 4847 codiceVat.
2890 4773 3007 4828 has.
3040 4772 3126 4827 hic
3156 4773 3370 4832 additur
3399 4771 3530 4838 Dei;
3561 4763 3790 4847 quod

2257 4843 2542 4902 tiu‘s'ahest
2576 4846 2645 4900 ab
2677 4844 2799 4900 aliis
2831 4863 2843 4899 :
2879 4854 2964 4900 est
2991 4861 3190 4918 quippe
3225 4847 3494 4916 generalis
3533 4843 3788 4914 propositio.

2327 4940 2396 5014 (ι)
2423 4940 2998 5014 Ed_iti,_desm_e_tipso.
3032 4939 3341 5014 rimandum
3376 4937 3506 5014 illud
3539 4935 3598 4990 de
3626 4929 3788 5014 seipse.

2256 5008 2407 5069 Licet
2445 5012 2749 5068 Hilariusin
2791 5010 3008 5065 Christo
3040 5012 3209 5066 Deum
3243 5012 3614 5078 hmninemqne
3647 5008 3790 5082 arcte-

2257 5087 2395 5142 sime
2427 5086 2478 5161 i_n
2511 5099 2674 5161 tinam
2708 5097 2997 5152 personam
3040 5085 3390 5161 coniunctum
3417 5082 3620 5161 credat;
3651 5079 3713 5161 sic
3737 5079 3793 5161 lit:

2260 5173 2383 5213 men
2437 5143 2724 5211 hominem
2763 5163 2974 5224 spectat
3022 5143 3173 5210 velut
3219 5157 3289 5210 ab
3337 5157 3454 5223 ipso
3489 5151 3720 5206 alienum.
3755 5143 3794 5224 ιιι

2261 5239 2451 5297 arguat
2497 5219 2813 5301 hmreticos,
2861 5225 3006 5297 quod
3046 5243 3165 5296 quae
3208 5227 3278 5301 de
3320 5219 3543 5301 homine
3573 5219 3794 5301 assumi?!)

2263 5293 2534 5371 loquatur,
2566 5299 2629 5353 de
2655 5316 2710 5354 se
2736 5293 2891 5367 ipso,
2911 5302 3021 5371 hoc
3045 5293 3132 5371 est
3151 5339 3164 5363 ,
3203 5299 3271 5354 de
3303 5301 3416 5369 ipsa
3443 5293 3791 5371 divinitate‘sua

2261 5356 2497 5427 loc'utum
2522 5356 2649 5426 eum
2675 5356 2797 5424 esse
2819 5356 3006 5426 velint.
3031 5356 3422 5437 Quo'loque'ndi
3447 5367 3596 5422 modo
3614 5356 3796 5417 Ambio-

2260 5445 2394 5518 είιιεν
2427 5444 2518 5518 "h-
2554 5459 2584 5497 Χ
2615 5441 2672 5518 in
2703 5441 2934 5518 Micon.
2968 5446 3060 5507 61,
3093 5442 3199 5505 ait,
3227 5441 3413 5518 Tristia
3433 5450 3589 5518 autem
3613 5438 3793 5518 canui-0:1:

2263 5506 2394 5591 ipse,
2414 5517 2512 5591 sed
2537 5517 2731 5591 anime.
2762 5513 2962 5591 Eodem
2995 5506 3202 5591 spectat
3226 5514 3358 5591 illud
3382 5506 3585 5591 antiqui
3609 5506 3796 5591 auctet}!

2265 5564 2508 5644 ἱῖέίῖίἶιῖ
2517 5564 2965 5646 etstatuae;
2986 5564 3792 5657 iacientesque.sapient!-

2267 5658 2423 5714 Tom.
2453 5677 2490 5715 ιι
2523 5677 2536 5712 :
2579 5658 2754 5734 Homo
2780 5658 2869 5712 ille
2892 5647 3075 5730 passus
3097 5671 3204 5734 est,
3224 5673 3371 5728 quem
3398 5655 3535 5734 ﬁlius
3562 5647 3796 5734 Deitatis

2269 5704 2556 5802 ἧξῖξὶμίἓπὲι
2579 5704 2754 5784 ἓῖιὶιῖἱῆ
2775 5704 2791 5790 ζ
2801 5704 3427 5803 ’ἤι’ἑᾶῗῇἇᾶἱιὶῖηῗῖάί
3440 5725 3556 5803 quia
3594 5704 3796 5803 ιριειυξξέ

2270 5787 2529 5860 auctorem
2561 5787 2894 5874 referebatur,
2941 5787 3191 5872 quidquid
3237 5803 3386 5858 homo
3409 5787 3496 5857 ille
3531 5787 3793 5868 putidam;

2280 5877 2395 5935 ideo
2415 5893 2552 5935 mors
2579 5885 2625 5934 et
2647 5877 2816 5950 passio
2839 5873 3051 5934 Domini
3059 5875 3347 5954 judicatur.
