3988 6332
197 346 301 403 285

1414 347 1500 402 DE
1538 343 1913 403 TRI‘NITATE
1953 346 2156 406 LIBER
2198 349 2288 408 IX.

3378 363 3488 421 sse
3527 343 3535 395 ῖ

198 460 300 516 nati
325 467 372 516 et
402 457 668 523 morituri,
708 458 812 513 alia
853 459 1050 515 retenti.
1080 487 1148 500 —-
1179 457 1290 516 Nec
1330 471 1462 515 sano
1498 473 1788 529 negamus,
1816 461 1868 523 Α
1893 458 2008 516 haec
2031 465 2213 519 onmia
2241 463 2396 523 Iesus
2423 464 2672 526 Christus
2701 485 2943 538 araneus,
2963 479 3017 529 et
3041 475 3285 547 corporis
3318 481 3487 532 nostri

199 565 365 611 totum
390 552 576 620 illum,
606 554 698 625 qui
726 553 846 624 ejus
876 553 952 627 (a)
1001 563 1214 624 manet,
1263 563 1473 611 natura:
1514 568 1626 610 sua:
1667 567 1792 609 esse

197 662 519 708 sermonem.
568 646 675 704 Sed
705 649 750 703 si
780 645 940 703 Jesus
975 646 1230 704 Christus
1263 656 1320 704 et
1349 645 1514 704 immo
1552 653 1612 704 et
1649 647 1790 702 Deus

197 745 292 808 sit;
320 751 377 799 et
406 757 580 812 neque
609 755 730 796 cum
772 740 958 808 homo,
989 751 1102 797 tum
1135 741 1366 812 primum
1400 740 1582 806 Deus;
1613 754 1792 810 neque

198 838 274 910 (ι)
305 847 416 895 tum
445 835 524 910 (ὁ)
549 851 671 894 cum
713 846 768 892 et
805 835 992 902 homo,
1026 845 1137 891 tum
1180 850 1288 891 non
1329 835 1492 890 etiam
1529 845 1583 890 et
1611 834 1786 898 Deus;

198 947 367 1003 neque
407 941 529 1003 post
560 930 833 988 hominem
884 931 938 986 in
967 930 1082 987 Deo
1121 944 1228 984 non
1275 938 1416 984 totus
1447 929 1610 984 homo
1645 937 1788 983 totus

197 1025 332 1082 Deus
359 1041 373 1077 :
401 1040 562 1078 unum
586 1032 746 1095 atque
764 1023 904 1079 idem
935 1021 1006 1095 (c)
1021 1036 1244 1079 necesse
1267 1030 1353 1077 est
1379 1021 1645 1078 dictorum
1671 1021 1788 1089 ejus

195 1128 589 1172 sacramentum
617 1130 772 1181 esse,
802 1115 945 1186 quod
989 1117 1225 1185 generis.
1254 1113 1324 1172 Et
1352 1129 1474 1170 cum
1515 1112 1569 1168 in
1599 1125 1668 1168 eo
1695 1127 1787 1168 se-

193 1210 426 1272 cundum
469 1220 682 1282 tempus
715 1208 978 1267 discernis
1021 1208 1296 1266 huminem
1324 1209 1404 1282 (ά)
1443 1223 1474 1264 a
1505 1208 1650 1274 Deo,
1691 1208 1789 1264 Dei

193 1312 300 1360 tum
321 1312 484 1376 atque
502 1303 738 1360 hominis
764 1303 1012 1360 discerne
1031 1317 1358 1359 sermonem.
1395 1302 1462 1358 Et
1473 1316 1598 1357 cum
1616 1302 1786 1357 Deum

192 1406 348 1470 alque
392 1397 665 1454 hominem
704 1397 762 1455 in
790 1407 1033 1468 tempore
1071 1396 1454 1461 conﬁteberis,
1493 1396 1588 1452 Dei
1629 1405 1790 1468 atque

195 1490 422 1548 hominis
450 1492 502 1548 in
547 1500 792 1562 tempore
816 1491 956 1547 dicta
989 1490 1245 1561 dijudica.
1277 1488 1412 1546 Cum
1435 1503 1566 1546 vero
1588 1505 1654 1545 ex
1686 1489 1787 1543 ho-

192 1587 334 1644 mine
357 1597 412 1644 et
437 1587 553 1643 Deo
581 1603 792 1644 rursum
826 1589 990 1644 totius
1015 1587 1269 1651 hominis.
1297 1587 1368 1661 (ε)
1385 1585 1674 1657 totiusjam
1692 1587 1790 1644 Dei

149 1738 153 1742 .
195 1692 400 1752 tempus
438 1682 716 1754 intelligis,
744 1682 947 1752 siquid
991 1683 1120 1738 illud
1164 1683 1230 1738 ad
1265 1682 1790 1740 demonstrationem

192 1779 306 1848 ejus
335 1778 600 1848 temporis
613 1777 818 1834 dictum
845 1789 950 1844 est,
977 1780 1203 1849 tempori
1227 1788 1480 1849 coaptato
1502 1794 1621 1850 qua:
1647 1779 1786 1833 dicta

1894 554 2056 612 homo
2085 565 2270 627 natus,
2316 563 2612 619 secundum
2659 565 2738 636 (Ξ)
2783 569 3228 625 consuetudinem
3279 581 3484 627 natm-ae
3535 575 3539 586 '

1893 660 2094 708 nostra:
2122 641 2331 710 luctatus
2369 664 2454 711 est
2485 674 2498 712 :
2533 673 2638 713 non
2671 667 2848 715 tamen
2900 662 3157 718 amittens
3187 664 3256 736 (Ι)
3282 671 3492 722 natura:

1891 759 2005 801 suae
2029 760 2151 802 esse
2178 746 2324 818 quod
2349 750 2491 805 Deus
2521 762 2624 808 est.
2673 752 2806 810 Nam
2859 758 3075 812 tametsi
3125 758 3179 813 iu
3231 769 3386 831 partu
3435 769 3490 816 et

1888 838 2146 908 passione
2173 850 2226 895 et
2268 857 2441 899 morte
2473 853 2677 900 naturae
2708 854 2908 903 nostra!
2937 848 3018 922 (5)
3042 865 3128 906 res
3158 850 3233 922 (g)
3265 867 3484 924 perege-

1890 930 1988 997 rit;
2019 947 2107 988 res
2124 942 2299 990 tamen
2332 937 2477 1008 ipsas
2497 953 2686 994 omnes
2708 942 2907 998 virtute
2924 953 3128 998 natura:
3154 959 3266 1000 sua:
3293 945 3484 1016 gessit,

1890 1023 2023 1079 dum
2051 1025 2153 1082 sibi
2183 1028 2345 1102 263
2368 1030 2484 1100 ipse
2508 1033 2662 1102 origo
2686 1034 2940 1090 nascendi
2965 1045 3066 1099 est,
3093 1037 3220 1092 dum
3243 1039 3352 1106 pati
3375 1041 3489 1094 vult

1890 1117 2031 1187 quod
2063 1133 2184 1176 eum
2217 1122 2324 1191 pati
2355 1136 2460 1177 non
2503 1123 2658 1190 licet,
2689 1125 2816 1181 dum
2851 1126 3081 1183 moritur
3109 1127 3189 1199 (It)
3217 1130 3305 1200 qui
3337 1132 3485 1184 vivit.

1893 1213 1964 1269 Et
1987 1222 2166 1270 tamen
2193 1233 2314 1274 cum
2346 1219 2464 1275 hmo
2488 1221 2627 1277 Deus
2662 1238 2760 1292 per
2791 1223 3064 1280 hominem
3095 1226 3222 1294 agit,
3247 1243 3312 1283 ex
3334 1243 3392 1283 se
3422 1228 3485 1299 (l)

1890 1317 2070 1379 natus,
2096 1325 2192 1382 per
2211 1327 2272 1368 se
2300 1328 2510 1382 passus,
2540 1323 2597 1371 et
2619 1331 2686 1371 ex
2719 1331 2775 1371 se
2805 1327 3081 1380 mortuus;
3109 1334 3213 1374 non
3238 1331 3289 1374 et
3316 1318 3492 1375 homl-
3527 1341 3532 1349 ε

1891 1419 2013 1460 nem
2036 1421 2097 1462 se
2123 1421 2230 1462 non
2251 1410 2380 1480 egit,
2407 1408 2536 1463 dum
2565 1417 2617 1465 et
2641 1419 2818 1477 natus,
2843 1421 2892 1466 et
2923 1425 3132 1482 passus,
3164 1421 3218 1468 et
3249 1423 3491 1469 mortuus

1889 1508 1993 1556 est.
2028 1500 2156 1556 Hice
2181 1509 2360 1556 autem
2393 1501 2496 1569 iam
2526 1510 2652 1558 ante
2689 1505 3052 1559 conditionem
3089 1504 3271 1560 mundi
3302 1522 3483 1561 sacra-
3529 1529 3532 1534 ·

1890 1601 2070 1648 menta
2119 1601 2248 1648 sunt
2289 1593 2592 1650 cmlestium
2639 1597 3018 1667 mysteriorum
3064 1599 3388 1662 constituta,
3431 1609 3491 1654 ut

1891 1686 2198 1758 unigenitus
2225 1689 2368 1743 Deus
2392 1688 2554 1744 homo
2579 1691 2725 1745 nasci
2751 1692 2930 1755 vellet,
2960 1708 3216 1747 mansuro
3242 1692 3295 1748 in
3329 1703 3486 1749 mter-

1891 1796 2019 1836 num
2053 1784 2104 1835 in
2141 1784 2248 1837 Deo
2275 1782 2343 1855 (ᾔ)
2374 1781 2592 1838 homine
2619 1802 2632 1837 :
2667 1791 2725 1839 ut
2753 1783 2895 1840 Deus
2918 1787 3027 1857 pati
3060 1787 3245 1855 vellet,
3273 1803 3339 1842 ne
3368 1803 3489 1858 pas-

194 1878 317 1926 sunt
345 1887 360 1924 :
389 1879 448 1925 ut
472 1885 598 1925 eum
626 1870 772 1925 aliud
802 1871 875 1926 sit
899 1879 1024 1926 ante
1045 1871 1320 1928 hominem
1351 1871 1515 1938 Deus,
1546 1871 1689 1926 aliud
1719 1871 1790 1927 sit
1820 1867 1867 1927 Β
1895 1873 2135 1930 sionibus
2186 1873 2434 1930 humanm
2476 1875 2806 1932 inﬁrmitatis
2853 1877 3103 1934 diabolus
3149 1879 3450 1938 desmvlens
3475 1924 3490 1947 ,

196 1965 352 2020 ltomo
375 1973 429 2018 et
457 1962 621 2026 Deus,
649 1963 791 2019 aliud
823 1963 894 2020 sit
917 1974 1040 2035 post
1071 1965 1343 2020 hominem
1375 1974 1428 2020 et
1454 1964 1622 2020 Deum
1641 1974 1790 2020 tutus

198 2058 360 2113 homo
385 2066 526 2114 totus
556 2057 732 2122 Deus;
763 2073 871 2115 non
909 2057 1214 2114 confundas
1246 2059 1580 2130 temporibus
1613 2065 1670 2114 et
1691 2073 1787 2129 ge-

204 2153 414 2209 neribus
453 2152 868 2222 dispensationis
905 2160 1306 2209 sacramentum
1330 2192 1344 2216 ,
1373 2167 1494 2210 cum
1527 2167 1627 2223 pro
1655 2165 1788 2223 qua-

204 2245 349 2302 litate
363 2261 614 2316 generum
643 2261 708 2302 ac
729 2257 1067 2311 naturarum,
1098 2244 1266 2301 alium
1288 2246 1337 2301 ei
1359 2245 1412 2300 in
1444 2251 1788 2300 sacramento

198 2338 424 2396 hominis
447 2355 672 2397 necesse
690 2348 776 2396 est
799 2355 1105 2396 sermnem
1137 2338 1305 2395 fuisse
1320 2355 1428 2395 non
1453 2348 1603 2406 natu,
1621 2336 1788 2394 alium

192 2430 363 2488 adhuc
395 2434 680 2501 morituro,
711 2433 876 2490 alium
901 2433 1013 2504 jam
1042 2444 1270 2489 aeterno.

268 2529 321 2584 7.
353 2527 597 2584 Christus
617 2531 706 2598 qui
732 2526 990 2583 hominem
1009 2570 1024 2596 ,
1069 2527 1156 2599 qui
1184 2525 1353 2582 Deum
1382 2543 1435 2581 se
1477 2527 1654 2598 egerit.
1686 2525 1792 2581 Cur

193 2623 330 2679 nesci
349 2621 590 2687 uelauit,
614 2638 706 2676 cur
725 2621 856 2695 poti,
877 2637 968 2676 cur
989 2621 1219 2676 mori.--
1242 2619 1421 2677 Nostri
1440 2619 1602 2692 igitur
1626 2635 1790 2678 causa

290 2761 346 2818 ll
379 2759 511 2817 Tum
533 2779 649 2815 cum
676 2762 848 2815 homo.

290 2762 314 2818 1
379 2761 511 2817 Tum
533 2779 649 2815 cum
676 2762 827 2815 homo

259 2761 346 2910 39;
375 2833 827 2891 Constitutionem.

259 2979 429 3052 (alid
451 2987 560 3052 est,
585 2979 674 3050 qui
704 2977 822 3050 ejus
847 2988 950 3044 est,
983 2993 1080 3052 seu
1108 2993 1268 3048 quem
1297 2979 1514 3052 nomine
1536 2993 1636 3036 suo
1663 2995 1793 3052 pro—

195 3049 310 3108 fert.
335 3049 545 3107 Deinde
568 3049 766 3105 natura:
789 3051 1050 3106 vocabulo
1081 3059 1258 3115 potest
1281 3051 1504 3122 intelligi
1527 3049 1755 3122 persona
1776 3071 1790 3108 ς

193 3123 464 3196 quomodo
496 3138 728 3196 persona:
759 3124 980 3179 nomine
1009 3124 1324 3196 non‘semel
1354 3122 1526 3196 utitur
1558 3122 1792 3178 Ililarius

194 3192 254 3250 ad
274 3192 688 3265 signiﬁcandam
714 3204 981 3250 naturam.
1008 3193 1106 3251 Vel
1130 3192 1232 3249 hoc
1256 3195 1328 3250 ita
1355 3194 1786 3264 intelligendum,

195 3276 358 3324 totum
387 3267 540 3322 illum
567 3281 872 3322 sermonem
900 3282 1022 3322 esse
1050 3275 1255 3322 natura:
1280 3282 1400 3336 quas
1422 3265 1641 3324 Christo
1672 3283 1792 3331 pro-

194 3343 299 3411 pria
332 3356 404 3395 ac
431 3354 523 3393 sua
555 3347 658 3411 est.
703 3337 786 3393 illi
827 3350 1006 3394 autem
1052 3339 1266 3411 propria
1310 3350 1429 3411 est,
1477 3355 1583 3394 non
1616 3340 1790 3395 solum

193 3397 343 3481 quam
393 3409 667 3465 nascendo
710 3410 953 3482 accepit,
1004 3397 1098 3465 sed
1139 3397 1300 3481 quam
1344 3397 1677 3482 in'tempure
1707 3397 1864 3466 us—C

192 3484 447 3550 sumpsit.

263 3555 337 3628 (ὁ)
369 3555 432 3611 1η
470 3555 742 3628 vulgatis,
767 3569 928 3626 neque
953 3570 1070 3610 cum
1097 3553 1269 3628 homo.
1313 3553 1574 3628 Proxime;
1589 3555 1648 3612 τὸ
1677 3564 1793 3625 post

194 3626 452 3698 hominem
482 3629 536 3684 in
567 3627 696 3694 Deo,
731 3627 783 3684 id
821 3634 925 3691 est,
958 3637 1076 3694 post
1107 3627 1378 3682 hominem
1406 3626 1789 3698 gloriﬁcatum.

192 3697 243 3752 lu
271 3698 494 3754 Christo
514 3699 951 3770 distinguendum
981 3708 1193 3770 tempus
1214 3713 1320 3770 quo
1344 3697 1579 3753 nondum
1604 3712 1790 3754 susce-

196 3783 340 3844 perat
392 3771 668 3828 hominem
684 3768 839 3844 ,_quo
862 3768 1110 3844 suscepit
1142 3769 1459 3844 moriturum
1481 3812 1497 3834 ,
1541 3786 1648 3842 quo
1684 3785 1792 3844 non

189 3841 292 3912 jam
318 3844 670 3898 moriturum.
704 3841 762 3899 lu
790 3843 966 3914 primo
995 3849 1138 3896 statu
1170 3850 1374 3897 tantum
1418 3841 1570 3914 Deus
1601 3849 1706 3907 est,
1739 3843 1797 3897 iu

194 3914 361 3985 altero
397 3914 540 3970 Deus
579 3924 633 3969 et
662 3913 845 3980 homo,
885 3913 938 3967 in
974 3922 1251 3985 postremo
1281 3921 1424 3970 totus
1456 3913 1602 3970 Deus
1629 3928 1794 3972 sensu

193 3984 323 4058 infra
351 3987 701 4058 explicando.

258 4057 329 4130 (ε)
357 4055 603 4130 Verbum
625 4073 825 4113 itecesse
841 4067 916 4130 est
933 4055 1347 4130 desideraturiu
1372 4057 1666 4113 vetustiore
1690 4071 1791 4112 ms.

193 4125 344 4185 Colb.
384 4129 484 4185 l-lic
511 4131 835 4184 admonetur
861 4127 1063 4182 Christi
1090 4131 1231 4183 dicta
1261 4127 1670 4185 diversis‘illius
1699 4144 1796 4182 na-

195 4202 324 4255 luris
369 4201 482 4256 sub
526 4201 721 4274 triplici
769 4208 912 4256 statu
953 4202 1213 4272 spectatis
1254 4201 1459 4258 debere
1502 4216 1627 4258 esse
1664 4215 1796 4257 con-

193 4283 481 4328 sentanea.

261 4364 344 4438 (tt)
373 4365 440 4421 lo
466 4373 650 4423 vetere
671 4379 772 4421 ms.
805 4365 1020 4436 Remig.
1046 4383 1078 4421 a
1105 4363 1218 4421 Deo
1240 4365 1432 4420 dictum
1454 4376 1606 4434 atque
1631 4365 1798 4438 homi-

193 4436 628 4510 nisamendose.
665 4438 849 4493 Hilarii
881 4449 1114 4493 mentem
1144 4439 1190 4494 si
1217 4438 1356 4510 bene
1385 4438 1657 4510 capimus,
1692 4436 1797 4494 hoc

192 4508 290 4562 sibi
311 4511 431 4564 vnlt
454 4529 465 4564 :
489 4509 621 4566 Cum
637 4511 934 4566 secundum
954 4522 1186 4580 tempus,
1211 4509 1352 4578 quod
1371 4508 1576 4565 Christi
1597 4525 1794 4577 corpo-

191 4579 465 4637 ratiooem
499 4583 802 4651 prmcessit,
847 4583 1012 4636 Deum
1045 4581 1209 4636 ﬁlium
1242 4591 1454 4651 spectas
1494 4591 1554 4636 ut
1594 4583 1663 4636 ab
1700 4582 1798 4636 ho-

191 4653 340 4707 mine
369 4653 694 4720 discretum,
728 4654 886 4722 eique
912 4654 1150 4707 nondum
1178 4654 1560 4724 curtjunctum;
1595 4668 1659 4707 ne
1685 4663 1794 4708 tum

191 4737 505 4781 sermonem
534 4728 584 4780 ei
619 4727 907 4790 attribuas,
935 4725 1024 4796 qui
1051 4737 1312 4790 congruat
1343 4726 1565 4791 homini,
1599 4739 1715 4790 seu,
1746 4725 1797 4780 ei

1893 1967 2068 2037 legent
2100 1965 2178 2038 (ι)
2203 1967 2260 2022 in
2288 1967 2445 2023 nobis
2477 1969 2683 2039 peccati
2716 1971 2824 2025 Deo
2855 1970 3225 2027 infirmitatem
3252 1983 3492 2030 nostram

1891 2069 2206 2116 assumcnte
2249 2061 2545 2117 retineret:
2599 2073 2656 2118 ut
2687 2064 2827 2119 Deus
2870 2065 3004 2120 mori
3052 2067 3242 2131 vellet,
3290 2084 3358 2123 ne
3387 2085 3490 2138 qua

1893 2153 2133 2210 insolens
2159 2165 2396 2226 potestas
2421 2156 2678 2212 adversus
2707 2160 2872 2214 Deum
2899 2170 3066 2225 esset,
3099 2176 3275 2232 neque
3296 2172 3492 2218 creatte

1897 2249 1950 2304 in
1980 2263 2040 2304 se
2068 2250 2278 2305 virtutis
2322 2261 2508 2324 posset
2538 2265 2798 2323 usurpare
2831 2261 3104 2316 naturam,
3133 2269 3253 2310 cum
3299 2270 3358 2312 se
3387 2256 3486 2311 im-

1899 2341 2144 2398 mortlis
2175 2344 2320 2400 Deus
2349 2345 2486 2400 intra
2526 2344 2700 2416 legem
2732 2349 2921 2402 mortis
2954 2347 3020 2419 (Ι)
3053 2347 3351 2406 habuisset.
3392 2349 3498 2404 Na-

1897 2437 2068 2492 scitur
2103 2437 2280 2508 itaque
2311 2438 2453 2494 Deus
2490 2440 2841 2512 assumptioni
2867 2454 3106 2510 nasum,
3139 2447 3338 2514 patitur
3366 2459 3496 2500 vero

1900 2528 2248 2598 innocentiae,
2278 2541 2560 2602 postremo
2587 2532 2818 2588 moritur
2841 2534 3031 2589 ultioni
3057 2553 3070 2588 :
3100 2534 3228 2591 dum
3251 2543 3304 2592 et
3331 2536 3496 2593 homo

1898 2632 2088 2681 noster
2118 2623 2172 2680 in
2201 2623 2315 2681 Deo
2345 2635 2658 2698 permanet,
2697 2634 2750 2683 et
2777 2627 3146 2685 inllrmitatum
3191 2639 3497 2687 nostrarum

1973 2761 2051 2836 (5)
2083 2759 2213 2818 Rem
2243 2763 2521 2838 peregerit.

1899 2982 2159 3057 omnibus,
2190 2983 2414 3057 omnino
2450 2983 2836 3057 intelligendus
2861 2990 2946 3040 est
2970 2983 3116 3040 salva
3147 2981 3382 3039 homin-is
3410 2997 3504 3038 ve-

1899 3054 2080 3122 ritate,
2112 3063 2170 3110 ut
2197 3071 2342 3126 saepe
2367 3055 2478 3127 jam
2511 3054 2957 3114 demonstratum.

1971 3149 2038 3222 (ι’)
2090 3147 2148 3202 In
2179 3148 2299 3204 cod.
2332 3147 2483 3204 Coll).
2514 3158 2569 3204 et
2597 3149 2914 3222 Gerunnon
2944 3159 3144 3222 natura:
3169 3162 3275 3222 sum
3297 3162 3318 3205 :
3339 3146 3498 3202 leCtio

1900 3219 2006 3292 non
2033 3222 2337 3292 spernenda
2367 3237 2432 3273 co
2454 3235 2645 3287 sensu,
2668 3220 2809 3292 quod
2839 3221 3084 3276 (lbrisms
3104 3229 3160 3274 ut
3184 3219 3345 3292 homo
3376 3235 3496 3290 qua:

1901 3290 2148 3346 humanm
2173 3292 2503 3348 inﬁrmitatis
2531 3303 2654 3347 sunt
2672 3290 2901 3358 locutus,
2924 3307 3029 3347 non
3053 3292 3237 3346 omisit
3257 3290 3497 3346 indicare

1902 3363 2152 3436 haeenon
2183 3374 2388 3418 natura:
2417 3379 2530 3418 suae
2557 3381 2682 3421 esse
2713 3383 2726 3418 :
2757 3366 2882 3436 quia
2921 3364 3173 3418 nimirum
3203 3378 3268 3416 ex
3305 3372 3496 3418 natura

1896 3449 1995 3492 sua
2015 3435 2158 3492 Deus
2185 3447 2288 3500 est,
2318 3437 2480 3491 homo
2506 3447 2684 3492 autem
2710 3453 2773 3494 ex
2802 3436 3232 3504 dispensatione,
3264 3437 3339 3490 uti
3369 3436 3499 3489 insi-

1897 3522 2093 3562 nuntur
2117 3507 2210 3563 lib.
2241 3524 2298 3574 x,
2327 3526 2378 3576 ιι.
2406 3509 2500 3572 9.2,
2534 3509 2600 3564 6t
2626 3521 2677 3563 et
2711 3510 2798 3562 bii.
2831 3507 2986 3566 Unde
3011 3519 3091 3562 est
3119 3505 3244 3561 illud
3277 3508 3326 3559 in
3360 3507 3494 3576 psal.

1895 3594 2122 3645 cxxxrx,
2157 3596 2212 3634 ιι.
2245 3579 2280 3634 2
2307 3597 2320 3633 :
2354 3575 2508 3646 Quod
2536 3581 2670 3634 enim
2713 3581 2848 3634 Deus
2877 3590 2974 3643 est,
3015 3590 3212 3632 natura:
3242 3575 3497 3641 suw’est;

1894 3651 2031 3724 quod
2062 3663 2236 3707 autent
2274 3652 2427 3724 homo
2464 3654 2593 3724 fuit,
2636 3664 3054 3724 naturteyostra.’
3084 3651 3368 3720 assumptio
3395 3657 3491 3704 est.

1896 3723 2010 3778 luto
2057 3724 2108 3778 in
2157 3727 2256 3778 hoc
2295 3723 2414 3793 ipso
2465 3722 2584 3791 lib.,
2617 3742 2672 3779 ιι.
2707 3725 2739 3777 9
2775 3744 2786 3778 :
2832 3722 3196 3778 Demonstrato
3233 3732 3403 3777 autem
3448 3730 3495 3776 et

1896 3805 2098 3850 natura:
2125 3810 2255 3861 sua,
2287 3805 2334 3850 et
2358 3797 2725 3865 assumptionis
2750 3809 2937 3852 nostra:
2959 3804 3299 3850 sacramento.

1973 3893 2046 3961 (g)
2072 3889 2126 3944 In
2143 3890 2396 3962 vulgatis,
2412 3908 2519 3946 rem
2534 3892 2804 3962 peregerit.
2824 3890 2877 3947 Si
2903 3891 3149 3945 Christus
3167 3890 3218 3944 in
3243 3889 3494 3960 passione

1896 3974 1960 4015 ac
1989 3972 2166 4016 morte
2189 3977 2277 4016 res
2297 3972 2504 4018 natura
2526 3973 2726 4019 nostra:
2752 3964 2980 4033 peregit,
3015 3974 3238 4033 necesse
3261 3973 3341 4014 eat
3367 3975 3494 4015 vere

1898 4033 2161 4099 timuerit,
2192 4035 2448 4101 doluerit,
2481 4045 2587 4091 etc.
2614 4035 2766 4104 Quod
2793 4031 3010 4090 interim
3040 4031 3359 4088 notandum.

1971 4125 2047 4200 (Ιι)
2088 4127 2185 4200 llic
2225 4128 2594 4198 respiciuutur
2635 4127 2985 4200 verbaPauli
3023 4142 3168 4180 nunt.
3205 4125 3493 4200 i_3,_enar-

1899 4196 2063 4256 renda
2083 4240 2100 4267 ,
2123 4198 2246 4272 Etsi
2285 4196 2574 4272 eritsi/imus
2601 4209 2674 4254 est
2703 4215 2770 4254 ex
2797 4199 3098 4268 inﬁrmitate
3120 4239 3136 4272 ,
3163 4197 3253 4272 sed
3279 4196 3399 4250 vivit
3429 4211 3494 4250 ex

1899 4273 2082 4327 virtute
2110 4271 2227 4327 Dei.
2277 4271 2412 4327 Hine
2436 4267 2650 4342 quoque
2693 4273 2953 4342 avertitur
2995 4267 3233 4339 suspicio
3270 4281 3489 4331 eet-mn,

1898 4343 1991 4416 qui
2012 4343 2272 4399 Hilarium
2298 4341 2538 4399 sensisse
2563 4341 2875 4416 opinantur,
2894 4341 3167 4416 Christum
3192 4341 3490 4416 hominem,

1900 4411 2216 4488 priusquam
2282 4411 2624 4480 moreretur]
2668 4430 2697 4470 a
2739 4415 2922 4470 Verbo
2968 4415 3132 4469 luisse
3172 4411 3492 4488 derelictum
3586 4443 3588 4448 ι

1899 4484 2385 4560 atque—desertum.
2415 4489 2543 4543 Nam
2569 4489 2612 4544 si
2643 4498 2890 4544 mortuus
2919 4498 2998 4560 est
3031 4484 3312 4560 quis-irit,
3347 4499 3496 4560 mor—

1900 4556 2024 4616 tuus
2052 4571 2135 4617 est
2164 4561 2306 4616 Deus
2332 4580 2345 4616 :
2373 4561 2616 4630 adeoque
2645 4577 2751 4616 non
2784 4559 3007 4614 secessit
3023 4577 3064 4630 ξι
3099 4556 3316 4613 Christo
3340 4557 3494 4630 prius

1898 4648 2060 4704 quam
2088 4648 2410 4688 moreretur.
2445 4627 2582 4688 Hinc
2609 4650 2661 4689 se
2682 4631 2988 4704 immortalis
3011 4627 3151 4684 Deus
3173 4631 3309 4682 intra
3331 4629 3491 4698 legem

1900 4701 2078 4760 mortis
2103 4704 2360 4761 habuisse
2380 4720 2502 4761 mos
2537 4705 2876 4775 praedicatur,
2915 4701 3021 4758 Deo
3044 4718 3134 4768 per
3158 4717 3361 4756 carnem
3386 4715 3494 4752 mo-

192 4775 505 4855 ..;..‘.';'c".;.'.‘.'
526 4775 1369 4863 se};sitfgétauos'tiisaa
1395 4775 1797 4852 distantia;
1815 4798 1869 4859 D
1897 4779 2056 4833 νίεηεθ
2089 4795 2108 4833 -'
2134 4779 2278 4849 ειυοά
2307 4779 2489 4836 multis
2519 4780 2569 4832 i"
2595 4777 2762 4832 Ιιοεοθ
2794 4789 3017 4829 ηυηιθτο
3044 4775 3362 4828 inculcam-

189 4865 536 4941 tlil'ferentem
566 4871 635 4924 ah
659 4885 744 4930 eo,
768 4884 930 4941 quem
961 4869 1230 4924 trihueres
1258 4869 1481 4925 homini.
1512 4869 1604 4924 Vel
1629 4871 1790 4925 etiam

191 4939 275 4992 hic
303 4948 528 4995 notatur
556 4951 746 5006 status,
777 4939 989 5012 Quando
1018 4941 1163 5005 Deus
1193 4944 1504 5011 unigenitus
1527 4941 1583 4996 in
1611 4941 1798 5011 specie

189 5023 474 5078 assumpta
516 5014 586 5066 ad
616 5025 825 5082 tempus
862 5014 1024 5067 homo
1056 5012 1202 5067 risus
1241 5025 1322 5069 eat
1357 5031 1370 5068 :
1401 5025 1451 5068 et
1485 5027 1792 5080 monemur,

191 5091 249 5155 ut
289 5099 420 5151 quae
462 5083 661 5153 speciei
707 5092 1034 5154 assumptis,
1077 5100 1198 5155 qua
1226 5085 1528 5142 assumenti
1555 5085 1663 5140 sint
1705 5087 1797 5142 tri-

190 5149 409 5212 buenda
437 5149 834 5212 discernentes.

262 5251 518 5328 (etEditi
533 5297 560 5328 ,Α
574 5253 728 5328 totius
748 5251 902 5307 etiam
929 5247 1144 5328 Dei,_a_c
1172 5249 1369 5328 deinde
1397 5252 1440 5305 si
1461 5251 1592 5328 quid
1613 5251 1760 5328 aliud
1777 5293 1790 5315 ,

188 5319 288 5396 pro
315 5319 364 5380 si
396 5326 520 5394 quid
543 5324 673 5378 illud
701 5340 720 5378 :
748 5334 1006 5396 corrupto
1033 5319 1224 5396 Hilarii
1250 5337 1430 5396 sensu.
1465 5319 1593 5379 illud
1616 5365 1630 5387 ,
1662 5321 1792 5378 Cum

189 5393 308 5453 iero
355 5393 426 5451 ex
469 5398 674 5451 homine
715 5405 763 5449 et
811 5393 941 5455 Deo.
973 5403 1104 5461 etc.,
1141 5394 1191 5449 id
1236 5405 1336 5461 est,
1370 5394 1502 5450 Cum
1542 5411 1610 5450 ex
1650 5403 1794 5450 statu

186 5467 400 5524 Christi
422 5470 658 5530 mortali.
679 5467 735 5522 in
753 5483 857 5537 quo
884 5467 1025 5522 Deus
1047 5476 1102 5522 et
1125 5467 1286 5523 homo
1307 5467 1605 5532 erat,illum
1621 5479 1796 5523 trans-

194 5540 328 5596 iisse
384 5539 645 5610 intelligis
689 5539 756 5594 ad
802 5539 1190 5598 immortalem.
1235 5539 1286 5594 in
1328 5553 1433 5608 quo
1476 5540 1585 5610 jam
1634 5541 1798 5596 etiam

187 5610 493 5669 secundum
523 5612 794 5666 hominem
828 5620 997 5665 totum
1027 5619 1168 5666 totus
1195 5621 1276 5664 est
1299 5610 1474 5677 Deus;
1499 5610 1618 5676 quia
1649 5611 1798 5668 vide-

188 5684 343 5751 licet,
381 5682 457 5738 ιιῐὶ
485 5683 789 5738 declaratur
813 5682 972 5750 intra,
1013 5698 1159 5738 num.
1198 5683 1266 5740 15
1294 5700 1307 5735 :
1339 5691 1472 5744 totus
1515 5683 1618 5738 Deo
1643 5684 1801 5753 vivit,

186 5769 398 5810 natura!
444 5766 631 5810 nostra
672 5756 912 5810 societate
952 5759 1005 5809 in
1034 5755 1438 5812 communionem
1477 5753 1664 5819 divina:
1697 5757 1795 5810 im-

187 5826 528 5900 mortalitatis
558 5829 725 5900 unita.
767 5826 872 5896 Qui
901 5827 1155 5900 loquendi
1195 5827 1396 5900 modus
1411 5843 1699 5899 expressus
1725 5828 1793 5900 ad

187 5898 555 5971 imitatiottem
595 5892 884 5959 verborum
930 5892 1108 5968 Pauli,
1150 5909 1203 5956 ut
1247 5901 1313 5956 sit
1357 5892 1497 5964 Deus
1538 5903 1709 5968 omnia
1739 5899 1795 5970 in

1967 4871 2028 4947 (i)
2067 4870 2240 4947 Filius
2271 4888 2335 4928 ex
2376 4889 2429 4926 se
2471 4881 2641 4936 natus,
2673 4871 2796 4940 quia
2824 4869 2915 4947 id,
2949 4869 3085 4947 quod
3112 4866 3338 4922 alienum
3377 4881 3492 4947 ese

1897 4936 2026 5009 erat,
2051 4944 2097 5015 vi
2125 4959 2218 4997 sua
2246 4959 2301 4996 ac
2325 4953 2572 5015 potestate
2598 4936 3049 5015 prtisumpsitputi
3078 4949 3361 5015 enarratur
3393 4936 3486 4990 lib.

1895 5031 1966 5081 tt,
2002 5014 2162 5081 n.26,
2191 5015 2278 5069 ttbi
2311 5010 2526 5071 nomine
2558 5010 2790 5083 Spiritus
2816 5010 2987 5068 Sancti
3019 5015 3070 5067 in
3093 5010 3384 5083 Virginem
3402 5024 3490 5062 su-

1898 5080 2267 5158 pervenientis
2305 5086 2497 5143 Filium
2530 5080 2739 5158 ipsum,
2767 5093 2856 5157 qui
2890 5085 3095 5158 idcirco
3127 5080 3215 5158 hic
3245 5080 3490 5158 sibiipse

1897 5153 2050 5230 origo
2078 5160 2333 5214 nascendi
2361 5174 2482 5215 esse
2511 5153 2872 5226 memoratur,
2904 5157 2971 5213 ab
3009 5155 3212 5212 Hilario
3244 5153 3488 5209 intellec-

1898 5239 2008 5286 tum
2039 5245 2160 5287 esse
2189 5232 2547 5288 ostendimus.

1967 5321 2036 5400 (λ)
2063 5323 2118 5379 Id
2141 5335 2397 5400 est,__quo
2425 5325 2591 5400 homo
2620 5334 2865 5400 tuaneret
2894 5323 2949 5378 in
2979 5332 3242 5400 attentum
3271 5318 3322 5372 in
3349 5317 3484 5400 Deo.

1895 5393 2101 5464 Quibus
2131 5393 2325 5451 similia
2367 5412 2490 5452 sunt
2531 5397 2646 5452 hmc
2674 5397 2767 5452 lib.
2801 5413 2876 5463 ιι,
2920 5413 2975 5451 n.
2999 5394 3070 5449 42
3103 5411 3118 5447 :
3149 5393 3260 5459 ipso
3291 5407 3406 5443 vero
3434 5393 3489 5464 in

1899 5460 1996 5522 Dei
2026 5467 2265 5538 gloriam,
2289 5468 2343 5524 id
2367 5480 2460 5536 est,
2483 5471 2536 5526 in
2564 5467 2733 5526 Deum
2758 5460 2932 5522 omnia
2959 5469 3013 5521 in
3036 5465 3267 5519 omnibus
3287 5478 3350 5516 ea:
3369 5460 3492 5518 sub-

1888 5539 2129 5610 jertionis
2172 5540 2554 5604 dispensatione
2593 5558 2835 5596 mansuro
2861 5556 2878 5595 :
2902 5551 2954 5594 et
2984 5538 3140 5610 paulo
3180 5546 3338 5596 ante.
3385 5543 3490 5592 toto

1890 5609 2070 5684 jumin
2097 5609 2263 5665 Deum
2285 5629 2348 5668 ea:
2365 5631 2425 5668 ea
2437 5632 2533 5682 qua
2561 5616 2714 5668 homo
2732 5609 3202 5684 estdispenst‘ttione
3223 5624 3486 5684 mansuro.

1975 5682 2051 5755 (lt)
2085 5684 2358 5740 Alluditur
2398 5681 2483 5740 hic
2513 5689 2578 5738 ad
2609 5686 2766 5738 verba
2798 5681 2981 5746 Pauli,
3021 5681 3370 5755 Delens_quod
3397 5683 3492 5746 ad:

1902 5753 2101 5834 versum
2124 5773 2217 5811 nos
2245 5769 2352 5834 erat
2375 5760 2796 5831 chirographum,
2825 5759 2894 5820 de
2919 5756 3113 5827 quibus
3140 5753 3298 5822 infra,
3320 5768 3376 5808 n.
3399 5755 3492 5834 19.

1899 5838 1954 5886 et
1980 5828 2080 5900 lib.,
2104 5839 2144 5900 ι,
2176 5845 2230 5891 ιι.
2261 5829 2347 5894 15,
2381 5828 2656 5900 tractatur.

1979 5902 2040 5975 (ί)
2070 5899 2194 5966 Vat.
2229 5899 2343 5963 bas.
2369 5918 2499 5977 nis.,
2532 5903 2830 5981 habitasset,
2861 5904 3066 5969 omisso
3087 5911 3245 5971 antea
3268 5917 3343 5981 se.
