3988 6332
477 297 587 360 287

1570 311 1588 332 ο
1682 293 1926 354 SANCTI
1966 293 2226 352 HILARII
2268 293 2576 353 EPISCOPI
3636 303 3717 360 288

477 416 767 492 passiones
798 415 912 475 Deo
935 412 1101 471 soci-ie
1127 410 1374 484 sunt,(i)
1404 418 1459 468 et
1489 411 1562 485 (a)
1593 410 1868 484 spiritales
1895 413 2084 483 neqtti-
2114 412 2170 475 Α
2191 410 2436 481 corporis
2483 409 2651 467 nostri
2685 424 2941 478 manere,
2987 410 3082 468 sed
3120 410 3170 467 in
3219 411 3306 468 Dei
3343 412 3517 485 gloria.
3553 415 3614 472 Et
3638 418 3717 476 hoc

478 509 571 568 tia:
601 525 667 568 ac
705 509 925 566 malitize
961 514 1257 578 potestates
1291 505 1564 578 triumpho
1595 505 1803 573 carnis,
1840 505 1951 561 Deo
1988 521 2088 576 per

477 619 701 663 carnem
732 604 1020 667 moriente,
1054 601 1386 657 subduntur.

554 699 608 756 8.
640 698 848 753 Fideles
879 695 986 752 Deo
1013 696 1066 749 in
1095 693 1306 750 Christo
1328 693 1484 766 pleni.
1509 722 1584 736 —
1613 692 1782 764 Hujus
1810 692 1970 764 igitur
1999 707 2090 747 sa-

481 788 748 849 cramenti
774 790 1067 862 Apostolus
1087 788 1360 852 conscius,
1391 795 1446 843 et
1473 803 1568 857 per
1601 785 1884 842 Dominum
1915 786 2088 857 ipsunt

482 883 608 942 ﬁdei
641 886 924 940 scientiam
954 883 1216 950 adeptus,
1246 897 1368 937 cunt
1412 897 1517 937 non
1551 883 1824 952 ignoraret
1867 881 2091 952 incapa-

484 991 604 1034 cem
633 976 751 1047 ejus
775 991 898 1032 esse
932 985 986 1031 et
1028 974 1285 1030 mundum
1309 1017 1323 1041 ,
1355 982 1411 1030 et
1439 973 1721 1042 homines,
1762 983 1817 1030 et
1846 972 2092 1044 philoso-

485 1067 668 1142 phiam
694 1111 710 1138 ,
745 1069 849 1134 ait,
893 1067 1070 1124 Videte
1115 1085 1177 1122 ne
1203 1068 1317 1138 quis
1347 1084 1434 1122 vos
1480 1069 1688 1123 seducat
1729 1084 1818 1137 per
1862 1065 2094 1140 philoso-

487 1159 665 1234 phiam
691 1171 736 1216 et
763 1161 967 1216 inanem
1006 1160 1358 1230 deceptionem
1400 1159 1680 1215 secundum
1718 1157 1800 1229 (2)
1858 1157 2096 1214 traditio-

486 1271 605 1310 item
637 1253 712 1327 (b)
746 1253 1046 1319 hominum,
1079 1253 1360 1307 secundum
1404 1253 1651 1306 elementa
1692 1249 1892 1315 mundi,
1917 1260 1964 1304 et
1992 1267 2093 1304 non

487 1349 770 1404 secundum
795 1345 979 1402 Jesum
1010 1345 1272 1402 Christum
1298 1363 1316 1401 .°
1343 1346 1464 1416 quia
1494 1349 1546 1399 in
1570 1346 1682 1415 ipso
1707 1343 1959 1398 inhabitat
1984 1360 2096 1397 ont-

487 1441 571 1496 nis
601 1441 867 1512 plenitudo
893 1441 1174 1496 divinitatis
1203 1440 1564 1508 corporaliter,
1595 1448 1642 1492 et
1668 1439 1786 1493 estis
1817 1439 1869 1492 in
1897 1439 1992 1493 illo
2016 1455 2097 1492 re-

501 1534 650 1605 pleti,
681 1532 752 1607 (c)
781 1534 920 1605 quod
945 1543 1018 1589 est
1039 1544 1193 1603 caput
1224 1535 1389 1588 omnis
1417 1532 1736 1604 principatus
1758 1540 1804 1585 et
1833 1530 2096 1602 potestatis

492 1624 720 1701 (Coloss.
770 1641 842 1694 tt,
887 1627 920 1683 8
956 1635 1004 1680 et
1043 1626 1228 1698 seqq.).
1282 1626 1536 1696 Exposita
1582 1625 1764 1694 itaque
1805 1624 2096 1679 habitantis

491 1720 850 1790 corporaliter
877 1719 1174 1775 divinitatis
1201 1718 1254 1774 itt
1291 1734 1356 1775 eo
1382 1717 1747 1790 plenitudine,
1780 1732 2093 1773 sacramen-

2193 505 2372 577 lingua
2399 505 2576 562 omnis
2605 504 2968 563 conﬁtebitur.
3001 507 3206 562 Etcum
3238 508 3462 564 ctelestia
3487 523 3536 568 et
3559 521 3715 572 terres‘

2195 601 2294 654 tria
2339 598 2416 672 (It)
2445 615 2585 668 genu
2626 597 2844 656 nectent
2875 617 2887 652 :
2919 599 3021 656 hoc
3065 610 3224 670 caput
3257 602 3423 656 omnis
3452 603 3722 675 principatus

2193 703 2250 751 et
2277 695 2558 764 potestatis
2588 703 2699 761 est,
2734 703 2796 748 ut
2819 695 2868 750 ei
2905 694 3156 750 universa
3196 709 3334 765 genu
3372 695 3725 755 ﬂectendosub-

2191 787 2331 857 jecta
2357 786 2496 855 sint,
2528 787 2579 841 itt
2610 802 2718 852 quo
2746 802 2932 842 sumus
2962 787 3184 858 repleti,
3215 796 3270 842 et
3297 789 3382 858 qui
3413 804 3502 858 per
3526 790 3726 848 habitan-

2196 890 2302 937 tem
2332 883 2384 936 in
2412 897 2471 937 se
2497 881 2854 951 corporaliter
2882 881 3177 937 divinitatis
3219 882 3560 954 plenitudine,
3585 885 3629 940 itt
3655 886 3726 943 Dei

2195 975 2364 1046 patris
2389 974 2459 1028 sit
2479 974 2648 1045 gloria
2675 973 3036 1030 conﬁtcndtts.

2269 1070 2322 1123 9.
2353 1066 2491 1123 Deus
2517 1069 2652 1123 idem
2675 1081 2856 1123 auctor
2883 1070 3288 1141 regenerationis
3315 1078 3492 1125 nostra:
3517 1079 3559 1125 et
3584 1071 3732 1128 Christi

2194 1162 2598 1216 resurrectionis.
2621 1192 2691 1200 —
2724 1161 3097 1216 Demonstrsto
3121 1171 3299 1215 autent
3331 1169 3384 1216 et
3411 1172 3596 1218 natura!
3619 1180 3730 1231 sine,

2196 1263 2250 1310 et
2277 1254 2661 1323 assumptionis
2689 1263 2887 1308 nostrae
2915 1263 3276 1318 sacramento,
3306 1269 3425 1309 cum
3453 1255 3499 1309 in
3525 1270 3583 1311 eo
3602 1256 3735 1321 pleni-

2198 1345 2380 1401 tudine
2408 1345 2704 1401 divinitatis
2746 1357 3025 1413 mancnte,
3074 1362 3176 1402 nos
3221 1347 3273 1401 in
3310 1362 3376 1402 eo
3413 1362 3506 1418 per
3543 1347 3589 1401 id
3624 1348 3734 1418 quod

2197 1442 2360 1495 homo
2389 1451 2544 1495 natus
2565 1451 2645 1495 est
2670 1439 2977 1506 repleamnr
3003 1458 3016 1494 :
3049 1440 3316 1510 reliquam
3337 1439 3735 1510 dispensationem

2197 1533 2447 1590 humanm
2479 1532 2672 1589 salutis
2695 1533 3030 1599 exsequitur,
3057 1533 3269 1599 dicens,
3299 1532 3364 1587 In
3383 1550 3478 1603 quo
3499 1542 3540 1587 et
3565 1535 3738 1588 circum.

2197 1627 2290 1680 risi
2315 1626 2435 1681 estis
2457 1626 2846 1680 circumcisione
2875 1642 2976 1680 non
3006 1643 3162 1679 manu
3193 1626 3400 1696 factain
3432 1627 3740 1694 exspoliatiotte

2175 1719 2428 1784 «corporis
2455 1719 2646 1781 carnis,
2677 1719 2768 1773 sed
2787 1719 2838 1774 in
2861 1719 3250 1774 circumcisione
3275 1718 3462 1774 Citriin
3487 1721 3738 1788 consepulti,

492 1823 603 1870 tum
633 1815 1021 1886 assumptionis
1049 1823 1247 1870 nostra:
1275 1814 1534 1869 continuo
1564 1813 1822 1882 subjecit,
1861 1811 2082 1867 dicens:
2117 1817 2166 1878 B
2191 1814 2236 1868 ei
2265 1815 2317 1867 in
2344 1811 2669 1879 baptismate,
2693 1812 2746 1866 in
2765 1828 2864 1876 quo
2889 1821 2935 1866 et
2967 1812 3048 1884 (5)
3070 1812 3515 1868 conresurrexistis
3532 1830 3610 1884 per
3627 1813 3742 1880 ﬁdem

488 1905 634 1962 Estis
665 1909 718 1962 in
738 1924 796 1962 eo
817 1907 1017 1978 repleti.
1051 1905 1122 1963 Ut
1149 1907 1296 1963 enim
1329 1907 1380 1960 in
1411 1921 1478 1961 eo
1501 1906 1794 1962 divinitatis
1823 1903 1988 1978 265
2011 1912 2096 1960 est

491 1999 805 2071 plenitudo,
835 2000 907 2056 ita
951 2015 1049 2055 nos
1087 2001 1139 2056 itt
1173 2015 1240 2056 eo
1279 2015 1466 2055 sumus
1498 2000 1708 2069 repleti.
1739 1999 1922 2070 Neque
1961 2015 2094 2055 sane

491 2093 589 2164 ait,
619 2093 749 2148 estis
771 2093 987 2162 repleti,
1011 2093 1129 2159 sed,
1153 2093 1206 2148 in
1232 2109 1290 2148 eo
1312 2093 1431 2148 estis
1459 2093 1641 2160 repleti
1660 2108 1679 2148 :
1698 2093 1821 2164 quia
1849 2109 1944 2164 per
1973 2091 2096 2148 lidei

489 2199 646 2256 Spem
675 2186 730 2242 in
777 2184 939 2241 titam
972 2196 1233 2242 alternam
1281 2185 1590 2258 regenerati
1631 2201 1694 2242 ac
1738 2184 2095 2257 regenerandi

490 2296 682 2338 omnes
704 2297 847 2337 nunc
873 2278 1145 2337 inChristi
1172 2295 1406 2353 corpore
1435 2290 1656 2336 manent
1681 2280 1794 2353 (d);
1820 2279 2096 2349 replendis

490 2387 678 2448 postea
719 2377 875 2448 ipsis,
913 2393 1017 2432 non
1045 2377 1156 2447 jam
1198 2378 1253 2431 in
1282 2392 1368 2442 eo,
1395 2376 1493 2433 sed
1528 2376 1580 2432 in
1611 2375 1767 2446 ipsis,
1799 2373 2097 2431 secundum

492 2480 706 2542 tempus
731 2470 864 2526 illud
894 2472 963 2526 de
993 2486 1098 2542 quo
1126 2471 1419 2541 Apostolus
1447 2470 1543 2537 ait,
1575 2469 1678 2536 Qui
1706 2469 1784 2539 (3)
1817 2463 2099 2540 ιναήεβθα-

493 2566 627 2622 rabit
657 2565 727 2639 (ε)
757 2583 947 2637 corpus
975 2566 1278 2620 humilitatis
1323 2575 1512 2620 nostra:
1534 2607 1548 2631 ,
1589 2568 1854 2637 conforme
1894 2565 2100 2634 corpori

492 2659 676 2732 gloritc
701 2676 811 2714 sua:
855 2657 1027 2732 (Phil.
1085 2675 1176 2724 ttt,
1204 2658 1318 2730 21).
1361 2658 1514 2714 Nunc
1544 2658 1704 2730 igitur
1729 2658 1784 2714 in
1812 2673 1877 2715 eo
1907 2659 2098 2729 repleti

492 2766 702 2818 sumus,
737 2751 789 2807 id
820 2763 926 2819 est,
961 2767 1056 2822 per
1079 2754 1504 2823 assumptionem
1531 2753 1711 2808 carnis
1737 2753 1884 2823 ejus,
1914 2753 1967 2806 in
1993 2767 2100 2823 quo

493 2845 791 2901 divinitatis
821 2844 1099 2915 plenitudo
1128 2845 1488 2915 corporaliter
1520 2845 1805 2901 inhabitat.
1837 2847 1901 2901 Et
1939 2845 2098 2916 hujus

493 2939 612 3011 spei
657 2948 859 2995 nostrae
885 2953 992 2994 non
1023 2939 1216 3010 exigua
1247 2938 1299 2993 itt
1327 2953 1394 2993 eo
1436 2947 1675 3008 potestas
1713 2949 1814 2994 est.
1859 2938 2099 3009 Namque

492 3032 637 3104 quod
661 3032 848 3103 repleti
875 3032 927 3087 itt
951 3047 1017 3088 eo
1041 3047 1249 3095 sumus,
1278 3031 1378 3086 hoc
1399 3043 1482 3086 est
1503 3041 1663 3100 caput
1687 3047 1750 3087 ac
1777 3033 2098 3104 principium

493 3126 671 3181 omnis
703 3125 1006 3198 potestatis,
1037 3126 1333 3182 secundum
1369 3127 1498 3183 illttd
1533 3144 1544 3181 :
1575 3127 1644 3184 Ut
1671 3129 1722 3183 in
1753 3131 1971 3184 nomine
1999 3142 2098 3183 suo

494 3234 654 3276 omne
683 3235 822 3292 genu
855 3217 924 3293 (ι’)
952 3218 1163 3288 ﬂectat,
1195 3222 1527 3289 caelestium,
1559 3231 1612 3278 et
1642 3224 2007 3289 terrestrium,
2044 3230 2099 3278 et

494 3311 863 3378 inferttorum;
896 3325 947 3370 et
987 3316 1166 3372 omnis
1206 3317 1384 3385 lingua
1433 3316 1773 3382 conﬁteatur,
1814 3319 1936 3388 quia
1983 3318 2090 3371 Do-

497 3405 674 3462 minus
697 3406 854 3462 Jesus
883 3406 963 3480 (t)
991 3407 1043 3462 in
1074 3407 1243 3478 gloria
1279 3408 1374 3464 Dei
1413 3409 1579 3476 patris
1629 3408 1853 3478 (Philip.
1887 3425 1944 3475 ιι,
2004 3410 2094 3475 to,
2133 3395 2142 3414 ‘

498 3498 610 3570 11).
645 3499 929 3555 Confessio
976 3500 1152 3570 itaque
1180 3499 1296 3556 hiBC
1334 3503 1440 3558 erit
1467 3520 1479 3555 :
1511 3501 1693 3558 Jesum
1723 3504 1776 3557 in
1807 3503 1974 3574 gloria
2007 3503 2098 3556 Dei

497 3592 682 3664 patris,
705 3602 761 3648 et
789 3602 973 3648 natum
1003 3593 1056 3648 itt
1084 3592 1302 3650 homine
1326 3593 1403 3667 (g)
1422 3595 1533 3665 jam
1574 3610 1682 3651 non
1706 3595 1759 3650 itt
1782 3597 2097 3652 inﬁrmitate

571 3729 650 3804 (1)
672 3729 768 3858 ιΕἰ
807 3731 1060 3804 spiritalis
1089 3733 1326 3804 nequitia:
1348 3749 1412 3788 ac
1452 3733 1664 3789 malitia:
1705 3736 1988 3806 potestatis,
2013 3736 2104 3793 de-

571 3817 666 3858 ava
693 3820 742 3858 e.

495 3817 742 3875 pravate.

569 3877 650 3947 (2)
680 3875 1026 3944 Traditiones;
1056 3877 1214 3948 paulo
1237 3886 1377 3949 post,
1403 3888 1450 3933 rt
1471 3895 1573 3933 non
1596 3883 1872 3934 secundum
1897 3879 2102 3948 Jesum,

500 3950 701 4004 omissa
730 3965 862 4005 voce
891 3949 1154 4004 Christum

570 4021 651 4091 (5)
677 4019 720 4075 Τ
725 4022 1128 4095 ransﬁguravit;
1160 4021 1378 4091 deinde,
1410 4023 1664 4096 corporis,
1701 4037 1806 4079 non
1835 4026 2063 4096 corpori.

570 4143 646 4216 (a)
690 4144 836 4209 Lips.
868 4154 918 4200 et
962 4145 1084 4200 Par.
1131 4146 1381 4216 spiritalis
1425 4147 1706 4215 nequitiae:
1745 4146 2106 4202 renitentibus

498 4215 816 4272 aliis'libris.
848 4217 969 4272 Mox
1000 4215 1350 4273 Carnutensis
1375 4219 1569 4287 codex,
1594 4219 1649 4273 in
1680 4234 1854 4286 carne,
1886 4235 1992 4274 non
2015 4235 2105 4291 per

508 4303 734 4342 carnem.

574 4358 650 4432 (b)
680 4358 882 4432 omnes
911 4375 1077 4429 prope
1109 4375 1238 4414 mss.
1271 4361 1571 4416 traditiones
1600 4378 1620 4418 :
1649 4363 1897 4432 quamvis
1921 4377 2104 4432 supra,

499 4445 559 4486 n.
586 4431 608 4485 1
633 4472 648 4490 .
681 4431 822 4486 libro
847 4437 1128 4502 superiore
1155 4447 1210 4486 n.
1241 4433 1342 4500 55,
1373 4441 1429 4488 et
1457 4434 1496 4488 Ι.
1523 4449 1559 4498 t,
1591 4449 1647 4489 n.
1677 4435 1744 4490 15
1765 4475 1780 4499 ,
1812 4431 2110 4491 exhibeant

502 4502 849 4557 traditionem.

2197 1907 2508 1979 operationis
2536 1905 2668 1970 Dei,
2706 1906 2792 1976 qui
2821 1906 3057 1960 excitavit
3099 1922 3216 1960 eum
3257 1924 3288 1959 a
3327 1907 3532 1959 mortuis
3567 1905 3740 1974 (Coloss.

2196 2017 2256 2069 tt,
2299 2003 2352 2066 1,
2388 2001 2500 2070 12).
2519 2000 2968 2056 Circumcidimur
2987 2000 3192 2070 itaque,
3212 2015 3319 2054 non
3341 1998 3742 2073 265circumci-

2198 2095 2353 2152 sione
2404 2094 2639 2161 carnali,
2689 2093 2787 2149 sed
2830 2094 3246 2150 circumcisione
3275 2092 3492 2158 Christi,
3523 2093 3568 2149 id
3595 2103 3680 2157 est,
3705 2093 3742 2147 in

2199 2207 2397 2246 novum
2431 2190 2703 2246 hominem
2732 2191 2928 2245 renati.
2956 2188 3090 2245 Cum
3120 2189 3263 2245 enim
3299 2189 3667 2255 consepelimur
3685 2187 3743 2257 (6)

2202 2283 2530 2356 baptismate
2565 2286 2632 2357 (ἱ)
2666 2285 2804 2353 ejus,
2836 2284 2973 2338 mori
3005 2297 3104 2337 nos
3132 2297 3361 2339 necesse
3390 2292 3469 2337 est
3505 2297 3566 2337 ex
3605 2290 3745 2336 vetere

2203 2379 2456 2445 homine;
2490 2381 2612 2451 quia
2643 2378 3248 2450 regeneratiobaptismi
3278 2374 3666 2432 resurrectionis
3685 2383 3745 2429 est

2201 2476 2394 2530 virtus.
2425 2475 2492 2530 Et
2517 2474 2632 2529 haec
2660 2474 3006 2530 circumcisio
3031 2472 3232 2528 Christi
3255 2481 3361 2538 est,
3379 2487 3481 2528 non
3509 2469 3747 2542 exspoliari

2205 2583 2372 2624 carne
2397 2567 2644 2638 praeputii
2666 2607 2682 2632 ,
2715 2566 2810 2620 sed
2842 2573 2987 2620 totos
3017 2564 3283 2620 commori
3313 2564 3362 2619 ei
3387 2605 3402 2630 ,
3433 2571 3487 2618 et
3509 2577 3596 2630 per
3620 2560 3662 2616 id
3686 2569 3744 2614 too

2209 2674 2291 2719 tos
2327 2674 2510 2733 postea
2543 2661 2593 2716 ei
2630 2660 2838 2718 vivere.
2867 2661 2925 2716 ln
2967 2674 3034 2716 eo
3065 2659 3208 2714 enim
3243 2659 3319 2734 (j)
3353 2658 3657 2729 resurgimus
3678 2671 3750 2727 per

2206 2759 2325 2828 ejus
2367 2757 2462 2812 Dei
2493 2757 2650 2812 tidem
2671 2801 2685 2823 ,
2725 2757 2816 2826 qui
2846 2771 2970 2811 eum
3006 2753 3292 2810 suscitavit
3322 2769 3354 2808 a
3385 2752 3617 2809 mortuis.
3646 2751 3749 2807 Cre-

2207 2849 2416 2906 dendus
2445 2865 2576 2921 ergo
2606 2849 2746 2903 Deus
2767 2857 2871 2914 est,
2897 2848 3053 2915 cujus
3081 2847 3407 2917 operatione
3432 2844 3659 2902 Christus
3678 2858 3750 2899 ex-

2206 2946 2402 3001 citatus
2432 2959 2460 2998 a
2490 2943 2721 2999 mortuis
2752 2950 2835 2997 est
2864 2959 2876 2994 :
2911 2944 3033 3013 quia
3067 2941 3199 2996 lides
3236 2941 3344 2996 ista
3372 2939 3682 3010 conresurgit
3712 2938 3748 2991 in

2206 3038 2447 3094 Christo.

2280 3133 2366 3190 10.
2406 3131 2554 3186 Idem
2581 3130 2817 3186 Christus
2844 3139 2896 3184 ut
2923 3129 3077 3184 homo
3102 3129 3342 3196 moritur,
3367 3138 3423 3183 ut
3449 3128 3578 3184 Deus
3600 3142 3644 3182 se
3663 3140 3748 3179 sns-

2204 3230 2349 3285 citat.
2398 3260 2469 3269 —
2513 3229 2935 3284 Consummatur
2963 3224 3158 3280 deinde
3210 3225 3280 3279 ita
3337 3240 3496 3280 omne
3540 3218 3751 3288 assumpti

2202 3324 2445 3379 hominis
2471 3331 2872 3378 sacramentum
2900 3337 2912 3374 :
2942 3319 3012 3375 Et
3055 3337 3143 3375 vos
3171 3319 3250 3392 (lt)
3279 3321 3474 3375 mortui
3494 3335 3596 3374 cum
3621 3315 3754 3372 essetis

2199 3421 2254 3473 in
2281 3417 2481 3471 delictis
2530 3425 2575 3470 et
2619 3415 2871 3486 prteputio
2916 3415 3088 3468 carnis
3135 3423 3334 3480 vestrae,
3384 3413 3635 3483 riviﬁcavit
3666 3424 3751 3463 cum

2200 3509 2314 3572 illo,
2343 3509 2547 3563 donatis
2572 3509 2710 3563 vobis
2756 3508 2989 3561 omnibus
3014 3507 3234 3568 delictis,
3267 3506 3447 3561 delens
3470 3505 3595 3576 quod
3617 3502 3756 3556 adrer-

2203 3618 2316 3656 sum
2332 3618 2423 3657 nos
2449 3611 2555 3656 erat
2579 3598 2978 3673 chirographum
3003 3600 3055 3653 in
3081 3599 3368 3664 sententiis,
3393 3599 3524 3672 quod
3548 3605 3643 3652 erat
3667 3611 3758 3648 cou-

2285 3736 2361 3810 (i)
2396 3738 2492 3792 Ms.
2525 3737 2724 3794 Veron.
2756 3738 2808 3791 in
2835 3737 3055 3810 gloriam
3094 3745 3171 3791 est
3202 3733 3300 3810 D_ei
3340 3736 3548 3810 Patris,
3588 3744 3756 3810 διεροῦ.

2211 3805 2452 3877 εἰς’δὸξαν
2476 3813 2589 3867 θεοῦ
2607 3805 3022 3888 πᾳτρὸς;’ρειιιιο
3050 3817 3190 3879 post,
3224 3808 3409 3863 Jesum
3439 3805 3760 3865 substituimus

2207 3899 2271 3939 cx
2309 3893 2495 3937 nostro
2527 3897 2628 3937 ttts.
2659 3879 2827 3937 Antea
2857 3879 3030 3936 Jesus.

2280 3953 2358 4028 (5)
2392 3952 2822 4028 Consurrexistis.

2279 4025 2358 4100 (6)
2400 4025 2629 4082 Ριοτρΐθιι
2655 4026 2932 4097 exemplar
2962 4026 3168 4082 Veron.
3201 4025 3495 4099 boptismati
3523 4025 3637 4096 ejus.

2283 4150 2360 4217 (el
2394 4150 2584 4204 Plures
2617 4164 2747 4202 mss.
2780 4146 3186 4218 transﬁguravit.
3222 4145 3440 4199 Martio.
3473 4140 3764 4218 transfertur.

2209 4215 2326 4276 uiti:
2357 4221 2496 4291 quod
2541 4231 2595 4275 et
2637 4220 2798 4275 habet
2836 4215 3116 4291 Vah—bas.
3150 4217 3363 4280 Codex,
3397 4215 3487 4291 qui
3529 4221 3765 4286 cumttou-

2212 4289 2385 4350 nullis
2407 4294 2525 4348 aliis
2555 4302 2738 4363 postea
2769 4290 3012 4363 sultjicit,
3031 4294 3308 4362 conformo
3350 4289 3543 4361 faciens
3569 4292 3763 4354 corpori.

2213 4365 2591 4438 velcorporis.
2767 4436 2778 4438 Α
2856 4437 2859 4438 ν
3184 4435 3192 4438 _
3396 4430 3476 4438 -_
3583 4427 3634 4438 ..

2289 4436 2356 4511 (li
2382 4426 2454 4494 Ιίθ
2490 4437 2712 4511 Bndoaq
2731 4436 2974 4511 Plerique
3005 4449 3135 4511 mss.
3168 4435 3237 4489 At
3265 4432 3410 4511 apud
3435 4430 3555 4511 Eri,
3583 4427 3706 4511 Lips.

2217 4498 2374 4576 Pari,
2403 4512 2660 4581 ﬂectatur.
2693 4498 2750 4564 In
2783 4498 3040 4565 mstat.
3072 4509 3188 4563 has.
3219 4515 3274 4560 et
3304 4498 3487 4560 altero
3518 4501 3702 4558 Vatic.,

574 4573 646 4656 (ε)
677 4573 768 4656 Sic
797 4575 1041 4656 plerique
1082 4590 1145 4656 a_c
1177 4576 1428 4656 melioris
1458 4585 1598 4632 notte
1633 4590 1764 4656 mss.
1808 4577 2109 4633 faventibus
2137 4572 2186 4632 D
2214 4562 2712 4656 {iriiélii'iie'iés'u’
2741 4562 2914 4636 omnes
2940 4562 3096 4654 igenu
3117 4581 3342 4656 _ﬂectan_t
3376 4596 3394 4632 :
3425 4592 3488 4632 ex
3530 4586 3628 4656 quo
3651 4562 3769 4656 ξθιιυ]

502 4645 759 4701 sultttexis
781 4689 796 4710 ,
833 4645 985 4713 Quod
1011 4648 1187 4718 repleti
1225 4649 1278 4702 in
1305 4665 1364 4702 eo
1395 4665 1596 4715 sumus,
1638 4649 1736 4703 hoc
1759 4658 1835 4704 est
1863 4660 2014 4718 caput
2047 4667 2107 4704 ac

505 4718 820 4794 principium
844 4720 1008 4794 munis
1032 4721 1319 4794 potestatis.
1341 4720 1494 4794 Editi
1527 4736 1681 4789 vero,
1712 4722 1798 4790 qui
1825 4731 1900 4776 est
1927 4733 2104 4794 caput,

505 4789 779 4859 quomodo
807 4790 1002 4858 legitur
1031 4791 1123 4844 Iih.
1157 4808 1204 4853 ι.
1238 4809 1290 4847 ti.
1330 4793 1414 4849 l5.

580 4858 660 4932 (ιι)
692 4861 746 4915 1η
765 4861 953 4916 codice
983 4861 1103 4917 Vat.
1140 4863 1253 4918 has.
1279 4906 1293 4928 ,
1323 4864 1538 4919 Martia.
1559 4907 1576 4932 ,
1606 4865 1818 4920 duobus
1871 4864 2024 4920 Colb.
2055 4874 2108 4920 et

504 4946 615 5008 uno
657 4933 888 5008 Sorbon.
938 4949 1219 5008 perperam
1274 4935 1360 4991 hic
1405 4937 1656 5007 adjicitur
1700 4938 1901 5008 repleti.
1951 4937 2108 4993 Ratio

504 5006 702 5074 quippe
745 5005 829 5059 hic
869 5005 1151 5072 subjicitur
1192 5023 1288 5062 cur
1319 5005 1505 5062 ﬁdeles
1537 5010 1588 5063 in
1623 5005 1840 5066 Christo
1872 5009 1981 5064 sint
2017 5026 2104 5065 re-

505 5075 646 5150 pleti
685 5075 826 5150 Deo,
868 5077 990 5146 quia
1022 5077 1272 5132 nimirum
1314 5090 1532 5150 manent
1563 5084 1614 5136 in
1647 5081 1815 5150 ipsius
1842 5096 2066 5149 corpore
2088 5124 2102 5147 ,

504 5146 649 5217 quod
679 5149 864 5222 gloria:
891 5151 1000 5215 jatn
1043 5151 1306 5218 particeps
1339 5149 1561 5216 laetum,
1596 5146 1704 5207 Deo
1743 5146 1963 5222 proinde
1993 5146 2105 5221 ple?

507 5234 634 5294 nunt
664 5219 754 5274 sit.
781 5219 997 5294 Manent
1027 5222 1270 5294 porrouin
1303 5222 1420 5290 ejus
1451 5238 1698 5292 corpore,
1731 5219 1854 5294 quia
1889 5235 1944 5277 ttt
1973 5219 2107 5279 dici-

507 5299 594 5345 tur
621 5290 672 5345 itt
703 5291 835 5359 psal.
871 5307 942 5352 LI,
970 5307 1023 5346 n.
1059 5291 1157 5347 16;
1184 5291 1416 5347 Christus
1446 5290 1684 5348 naturam
1709 5290 1834 5349 inse
1859 5297 2104 5351 universa:

507 5364 678 5434 carnis
706 5365 1002 5434 assumpsit.
1049 5363 1200 5419 Unde
1235 5382 1354 5433 cap.
1388 5363 1421 5416 4
1455 5366 1505 5419 in
1538 5365 1720 5420 Matth.
1753 5383 1806 5420 n.
1844 5368 1940 5433 12,
1974 5383 2102 5422 caro

507 5431 706 5508 Christi
740 5431 926 5508 civitas
975 5431 1334 5507 nuncupatur,
1378 5437 1428 5490 itt
1467 5453 1568 5506 qua
1599 5438 1836 5508 qua’dam
1882 5431 2103 5493 universi

507 5505 708 5579 generis
738 5507 946 5579 humani
973 5505 1300 5579 congregatio
1323 5505 1632 5569 continetur;
1656 5510 1918 5577 adeoqtte,
1948 5522 2003 5565 ttt
2029 5513 2103 5567 ait

509 5576 826 5649 Ambrosius
855 5595 942 5649 cp.
975 5576 1114 5636 nunc
1141 5599 1321 5641 LXXVI.
1351 5582 1414 5635 ad
1441 5581 1720 5647 Irenaeum,
1754 5600 1806 5636 ιι.
1826 5584 1858 5639 8
1888 5576 1912 5636 εν
1933 5584 1985 5636 in
2010 5584 2104 5637 illa

507 5664 664 5726 carne
685 5647 872 5726 Christi
892 5647 982 5726 per
1003 5657 1314 5710 consortium
1333 5655 1563 5726 ejusdem
1585 5665 1782 5708 natura:
1803 5671 1921 5709 caro
1942 5656 2105 5709 omnis

509 5719 723 5804 humani
744 5719 1216 5804 gener'is‘honorata
1244 5738 1337 5804 est.
1354 5719 1738 5804 'Replebnntur
1761 5737 1938 5804 autem
1963 5727 2102 5796 inse

507 5792 808 5921 ἒῖῗίιεέςεὲιέἓ
831 5793 1014 5921 g'loriae
1036 5796 1279 5868 ejusdem
1302 5801 1355 5857 in
1379 5792 1612 5872 propriis
1634 5799 1952 5870 corporibus
1973 5792 2107 5857 cutt-

593 5880 602 5892 ο
815 5881 844 5921 n
879 5907 889 5920 .

509 5876 685 5922 sortes
712 5876 866 5922 erunt
879 5907 889 5920 .

2211 4653 2465 4717 deberet,
2505 4655 2748 4716 ctelestes,
2783 4667 2888 4707 n0n
2939 4641 3237 4706 chlestiitm.
3296 4649 3515 4713 Graece,
3540 4648 3614 4700 ἶνα
3654 4641 3768 4708 ἐντῷ

2211 4726 2420 4800 ὀνόματι
2442 4733 2584 4786 lnam?
2611 4732 2715 4782 πᾶν
2742 4726 2866 4802 γόνυ
2896 4726 3093 4798 κάμψῃ.
3698 4800 3708 4812 .

2285 4821 2360 4891 lg)
2392 4817 2535 4872 Editi
2560 4817 2645 4873 hic
2667 4817 2872 4874 addunt
2900 4815 3102 4880 Deum;
3129 4829 3249 4886 qua:
3270 4829 3376 4870 vos
3399 4813 3547 4868 abest
3565 4823 3591 4862 a
3615 4810 3757 4877 potitr

2213 4889 2362 4946 ribus
2395 4905 2526 4944 mss.

2286 4962 2364 5031 (h)
2397 4963 2452 5016 ltt
2485 4977 2584 5016 ms.
2618 4961 2832 5015 Martin.
2867 4959 2954 5016 hic
2979 4961 3232 5032 adjicitur
3259 4967 3305 5013 et
3334 4957 3556 5032 inferna.

2284 5018 2589 5106 (nuncqui
2612 5033 2730 5106 libri
2763 5033 2975 5106 Martio.
3005 5018 3148 5106 vim,
3177 5018 3512 5106 bas.,Colb.,
3537 5018 3766 5106 ctc_.,bap:

2213 5093 2407 5162 tisnlati
2455 5093 2587 5178 ejus.
2621 5105 2991 5178 Remigianus,
3039 5093 3343 5178 baptismate
3383 5103 3428 5155 ei
3454 5115 3472 5178 :_
3497 5093 3773 5178 quodﬁilllﬁ

2211 5172 2505 5234 arridebai.
2538 5177 2646 5233 Sed
2679 5172 2950 5245 quomodo
2991 5172 3153 5246 supra
3184 5175 3389 5246 dicitur
3417 5172 3773 5246 _circumcistouc

2213 5249 2426 5310 Christi.
2463 5249 2547 5303 .ita
2594 5258 2648 5303 et
2692 5243 2837 5302 nunc
2868 5243 3172 5318 baptismate
3201 5249 3330 5315 eius,
3378 5243 3432 5301 id
3464 5253 3563 5308 εει,
3592 5244 3773 5302 suscep—

2212 5325 2360 5378 tione
2387 5319 2722 5391 baptismatis
2744 5319 2812 5374 ab
2835 5321 2952 5389 ipso
2986 5319 3240 5376 ittStituti.

2281 5416 2350 5490 (j)
2391 5413 2955 5490 Martinian-ttscodex
2979 5453 2994 5479 ,
3045 5414 3416 5490 resurt'eximus
3449 5426 3466 5465 :
3497 5417 3550 5465 et
3594 5408 3768 5476 postea.

2211 5485 2533 5543 consurrexit
2563 5488 2616 5540 in
2645 5485 2871 5553 Christo,
2905 5502 3012 5542 non
3045 5485 3384 5556 conresurgit.

2282 5583 2357 5654 (It)
2397 5583 2469 5636 Ita
2499 5599 2633 5639 mss.
2667 5581 2812 5636 Editi
2857 5597 2988 5636 vero
3015 5581 3333 5652 particulam
3376 5592 3489 5630 cum
3533 5566 3775 5654 praefigunt

2211 5646 2378 5711 verbo
2409 5655 2615 5710 mortui.
2649 5655 2800 5722 Quod
2833 5655 2923 5710 lib.
2975 5646 3098 5709 t.'n.
3137 5654 3221 5719 15,
3255 5667 3281 5704 a
3325 5664 3473 5724 mss.
3499 5646 3674 5724 abesse
3699 5650 3776 5724 Ψ

2214 5708 2542 5795 notavimus.
2596 5708 2719 5782 Mtix
2750 5708 2862 5794 ms.
2886 5727 3100 5782 Martio.
3137 5708 3339 5795 donans
3363 5721 3500 5793 uobis
3519 5708 3768 5795 omnium:

2214 5801 2365 5928 {:‘c’tu,I
2407 5793 2680 5928 (ἓιιιυῖιξοιιο
2709 5791 2906 5872 legitur
2951 5798 3048 5855 lib.
3094 5815 3152 5868 χ,
3205 5791 3260 5853 tt.
3292 5789 3384 5866 47,
3435 5803 3579 5850 secus
3620 5789 3770 5842 autem

2239 5923 2252 5926 ,λ
2299 5913 2309 5926 α
2373 5916 2384 5928 .
2462 5915 2471 5925 .
2543 5895 2594 5926 ι),

2237 5871 2309 5930 ib.
2349 5888 2384 5930 ι.
2421 5890 2471 5928 ιι.
2511 5873 2594 5926 13,
