3988 6332
224 325 324 385 289

1437 327 1524 385 DE
1563 322 1937 386 TRINITATE
1974 324 2181 384 LIBER
2219 326 2311 385 IX.

3415 327 3527 394 290

221 443 428 498 trarium
482 441 627 499 nobis
652 457 672 499 .°
698 450 746 498 et
789 441 964 516 ipsum
1006 441 1123 499 tulit
1150 458 1178 499 e
1204 442 1394 512 medio,
1425 444 1635 517 unigena
1678 442 1815 498 illud
1842 448 1898 508 Α
1924 443 2028 498 tuis
2058 443 2321 509 excitans,
2350 443 2440 514 qui
2463 450 2548 502 est
2568 452 2693 501 ante
2716 450 2946 501 mortem
2974 440 3222 502 Christus
3239 452 3519 517 operatus,

218 537 351 591 cruci
377 552 397 591 :
424 537 505 609 (l)
536 546 720 593 exutus
745 553 971 603 caruerit,
1001 546 1050 592 et
1076 545 1347 608 potestates
1371 537 1592 593 ostentui
1615 553 1723 591 esse
1744 535 1815 606 {e-

215 630 298 696 cit,
320 632 649 703 trittmphatis
677 632 756 686 his
786 631 863 705 (tt)
882 633 937 687 iu
960 634 1235 706 semetipso
1260 631 1426 703 (Ibid.
1456 633 1525 689 i3
1547 642 1596 702 et
1619 635 1811 704 seqq.).

215 724 576 796 Apostolieam
605 727 764 782 [idem
788 726 971 783 smculi
1000 727 1162 783 homo
1189 741 1296 783 non
1324 728 1487 799 capit,
1517 738 1572 784 et
1593 726 1668 799 (b)
1691 741 1816 782 sen-

213 834 299 877 sus
341 822 422 877 sui
465 820 610 877 dicta
639 822 781 878 alius
809 830 1007 892 praeter
1048 837 1212 894 quam
1263 822 1433 893 ipsius
1474 836 1656 878 sermo
1704 835 1812 876 non

214 912 461 986 explicat.
492 915 636 971 Deus
655 912 934 971 Christum
965 931 994 971 a
1042 917 1272 972 mortuis
1301 917 1524 983 excitat,
1549 926 1605 973 et
1630 915 1816 972 Chris-

214 1015 317 1064 tum
346 1008 401 1064 in
447 1024 554 1081 quo
597 1011 957 1080 corporaliter
995 1010 1296 1067 divinitatis
1328 1010 1606 1081 plenitudo
1653 1010 1804 1066 inha-

213 1100 361 1158 bitat.
393 1102 501 1160 Sed
529 1103 929 1160 convivitieavit
959 1119 1059 1161 nos
1097 1120 1221 1161 cum
1249 1105 1366 1171 illo,
1414 1105 1625 1162 donans
1656 1105 1813 1161 nobis

213 1205 451 1269 peccata,
494 1205 553 1253 et
594 1193 786 1255 dele‘ns
814 1199 1233 1270 chirographum
1279 1197 1354 1272 (c)
1396 1198 1532 1271 legis
1579 1198 1806 1270 peccati,

210 1291 348 1364 quod
377 1308 473 1364 per
497 1294 797 1349 sententias
823 1295 1128 1349 anteriores
1156 1296 1487 1349 contrarium
1513 1294 1673 1350 nohis
1693 1302 1814 1350 erat

212 1383 308 1442 hoc
330 1386 527 1442 tollens
570 1385 640 1442 de
690 1386 889 1453 medio,
922 1394 978 1442 et
1005 1388 1151 1443 cruci
1180 1385 1429 1458 amgens,
1464 1389 1655 1444 mortis
1693 1389 1813 1459 lege

212 1492 370 1534 carne
417 1492 540 1535 sese
585 1478 865 1549 spolians,
915 1487 1217 1551 potestates
1260 1481 1498 1536 ostentui
1548 1480 1807 1549 reddens,

214 1573 551 1644 triumphalis
579 1573 663 1629 his
709 1575 762 1630 in
792 1576 1108 1645 semetipso.
1137 1575 1206 1631 Et
1233 1575 1301 1631 de
1340 1575 1687 1647 triumphatis
1710 1590 1811 1647 po-

213 1669 492 1724 testatibus
519 1670 575 1725 in
614 1670 933 1741 semetipso,
963 1679 1129 1742 atque
1167 1674 1403 1729 ostentui
1431 1673 1678 1743 redditis,
1711 1673 1810 1729 de-

211 1759 423 1831 letoque
448 1760 833 1832 chirographo,
885 1763 1277 1832 viviﬁcatisque
1304 1764 1480 1834 nobis,
1510 1765 1621 1836 jam
1651 1779 1812 1837 supe-

1919 548 1972 593 et
2006 537 2147 593 idem
2171 538 2241 595 sit
2264 526 2505 609 spolians
2532 556 2591 596 se
2610 556 2775 597 carne
2805 540 3120 597 moriturus.

1992 631 2081 687 Η.
2107 631 2237 687 Caro
2263 631 2482 704 spoliata
2505 640 2553 687 et
2573 648 2728 689 carne
2750 649 2810 688 se
2827 631 3058 705 spolians
3082 642 3214 689 unus
3240 640 3315 688 est
3342 630 3524 688 Chris-

1917 735 2082 780 tus.—-
2095 725 2289 782 Jamne
2309 726 2618 797 apostolicae
2650 725 2774 783 ﬁdei
2801 735 3198 783 sacramentum
3224 724 3521 798 intelligis?

1914 819 2106 876 iamne
2135 818 2407 876 Christum
2429 820 2704 892 cognitum
2734 820 2941 877 habes?
2969 820 3169 890 Quaero
3204 821 3348 877 enim
3378 834 3409 875 a
3442 829 3520 889 te,

1915 914 2037 985 quis
2067 913 2137 969 sit
2164 928 2331 971 carne
2359 929 2420 971 se
2465 914 2727 986 spolians,
2758 925 2813 971 et
2834 931 2956 987 qua:
2979 916 3052 972 sit
3096 930 3226 972 caro
3266 914 3356 970 illa
3383 928 3516 987 spo-

1914 1007 2086 1064 liata?
2115 1008 2353 1080 Duplicis
2378 1010 2523 1066 enim
2553 1011 2927 1081 intelligentia:
2965 1010 3035 1068 ab
3062 1009 3325 1081 Apostolo
3350 1018 3513 1067 teneo

1916 1100 2387 1171 signiﬁcationem,
2433 1102 2679 1175 spoliata:
2720 1103 2925 1172 carnis,
2977 1120 3146 1177 seque
3189 1119 3356 1162 carne
3394 1120 3523 1178 spo-

1913 1193 2096 1250 liantis
2120 1211 2137 1250 :
2168 1204 2224 1252 et
2240 1196 2382 1252 inter
2411 1195 2524 1252 hrec
2539 1179 2810 1253 Christum
2833 1197 2998 1253 audio
3024 1212 3120 1268 per
3141 1198 3517 1269 operationem

1916 1288 2011 1346 Dei
2059 1305 2089 1346 a
2144 1291 2371 1347 mortuis
2418 1293 2730 1349 excitatum.
2782 1292 2851 1348 Et
2902 1308 3024 1348 cum
3066 1292 3140 1348 sit
3182 1290 3458 1348 Christum
3486 1308 3520 1349 a

1916 1385 2145 1439 mortuis
2173 1385 2414 1441 excitans
2441 1385 2608 1452 Deus,
2638 1386 2817 1456 sitque
2846 1395 2902 1443 et
2924 1386 3176 1443 Christus
3201 1386 3466 1443 excitatus
3486 1401 3521 1445 a

1914 1478 2182 1533 mortuis:
2209 1479 2484 1551 interrogo
2503 1479 2626 1552 quis
2650 1491 2734 1537 est
2752 1495 2919 1538 carne
2944 1496 3004 1538 se
3033 1481 3293 1552 spolians,
3321 1488 3375 1538 et
3395 1481 3518 1553 quis

1914 1579 2000 1626 est
2041 1571 2311 1628 Christum
2342 1588 2373 1628 a
2403 1574 2629 1630 mortuis
2673 1575 2940 1642 excitans,
2974 1590 3181 1648 nosque
3225 1561 3515 1632 viviﬁcans

1915 1679 2037 1720 etim
2066 1664 2319 1721 Christo?
2352 1666 2409 1723 Si
2436 1668 2581 1724 enim
2631 1684 2739 1724 non
2769 1669 2910 1726 idem
2957 1676 3045 1727 est
3087 1669 3336 1727 Christus
3376 1684 3523 1728 mor-

1918 1764 2060 1822 tuus,
2093 1758 2181 1828 qui
2226 1767 2309 1814 est
2351 1773 2478 1814 caro
2521 1759 2788 1831 Spoliata;
2824 1762 3007 1818 carnis
3036 1761 3281 1831 spoliata:
3321 1777 3520 1820 nomen

212 1855 317 1910 rius
342 1854 460 1930 (tib.
492 1870 548 1922 ι,
576 1872 632 1911 ιι.
665 1855 754 1928 i3)
788 1859 1159 1914 tractavimus.
1198 1860 1308 1915 lloc
1340 1875 1472 1915 vero
1501 1874 1812 1916 sacramen-
1840 1856 1890 1916 B
1916 1849 2179 1907 οδιεηάοε
2209 1861 2265 1909 θι
2291 1866 2477 1908 rursus
2516 1864 2764 1909 malum"!
2809 1854 2947 1924 eius,
2999 1855 3091 1926 qui
3117 1869 3177 1911 se
3202 1869 3369 1912 came
3395 1869 3525 1927 3P0-

214 1954 318 2003 tum
345 1949 469 2020 quis
494 1949 579 2005 vel
607 1949 1002 2019 apprehendat,
1035 1952 1119 2007 vel
1145 1951 1311 2026 266
1332 1953 1654 2023 eloquetur?
1681 1953 1813 2010 Sus-

215 2044 340 2098 eitat
359 2044 600 2114 operatio
626 2043 722 2099 Dei
743 2043 1025 2101 Christum
1052 2060 1081 2100 a
1112 2046 1360 2111 mortuis,
1391 2055 1446 2102 et
1469 2046 1587 2103 hare
1614 2046 1811 2103 eadem

222 2135 315 2190 Dei
332 2138 567 2207 Operatio
597 2153 695 2193 nos
721 2138 955 2194 viviﬁcat
974 2153 1097 2195 cum
1125 2137 1365 2207 Christo,
1396 2148 1453 2196 et
1474 2139 1590 2195 hate
1618 2140 1809 2197 eadem
1840 2164 1849 2171 ε

224 2231 301 2306 (τι)
327 2236 561 2302 operatio
603 2233 775 2290 donat
802 2244 1043 2306 peccata,
1092 2232 1518 2313 chirographum
1549 2235 1694 2291 delet
1715 2277 1729 2302 ,
1758 2244 1815 2291 et

215 2325 377 2398 afﬁgit
404 2328 549 2383 cruci
594 2347 609 2384 :
654 2342 879 2383 carnem
918 2342 978 2383 se
1025 2328 1197 2395 exuit,
1249 2336 1544 2399 potestates
1571 2327 1810 2384 ostentui

213 2418 408 2486 reddit,
439 2434 503 2474 ac
527 2418 597 2475 de
624 2418 709 2475 his
735 2419 790 2475 in
815 2420 1115 2491 semetipso
1139 2419 1453 2491 triumphat.
1484 2419 1661 2477 [Iabes
1681 2435 1811 2489 ope—

210 2513 474 2583 rationem
500 2512 601 2571 Dei
644 2511 921 2571 Christum
962 2530 993 2569 a
1026 2515 1255 2570 mortuis
1279 2515 1572 2570 excitantis
1597 2532 1611 2570 :
1641 2514 1811 2571 habes

208 2615 260 2663 et
285 2606 562 2663 Christum
596 2608 711 2665 haec
742 2610 855 2681 ipsa
886 2611 941 2665 in
988 2625 1049 2667 se
1076 2625 1197 2682 quas
1244 2609 1388 2667 Deus
1436 2618 1698 2682 operatur
1740 2609 1812 2687 (e)

206 2711 543 2773 operantem.
578 2700 825 2760 Christus
843 2703 989 2759 enim
1011 2713 1257 2759 mortuus
1278 2711 1382 2768 est,
1412 2718 1578 2761 carne
1599 2719 1659 2760 se
1686 2718 1815 2775 spo‘

207 2793 360 2851 iians.
381 2794 534 2851 Tene
559 2811 688 2867 ergo
706 2796 983 2851 Christum
1003 2796 1279 2853 hominem
1306 2812 1335 2850 a
1356 2797 1468 2852 Deo
1487 2812 1554 2853 ex
1586 2798 1814 2855 mortuis

206 2888 529 2955 excitatum,
564 2898 690 2947 tene
736 2890 906 2947 Deum
956 2892 1230 2947 Christum
1261 2891 1453 2948 salutis
1482 2902 1681 2948 nostra:
1731 2890 1811 2966 (2)

207 2982 579 3050 Operationem
620 2999 744 3039 cum
798 2995 947 3041 esset
994 2986 1289 3041 moriturus
1336 2998 1653 3055 operantem
1694 3002 1708 3040 :
1753 2995 1813 3041 ut

207 3089 321 3131 cum
355 3076 474 3132 haec
493 3076 638 3133 Deus
666 3088 921 3149 operatur
947 3075 1001 3132 in
1025 3075 1266 3145 Christo,
1304 3076 1375 3150 (Γ)
1404 3092 1642 3148 operans
1684 3078 1813 3135 licet

208 3168 368 3239 Deus,
422 3169 662 3241 spolians
687 3185 749 3226 se
794 3179 971 3227 tamen
1002 3169 1251 3227 Christus
1300 3185 1466 3227 carne
1514 3171 1810 3228 moriturus

204 3261 306 3318 sit:
333 3273 388 3319 et
420 3278 543 3318 cum
576 3274 822 3319 mortuus
848 3272 934 3319 est
957 3261 1225 3329 Christus,
1248 3279 1480 3334 Operans
1508 3272 1635 3321 ante
1663 3280 1810 3321 mor-

1914 1944 2083 2011 liavit,
2132 1960 2367 2016 expone.
2420 1948 2583 2022 367
2637 1948 2901 2006 Eumdem
2954 1950 3098 2006 enim
3149 1965 3272 2007 esse
3300 1951 3522 2009 invenio

1915 2036 2083 2092 Deum
2113 2036 2387 2096 Chrismm
2435 2056 2465 2096 ιι
2510 2042 3062 2105 mortuisexeitatum
3085 2086 3100 2110 ,
3150 2044 3242 2117 qui
3271 2059 3435 2102 carne
3462 2059 3524 2103 se

1913 2131 2185 2202 spoliavit,
2218 2144 2274 2189 et
2303 2149 2516 2190 rursum
2540 2135 2827 2206 spoliatam
2855 2150 3076 2193 carnem
3097 2135 3376 2193 Christum
3396 2152 3523 2197 esse

1915 2239 1944 2280 a
1978 2227 2204 2282 mortuis
2246 2227 2536 2284 excitatum
2567 2248 2581 2284 :
2616 2228 2814 2286 deinde
2841 2229 3175 2302 principatus
3201 2240 3261 2288 et
3283 2241 3524 2303 potesta-

1917 2327 1998 2375 tes
2024 2320 2260 2376 ostentui
2288 2321 2603 2379 reddentem
2655 2331 2709 2379 et
2739 2323 3159 2395 triumphantem
3186 2316 3419 2396 reperio
3464 2325 3521 2384 in

1916 2412 2231 2485 semetipso.
2286 2413 2626 2487 lntelligisne
2674 2415 2817 2474 hunc
2866 2416 3291 2489 triumphantem
3342 2431 3528 2491 potes-

1917 2511 2055 2561 tates
2081 2504 2134 2561 in
2180 2506 2514 2578 semetipso?
2542 2507 2794 2567 Sentisne
2823 2509 2966 2582 quod
3012 2524 3043 2566 a
3089 2525 3148 2567 se
3171 2528 3280 2568 non
3309 2511 3523 2569 diﬂ'erat

1916 2614 2045 2655 caro
2091 2599 2342 2671 spoliata,
2397 2610 2453 2657 et
2503 2615 2668 2659 carne
2693 2616 2753 2659 se
2799 2602 3084 2674 spolianti?
3137 2604 3194 2661 In
3224 2606 3525 2678 semetipso

1916 2695 2062 2750 enim
2090 2696 2408 2767 triumphat,
2438 2695 2492 2752 id
2522 2707 2625 2765 est,
2655 2697 2708 2753 in
2738 2714 2800 2755 ea
2828 2715 2931 2769 qua
2965 2714 3027 2757 se
3056 2715 3223 2756 carne
3243 2700 3521 2772 spoliavit.

1923 2786 2159 2846 Videsne
2207 2789 2279 2845 ita
2327 2789 2496 2847 Deum
2536 2799 2592 2848 et
2619 2790 2893 2849 hominem
2926 2793 3249 2865 praedicari:
3280 2804 3337 2852 ut
3379 2810 3529 2853 mors

1919 2881 2144 2948 homini,
2180 2882 2292 2940 Deo
2320 2899 2453 2940 vero
2501 2884 2685 2940 carnis
2733 2885 2991 2942 excitatio
3035 2887 3362 2959 deputetur;
3416 2903 3526 2946 non

1919 2985 2099 3033 tamen
2131 2985 2188 3032 ut
2217 2976 2355 3033 alios
2385 2977 2453 3033 sit
2495 2977 2585 3048 qui
2615 2986 2861 3034 mortuus
2905 2987 3010 3047 est,
3062 2989 3120 3037 et
3145 2981 3286 3037 alius
3334 2980 3408 3038 sit
3430 2995 3530 3052 per

1915 3086 2074 3143 quem
2128 3080 2375 3127 mortuus
2430 3071 2712 3143 resurgit?
2774 3072 3018 3143 Spoliata
3067 3073 3212 3130 enim
3266 3072 3348 3146 (It)
3393 3088 3526 3131 caro

1912 3162 2160 3221 Christus
2188 3171 2273 3222 est
2316 3173 2561 3221 mortuus
2590 3183 2604 3219 :
2634 3175 2689 3222 et
2712 3181 2900 3223 rursus
2933 3166 3210 3224 Christum
3236 3183 3264 3223 a
3294 3167 3524 3226 mortuis

1915 3259 2178 3324 excitans,
2212 3259 2351 3315 idem
2376 3258 2627 3316 Christus
2656 3268 2742 3317 est
2767 3275 2931 3317 carne
2956 3276 3016 3318 se
3061 3261 3327 3332 spolians.
3357 3258 3523 3318 Natu-

206 3362 309 3411 tem
340 3356 492 3412 Deus
515 3397 531 3421 ,
584 3366 856 3412 mortuum
890 3366 1068 3413 tamen
1119 3355 1396 3412 Christum
1434 3357 1685 3428 operatio
1714 3357 1811 3415 Dei
1841 3338 1886 3402 Ο
1918 3369 2031 3410 ram
2062 3353 2159 3409 Dei
2204 3353 2256 3409 in
2286 3353 2488 3410 virtute
2534 3356 2950 3413 resurrectionis
2979 3356 3221 3429 intellige
3249 3374 3263 3412 :
3294 3356 3520 3430 dispen-

204 3451 439 3517 excitet;
466 3464 588 3506 cum
616 3448 735 3522 ipse
761 3450 832 3506 sit
876 3448 1041 3520 (idem
1072 3448 1165 3522 sit)
1197 3447 1274 3521 (g)
1300 3447 1577 3506 Christum
1608 3465 1636 3505 a
1666 3465 1812 3508 mor-

275 3608 322 3681 (l
334 3608 358 3683 )
406 3606 610 3665 Exuttts
636 3624 816 3666 carne.

275 3748 350 3821 (ιι)
399 3747 460 3803 In
492 3763 594 3804 ms.
637 3749 861 3805 Carnut.
894 3746 981 3804 hic
1023 3746 1238 3821 additur
1267 3763 1383 3802 cum
1405 3746 1653 3821 ﬁducia:
1675 3747 1819 3821 quod

205 3819 364 3878 etiam
396 3830 571 3877 exstat
603 3821 700 3876 lib.
729 3836 768 3885 ι,
798 3837 853 3875 ιι.
892 3821 975 3887 ⁸5,
1017 3830 1071 3875 et
1097 3819 1189 3876 lib.
1220 3836 1274 3883 x,
1306 3837 1360 3874 n.
1391 3819 1482 3883 47,
1539 3819 1626 3874 ubi
1673 3820 1813 3876 idem

204 3894 292 3949 ille.
316 3893 479 3948 locus
507 3909 613 3948 non
636 3892 826 3947 eodem
853 3906 1075 3962 prorsus
1097 3892 1259 3946 modo
1278 3892 1585 3947 exhibetur.
1625 3892 1678 3945 In
1709 3907 1810 3947 ms.

201 3965 320 4021 Vat.
354 3967 478 4021 bas.
509 3974 563 4021 et
588 3964 802 4019 Martio.
833 3974 1022 4019 exutus
1061 3979 1285 4021 carnem.
1326 3973 1375 4018 et
1420 3963 1737 4035 principatus
1764 3974 1813 4020 et

200 4047 478 4107 potestates
509 4036 867 4103 dehonestans,
898 4045 945 4090 et
972 4051 1089 4107 cum
1116 4036 1311 4107 ﬁducia
1337 4035 1680 4104 triumphans.
1713 4035 1810 4092 ilic

200 4106 379 4166 autem
415 4108 706 4180 diligenter
726 4106 1155 4174 observandum,
1201 4107 1341 4177 quod
1370 4116 1553 4160 exutus
1578 4122 1803 4180 carnem,

202 4197 305 4238 non
341 4177 582 4252 passive,
614 4178 709 4252 sed
754 4181 930 4252 active
975 4191 1238 4252 sumatur,
1289 4180 1443 4250 quasi
1497 4177 1728 4252 spoljans
1755 4196 1809 4233 se

199 4249 378 4318 carne,
434 4251 708 4319 quomodo
764 4251 962 4321 legitur
1008 4249 1401 4319 inl'ra,lib.’x,
1449 4265 1504 4304 ιι.
1538 4250 1646 4321 ᾼἹ,
1699 4249 1808 4305 into

199 4328 361 4380 etiam
396 4324 486 4379 hic
510 4323 596 4379 ubi
623 4319 932 4378 cadettt'tlla
957 4323 1116 4378 verba
1143 4321 1505 4392 explicantur.
1537 4319 1607 4375 Et
1629 4320 1682 4376 in
1708 4321 1807 4377 hac

198 4398 421 4468 quidem
452 4395 845 4468 significatione
872 4394 1043 4449 activa
1074 4402 1182 4449 stat
1226 4401 1336 4448 tota
1385 4392 1467 4447 vis
1501 4394 1809 4462 argumenti

196 4467 604 4540 subsequentis.
637 4467 972 4540 Quamquam
1002 4480 1099 4540 pro
1122 4475 1338 4540 Aemulus
1371 4479 1580 4519 carnem
1624 4472 1672 4519 et
1713 4482 1806 4536 po-

197 4537 430 4603 testates,
463 4540 625 4595 modo
653 4541 705 4593 in
732 4538 916 4593 latinis
962 4537 1239 4592 codicibus
1273 4540 1449 4608 legere
1480 4544 1585 4601 est,
1618 4552 1806 4605 exspo-

197 4612 332 4669 lians
360 4612 685 4685 ptjttcipalus
713 4626 732 4664 :
761 4610 1214 4685 c0useuti_nut_que
1237 4623 1417 4685 graeca
1445 4609 1799 4685 exemplaria,

196 4680 371 4740 etiam
390 4682 785 4745 Germanense,
818 4681 958 4751 quod
988 4680 1133 4735 Pauli
1165 4681 1423 4751 epistolas
1442 4695 1619 4750 grmce
1648 4689 1702 4735 et
1727 4681 1801 4735 la-

199 4755 311 4813 tine
340 4755 741 4825 complectitur,
768 4752 837 4807 ab
865 4751 1024 4827 anuis
1050 4753 1241 4827 saltem
1268 4751 1417 4827 mille
1434 4760 1734 4827 exaratum,
1760 4753 1810 4807 in
1844 4751 1891 4812 D
1989 4753 2070 4827 (Δ)
2112 4755 2343 4811 Rursum
2376 4755 2462 4810 hic
2493 4751 2654 4827 apud.

196 4843 305 4898 quo
330 4838 388 4883 ιιι
413 4820 610 4882 ἱιιίιιὶἱε
631 4820 808 4881 exstat
826 4823 1242 4898 ἀπεκδυσάμενος
1261 4825 1357 4898 τὰς
1378 4824 1572 4898 ἀρχάς.
1602 4820 1805 4898 verum

196 4895 262 4973 ex
295 4900 564 4955 vocabulo
588 4901 691 4973 τὰς
710 4898 889 4973 ἀρχὸις
920 4897 1074 4973 Eicile
1095 4895 1290 4951 eottiici
1314 4895 1487 4966 potuit
1508 4899 1598 4973 ῖὴν
1611 4896 1805 4973 aduena.

195 4971 264 5025 Et
289 4985 443 5027 certe
469 4967 899 5041 Augustinns'de
922 4968 1298 5041 Peccat._mer.
1323 4977 1377 5022 et
1394 4967 1605 5022 remiss.
1633 4983 1682 5041 c.
1712 4969 1803 5035 27,

200 5054 255 5096 ct
279 5043 380 5098 lib.
418 5058 511 5097 xvr
537 5039 723 5098 contra
750 5039 1010 5095 Faustum
1055 5053 1105 5094 c.
1136 5039 1229 5104 29,
1263 5053 1474 5094 necnon
1504 5041 1570 5094 de
1616 5039 1806 5108 Agaue

195 5113 409 5170 Christ.
444 5129 494 5169 c.
526 5116 583 5183 2,
616 5129 737 5169 cum
772 5122 958 5167 nostro
988 5110 1192 5167 Hilario
1234 5112 1362 5182 legit
1386 5126 1573 5166 exuens
1614 5126 1666 5164 se
1692 5127 1807 5183 car-

195 5202 337 5241 nent.
374 5187 464 5244 Sic
491 5195 546 5242 et
570 5182 891 5241 Ambrosius
945 5183 1039 5238 lih.
1097 5198 1131 5237 v
1176 5183 1230 5239 in
1274 5183 1493 5249 Lucam,
1552 5198 1605 5236 ιι.
1656 5182 1802 5237 107ε

205 5255 426 5316 Exuens
451 5276 505 5314 se
529 5273 734 5312 carnem
763 5255 1086 5327 principatus
1114 5265 1159 5308 et
1188 5264 1464 5326 potestates
1491 5269 1666 5327 omnes
1694 5265 1821 5327 ξιξ-(ιθ

103 5372 113 5385 .
204 5330 387 5395 duxit,
440 5339 495 5386 et
541 5330 682 5385 libro
734 5324 790 5383 tit
836 5327 902 5383 de
940 5324 1086 5382 Fide
1133 5324 1296 5382 θέει
1334 5327 1435 5396 Qui
1478 5324 1640 5396 alliin
1685 5325 1821 5381 illud

205 5402 685 5474 (chirographum)
709 5400 868 5474 crugi,
896 5414 1105 5454 carnem
1131 5414 1184 5474 se
1207 5399 1392 5474 exuit:
1419 5403 1508 5474 sed
1538 5396 1819 5474 Paternon

197 5468 252 5526 se
268 5468 425 5528 exuit
438 5468 778 5539 cat-neuneu.
799 5471 1022 5525 Detnum
1048 5469 1184 5538 apud
1203 5471 1452 5526 eumdem
1466 5468 1816 5525 Ambrosium

205 5555 412 5601 auctor
440 5545 625 5601 Tract.
652 5545 705 5599 in
729 5542 1048 5616 Symbolum
1082 5540 1467 5612 Apostolorum
1498 5559 1510 5595 :
1548 5539 1676 5616 Non
1697 5556 1817 5616 ergo

196 5619 535 5691 eujusquant_
547 5619 672 5691 jure
696 5632 755 5691 ac
774 5612 1028 5685 potestate
1054 5623 1337 5691 exutus'est
1381 5628 1558 5691 carne,
1585 5612 1676 5668 sed
1704 5612 1816 5691 ipse

197 5686 447 5760 seexuit.
485 5686 623 5744 Nam
665 5689 751 5759 qui
780 5696 943 5760 potest
994 5703 1094 5740 non
1136 5686 1338 5760 utori‘si
1404 5686 1580 5750 nollet,
1632 5686 1814 5757 procul

198 5759 368 5831 dubio
408 5764 529 5831 quia
558 5757 716 5815 voluit
745 5757 979 5831 mortuus
1006 5769 1102 5816 est.
1137 5757 1288 5826 Quod
1311 5760 1383 5812 ita
1428 5773 1535 5831 esse
1557 5771 1813 5831 compro-

198 5830 337 5888 bans
370 5829 644 5903 Apostolus
687 5833 782 5894 ait,
836 5830 1072 5903 spolium
1097 5847 1151 5886 se
1177 5845 1349 5903 carne,
1401 5829 1812 5903 principatttset

202 5898 491 5981 potestates
534 5898 877 5980 exetnptavitﬁ
896 5900 1011 5959 Hoc
1040 5910 1218 5960 tamen
1247 5901 1325 5959 illi
1365 5898 1434 5958 ab
1478 5898 1680 5959 Hilario
1710 5898 1815 5955 dif-

1917 3450 2182 3506 sationem
2214 3447 2453 3505 hominis
2481 3447 2535 3504 in
2580 3460 2757 3507 morte
2801 3464 3092 3523 cognosce.
3142 3450 3211 3509 Et
3250 3467 3372 3509 cum
3416 3451 3529 3510 sint

1998 3608 2080 3684 (2)
2125 3608 2452 3680 Operatioue.

1932 3745 2132 3830 ferunt,
2163 3749 2314 3830 quod
2334 3756 2463 3830 post.
2484 3765 2772 3830 exuettsse
2801 3767 3029 3830 carnem,
3082 3753 3342 3830 adjiciunt
3382 3756 3529 3830 prin-

1923 3821 2146 3891 cipntus,
2172 3821 2314 3893 quod
2354 3822 2575 3878 verbum
2604 3821 2837 3879 Hilarius
2865 3821 3118 3882 omittere
3139 3821 3278 3884 solet
3306 3821 3526 3893 :qitam-

1921 3894 2001 3946 vis
2026 3902 2202 4020 Militi"
2232 3893 2422 3950 eadem
2454 3894 2618 3950 lectio
2640 3910 2748 3951 non
2784 3896 2962 3968 ignota
2979 3898 3027 3954 ei
3057 3898 3239 3968 fuerit,
3272 3909 3331 3955 ut
3355 3893 3527 3973 liquet

1921 3978 1982 4018 ex
2018 3982 2070 4019 u.
2181 4003 2197 4020 .

1918 3978 1982 4018 εχ
2018 3982 2070 4019 ΙΙ.
2108 3978 2197 4020 11.

1989 4036 2083 4114 (ὁ),
2104 4035 2160 4090 In
2189 4052 2292 4092 ms.
2325 4036 2448 4114 Vat,
2482 4036 2622 4105 has.,
2651 4055 2832 4114 sensus
2860 4043 2991 4114 ejus.
3032 4040 3150 4097 Non
3177 4042 3521 4114 estaudien-

1914 4105 2323 4185 dus_Erasmtt_s,
2356 4110 2447 4185 qui
2468 4111 2855 4185 excessusAIoco
2877 4105 3061 4185 'seusus
3089 4112 3375 4185 legendum
3398 4130 3523 4174 esse

1912 4179 2199 4251 conjectat.
2238 4181 2350 4236 Hoc
2377 4179 2479 4237 sibi
2513 4182 2627 4236 vult
2655 4199 2667 4236 :
2700 4182 2850 4238 Pauli
2886 4183 3043 4239 iidem
3080 4179 3241 4241 ho'mo
3265 4190 3381 4242 sola
3413 4202 3521 4244 sa:-

1912 4251 2019 4306 culi
2056 4252 2317 4328 sapientia
2348 4252 2645 4328 instructus
2692 4271 2796 4328 non
2827 4256 3156 4328 assequitur,
3204 4274 3380 4328 neque
3404 4259 3522 4316 dic-

1914 4325 2643 4404 torumill_ius_inte_rpr_etatio
2661 4325 2878 4383 aliunde
2906 4325 3193 4400 repetenda
3221 4325 3327 4398 est,
3357 4346 3520 4404 quam

1916 4408 1986 4449 ex
2012 4396 2133 4451 aliis
2161 4396 2329 4464 ipsius
2356 4396 2533 4451 dictis.

1991 4465 2061 4539 (c)
2102 4467 2256 4537 Quod
2306 4469 2392 4523 hic
2422 4468 3109 4546 l_lilarius__cttirographnm
3134 4472 3263 4546 legis
3303 4474 3516 4546 peccati,

1912 4547 1968 4616 et
2000 4553 2370 4616 supraLnum.
2424 4540 2494 4616 7,
2528 4539 3036 4616 sitnpliciter'leg'em
3080 4539 3317 4616 peccati}
3363 4539 3522 4604 vocat

1910 4608 1948 4684 l_.
1983 4626 2024 4677 ι,
2056 4608 2109 4684 ti.
2144 4613 2213 4684 15
2240 4628 2255 4665 :
2281 4614 2582 4684 sententiam
2602 4608 2799 4674 uim-tis.
2835 4608 3045 4672 favénte
3080 4608 3449 4684 Tertulliano,
3479 4620 3519 4677 1.

1905 4681 1974 4737 de
1986 4683 2245 4760 Pudicitia
2263 4700 2317 4739 ιι.
2345 4683 2431 4760 19,
2454 4686 2541 4738 ttbi
2564 4684 2689 4760 legit
2688 4702 2726 4760 _:
2746 4685 2934 4760 donato
2954 4689 3298 4760 chirographo
3318 4681 3519 4748 mortis.

2687 4755 2807 4836 Er._,_
2836 4757 3054 4829 Lips.et
3082 4755 3231 4829 Parl,
3263 4761 3365 4819 Dei
3391 4779 3520 4836 ope-

1918 4826 2055 4881 ratio
2082 4842 2102 4882 :
2130 4826 2260 4881 Bad.
2286 4836 2342 4883 et
2367 4843 2471 4883 tns.
2504 4826 2916 4886 dissidentibus.
3215 4826 3224 4829 “
3425 4826 3436 4836 ’
3477 4837 3483 4847 '

1987 4897 2064 5040 ἕρ)
2106 4897 2268 4955 Solus
2294 4898 2465 4955 codex
2497 4897 2618 4955 Vat.
2648 4899 2790 4969 has.,
2815 4912 3101 4970 operatum.

2010 4972 2055 5040 Γ)
2098 4969 2315 5038 Excud,
2344 4979 2579 5040 operetur
2607 4971 2723 5026 licet
2751 4991 2764 5026 :
2797 4986 2984 5031 contra
3016 4977 3101 5033 iidt

2098 4969 2315 5038 Excud,
2344 4979 2579 5041 operetur
2607 4971 2723 5026 licet
2751 4991 2764 5026 :
2797 4969 2984 5031 centra
3016 4977 3172 5034 iidem
3203 4994 3336 5036 mss.

2017 5041 2072 5116 g)
2114 5041 2254 5116 Editi
2282 5053 2509 5110 excepto
2526 5042 2655 5116 Par.
2684 5041 2919 5102 Christus
2943 5065 2975 5102 a
3000 5050 3217 5106 mortuis
3242 5052 3520 5110 excitatus:

1919 5114 2322 5185 refragantibus
2350 5115 2587 5184 scriptis.

1990 5184 2085 5259 (It)
2110 5185 2263 5253 Apud
2291 5185 2525 5242 Leonem
2558 5188 2716 5258 epist.
2760 5204 2913 5246 novae
2940 5192 3195 5249 editionis
3233 5208 3430 5250 cxxxrv
3453 5194 3522 5250 ad

1927 5255 2163 5336 _Lco_nem
2192 5258 2490 5336 Augustum
2514 5274 2560 5315 c.
2591 5255 2647 5336 3,
2674 5262 2765 5316 ubi
2791 5262 2906 5318 hmc
2928 5263 3137 5336 aliaque
3163 5263 3350 5320 Hilarii
3380 5268 3523 5323 dicta

1926 5328 2234 5406 laudantur.
2268 5328 2495 5406 spoliata
2535 5332 2672 5386 enim
2701 5349 2857 5389 carne
2886 5348 2906 5389 :
2935 5328 3094 5391 male.
3121 5336 3392 5406 Quidquid
3421 5337 3526 5396 hoc

1924 5400 2067 5474 libro
2097 5400 2359 5474 hactenus
2385 5403 2715 5474 disputatum
2740 5414 2846 5471 est,
2876 5407 2970 5462 sed
2999 5407 3114 5462 haec
3140 5400 3374 5464 maxime
3394 5425 3524 5467 sen-

1922 5473 2119 5546 tentia,
2170 5472 2224 5529 in
2270 5490 2393 5530 eum
2423 5472 2529 5529 non
2575 5479 2851 5545 convenit,
2902 5481 2991 5546 qui
3044 5479 3266 5534 verbum
3299 5495 3327 5535 a
3359 5497 3525 5540 carne

1922 5544 2125 5601 Christi
2153 5556 2366 5602 mortua
2391 5555 2696 5618 separatum
2721 5544 2970 5607 senserit.
3008 5549 3164 5607 Unde
3196 5551 3431 5609 Hilarius
3456 5554 3528 5613 ab

1923 5631 1986 5672 ea
2008 5617 2265 5687 opinione
2288 5636 2392 5674 non
2417 5617 2687 5675 immerito
2710 5621 2949 5676 creditur
2969 5621 3196 5679 alienus.
3224 5625 3356 5680 Cum
3381 5628 3527 5683 enim

1921 5702 2086 5769 carne
2111 5704 2172 5747 se
2193 5691 2455 5769 spoliatis,
2491 5691 2893 5769 ear9_5poli_a_ta,
2918 5704 2973 5750 et
2994 5707 3212 5769 carnem
3239 5697 3530 5769 spoliatam

1922 5763 2166 5837 excitans
2196 5763 2297 5833 ipsi
2329 5777 2466 5819 unus
2493 5771 2549 5837 et
2591 5762 2734 5818 idem
2765 5764 3013 5821 Christus
3042 5767 3133 5837 sit,
3167 5762 3364 5826 nec-sit
3385 5785 3531 5829 unus

1921 5834 2128 5890 unitate
2158 5834 2511 5908 naturae,_sed
2544 5848 2789 5908 personas
2819 5854 2832 5891 :
2867 5834 3263 5908 sequitur'eum
3291 5843 3531 5904 sensisse

1920 5919 2210 5976 personam
2241 5905 2405 5964 Verbi
2426 5906 2577 5964 carni
2600 5906 2845 5981 spoliata:
2873 5905 3099 5971 unitam.
