3988 6332
514 347 528 365 κ
547 320 648 393 tot

545 552 726 608 Jesum
753 567 874 608 eum
907 562 1176 608 memento
1206 565 1348 617 esse,
1374 551 1463 621 qui
1489 560 1776 622 utrumque
1803 561 1909 606 est.

620 647 707 703 1‘2.
749 646 981 703 Christus
1027 663 1122 702 sua
1169 647 1357 701 uirtute
1405 647 1686 701 suscitatur
1713 661 1732 700 :
1759 662 1854 700 cur
1891 647 1989 701 hoc
2016 661 2148 716 aptis

544 756 663 795 cum
692 739 859 794 Paulo
886 739 1075 794 tribuat
1115 737 1284 794 Patri.
1312 767 1386 780 --
1411 739 1746 808 Quamquam
1778 737 1924 794 enim
1956 737 2148 793 memi-

547 833 716 888 nerim
767 833 1076 902 frequenter
1121 832 1189 888 ad
1219 833 1392 887 Deum
1441 842 1645 901 patrem
1679 846 1778 902 per
1825 832 2145 900 Apostolutn

545 927 758 991 referri,
787 928 1059 982 Christum
1091 942 1120 982 a
1150 929 1374 982 mortuis
1403 941 1526 983 esse
1545 927 1838 983 excitatum
1869 945 1880 979 :
1910 926 2005 983 sed
2036 942 2144 982 non

543 1033 624 1077 est
649 1022 940 1092 Apostolus
965 1032 1118 1076 extra
1143 1021 1514 1092 evangelicam
1544 1021 1704 1076 (idem
1731 1019 1810 1093 (ιι)
1842 1020 2004 1076 dictis
2033 1018 2147 1074 suis

541 1116 658 1184 ipse
705 1114 1034 1180 contrarius,
1085 1116 1316 1169 maxime
1347 1115 1578 1168 Domino
1627 1113 1865 1178 dicente,
1923 1111 2148 1180 Propter

539 1207 637 1262 hoc
667 1223 744 1260 me
769 1205 924 1260 Pater
949 1207 1140 1278 diligit,
1171 1206 1309 1275 quod
1353 1221 1448 1276 ego
1489 1221 1626 1277 pono
1673 1205 1902 1259 auinam
1941 1220 2143 1269 meum,

541 1298 618 1373 (b)
639 1311 698 1355 ut
724 1302 905 1355 iterum
930 1302 1183 1371 accipiam
1210 1317 1338 1355 eam.
1371 1298 1541 1354 Nemo
1567 1297 1647 1369 (i)
1677 1299 1820 1354 tollet
1849 1314 1964 1353 eam
1992 1314 2024 1351 a
2043 1311 2144 1360 nte,

537 1395 629 1448 sed
656 1411 749 1464 ego
772 1411 905 1467 pono
929 1411 1038 1449 eam
1066 1412 1097 1447 a
1121 1409 1219 1448 me.
1251 1391 1560 1447 Potestatent
1581 1392 1742 1446 habeo
1769 1390 1994 1463 ponendi
2010 1404 2146 1455 eam;

540 1497 586 1542 et
615 1497 915 1560 potestatem
945 1486 1103 1542 habeo
1133 1486 1322 1548 iterum
1365 1485 1653 1556 accipiendi
1680 1499 1817 1539 caus.
1852 1481 1972 1538 Hoc
2000 1499 2149 1537 nian-

539 1578 720 1634 datum
757 1581 932 1648 accepi
982 1597 1015 1634 a
1060 1577 1220 1634 Patre
1251 1575 1439 1649 (Joan.
1495 1595 1552 1646 ι,
1603 1579 1841 1650 17,18).
1872 1578 1971 1635 Vel
2021 1593 2146 1634 cum

542 1672 866 1741 postulatum
900 1672 966 1727 ab
988 1687 1053 1730 eo
1073 1681 1240 1736 esset,
1271 1679 1332 1728 ut
1357 1671 1569 1740 signum
1591 1671 1660 1727 ad
1693 1671 1853 1727 (idem
1887 1671 1957 1727 de
1978 1687 2038 1728 se
2058 1685 2150 1726 os-

541 1763 805 1830 tenderet,
837 1764 912 1819 ait
939 1763 1007 1820 de
1029 1766 1231 1835 templo
1251 1765 1506 1834 corporis
1531 1764 1637 1831 sui,
1669 1765 1870 1820 Solvite
1891 1765 1987 1820 hoc
2011 1775 2142 1820 tem-

1774 337 2018 398 SANCTI
2061 331 2316 399 illLARil
2357 341 2662 401 EPISCOPI
3694 353 3775 412 ιιι

547 467 774 527 utraque
822 456 934 512 suis
977 464 1126 528 gesta
1178 457 1409 524 naturis,
1462 471 1628 511 unum
1661 466 1841 512 tamen
1872 456 2148 514 Christum
2178 463 2226 520 Α

2331 458 2415 516 15.
2464 460 2686 517 Natura
2705 461 2760 516 in
2785 460 2998 518 Christo
3017 464 3135 519 duae
3153 476 3218 520 ea:
3241 463 3424 520 Paulo.
3455 495 3520 507 --
3547 466 3671 523 lla-2c
3706 473 3781 540 igi-

2252 563 2338 608 tur
2367 554 2554 610 beatus
2583 555 2878 626 Apostolus
2906 556 3140 627 gemina:
3181 558 3232 611 in
3259 557 3470 614 Christo
3497 559 3780 629 signiﬁcatio-

2251 650 2335 703 nis
2365 650 2534 704 tenuit
2563 649 3000 718 praedicationem
3030 661 3086 706 ut
3114 662 3168 706 et
3198 651 3548 709 inﬁrmitatem
3573 655 3618 709 in
3639 671 3693 711 eo
3710 657 3782 712 ho-

2249 740 2432 808 minls,
2455 750 2510 796 et
2535 743 2786 797 virtutem
2812 743 2904 798 Dei
2932 757 2995 797 ac
3015 752 3258 799 naturain
3288 746 3515 812 doceret,
3539 747 3778 802 secundum

2249 829 2378 886 illud
2400 832 2694 889 Corinthiis
2719 835 2926 890 dictum
2954 851 2972 890 :
3006 833 3146 889 Nam
3189 837 3285 890 etsi
3319 837 3582 900 cruci/ins
3615 848 3676 892 est
3721 839 3781 912 (2)

2247 943 2315 981 ea:
2332 927 2634 997 inﬁrmitate
2661 925 2766 1000 (g),
2791 929 2880 984 sed
2909 930 3028 984 uiuit
3057 944 3123 984 ea:
3147 929 3331 982 virtuts
3355 927 3450 982 Dei
3469 927 3534 1000 (ll
3575 929 3677 985 Cor.
3697 947 3782 999 sui,

2249 1021 2331 1089 ι),
2365 1032 2594 1076 mortem
2629 1022 2957 1078 infirmitatis
2981 1025 3250 1086 humana.
3285 1025 3444 1078 vitam
3469 1039 3584 1078 vero
3612 1025 3784 1081 Deivir-

2249 1113 2378 1167 tutis
2409 1112 2702 1170 ostendens
2733 1131 2746 1168 :
2777 1124 2836 1170 et
2858 1115 2990 1170 illud
3020 1115 3088 1170 ad
3115 1115 3410 1181 Romanos,
3445 1115 3588 1182 Quod
3602 1117 3785 1190 enimut)

2249 1217 2478 1263 mortuus
2506 1219 2581 1263 est
2625 1219 2853 1278 peccato,
2905 1221 3139 1265 mortuus
3178 1220 3254 1265 est
3298 1211 3454 1266 semel
3477 1213 3636 1282 :quod
3658 1223 3788 1266 autem

2248 1301 2390 1368 civit,
2417 1301 2537 1356 uiuit
2582 1299 2712 1357 Deo.
2746 1302 2838 1358 Sic
2865 1312 2913 1358 et
2959 1319 3048 1358 vos
3077 1303 3320 1372 deputate
3363 1305 3667 1373 vosmetipsos
3686 1320 3790 1358 inor-

2249 1404 2366 1447 tuos
2391 1393 2598 1464 quidem
2623 1410 2734 1449 esse
2762 1405 2988 1463 peccato,
3018 1396 3186 1452 uiuere
3208 1405 3382 1450 autem
3427 1394 3534 1451 Deo
3562 1398 3611 1451 in
3630 1396 3789 1452 Christo

2248 1485 2376 1543 Iesu
2424 1487 2606 1560 (Rom.
2653 1503 2730 1556 Vl,
2763 1489 2854 1554 10,
2915 1489 3006 1560 11)
3040 1509 3054 1545 :
3085 1503 3315 1546 mortem
3364 1502 3595 1562 peccato.
3647 1492 3689 1546 id
3711 1501 3789 1554 est.

2249 1583 2461 1651 corpori
2493 1594 2678 1637 nostro
2704 1582 3042 1652 adscribens,
3079 1583 3245 1639 vitam
3271 1595 3448 1639 autem
3496 1583 3616 1651 Deo,
3641 1585 3711 1640 cui
3730 1593 3791 1639 est

2252 1676 2494 1730 naturale
2513 1675 2658 1745 quod
2687 1676 2836 1742 vivit,
2868 1687 2923 1732 et
2945 1692 3041 1747 per
3059 1677 3110 1732 id
3132 1694 3234 1734 nos
3257 1679 3473 1746 corpori
3495 1687 3664 1733 nostro
3687 1677 3789 1731 mori

2250 1779 2525 1839 oportere,
2559 1779 2614 1824 ut
2636 1770 2747 1826 Deo
2775 1771 3018 1826 vivamus
3042 1772 3093 1826 in
3115 1770 3334 1828 Christo
3355 1771 3504 1837 Jesu,
3531 1773 3612 1841 qui
3633 1772 3790 1843 peccati

541 1856 706 1926 plum,
729 1866 777 1910 et
799 1873 891 1926 ego
913 1857 966 1910 in
986 1856 1157 1910 triduo
1179 1856 1440 1912 suscitabo
1460 1857 1595 1913 illud
1619 1855 1798 1928 (Joan.
1826 1873 1862 1912 ιι
1881 1899 1894 1921 ,
1924 1858 2020 1922 i9;
2050 1857 2154 1912 vid.
2187 1862 2236 1923 Β
2265 1861 2432 1916 nostri
2460 1876 2658 1931 corpus
2683 1861 2750 1933 (i)
2782 1877 3088 1930 assumens,
3119 1872 3267 1918 totus
3303 1863 3416 1934 iam
3445 1863 3551 1919 Deo
3578 1863 3704 1927 vitii,
3723 1878 3791 1916 ιιι-

537 1959 689 2005 tract.
723 1949 869 2005 Psal.
917 1967 1060 2016 csu,
1096 1968 1238 2004 mou.
1283 1951 1366 2020 6).
1411 1948 1546 2006 Cum
1573 1953 1719 2007 enim
1766 1961 1821 2006 et
1865 1967 1961 2022 per
2005 1951 2147 2007 acci-

541 2044 749 2114 pienda:
793 2045 986 2100 animai
1018 2053 1340 2114 potestatem
1368 2053 1426 2100 et
1474 2060 1569 2114 per
1616 2043 1914 2100 suscitandl
1958 2043 2145 2114 templi

537 2135 791 2191 virtutem
825 2139 996 2206 ipsum
1026 2153 1087 2193 se
1107 2138 1208 2193 sibi
1237 2138 1652 2194 resurrectionis
1697 2152 1813 2191 sum
1847 2137 2016 2193 Deum
2044 2137 2144 2192 do-

537 2239 674 2292 cett,
703 2231 870 2303 368
896 2241 1064 2287 totum
1100 2234 1201 2287 hoc
1225 2244 1406 2288 tamen
1445 2233 1510 2286 ad
1544 2231 1786 2288 mandati
1819 2234 2030 2304 paterni
2061 2231 2144 2304 (c)

538 2322 779 2378 referens
828 2323 1206 2380 auctoritatem
1256 2343 1269 2378 :
1319 2341 1427 2380 non
1480 2325 1754 2381 contrarie
1823 2325 2145 2394 intelligitur

536 2417 848 2486 Apostolus,
879 2418 1156 2474 Christum
1193 2420 1285 2475 Dei
1335 2422 1587 2476 virtutem
1617 2427 1673 2476 et
1699 2420 1793 2475 Dei
1823 2421 2143 2492 sapientiam

537 2511 618 2582 (d)
651 2512 972 2579 priedicans,
1004 2528 1223 2569 omnem
1263 2514 1445 2583 operis
1483 2514 1566 2569 sui
1599 2514 2049 2583 magniﬁcentiam
2073 2511 2144 2585 (ε)

537 2619 632 2673 per
654 2603 706 2658 id
727 2604 793 2658 ad
817 2604 996 2662 Patris
1010 2604 1238 2675 gloriam
1263 2604 1529 2670 retulisse,
1562 2606 1686 2675 quia
1707 2606 1965 2676 quidquid
1988 2605 2144 2660 Chri-

537 2706 655 2750 stus
681 2697 840 2764 gerit,
878 2695 1049 2751 virtus
1082 2697 1173 2751 Dei
1199 2707 1252 2750 et
1279 2697 1546 2766 sapientia
1593 2697 1771 2766 gerit;
1805 2708 1855 2753 et
1883 2695 2144 2768 quidquid

538 2788 712 2842 virtus
741 2787 835 2843 Dei
865 2799 919 2844 et
946 2788 1212 2859 sapientia
1259 2789 1425 2860 gerit,
1452 2789 1571 2846 sine
1615 2789 1781 2845 dubio
1813 2791 1955 2846 Deus
1979 2794 2140 2861 gerit,

536 2880 690 2950 Cujus
712 2889 768 2935 et
787 2879 1050 2948 sapientia
1074 2889 1158 2935 est
1177 2877 1425 2936 Cbrisms
1443 2889 1494 2936 et
1518 2881 1708 2936 virtus.
1738 2882 1980 2954 Denique
2000 2897 2145 2937 nunc

538 2989 635 3044 per
680 2975 1054 3044 operationem
1086 2974 1180 3030 Dei
1225 2975 1494 3030 excitatus
1541 2973 1792 3030 Christus
1841 2990 1870 3029 a
1913 2975 2144 3030 mortuis

533 3065 812 3137 estzquia
861 3081 1027 3137 opera
1078 3066 1175 3122 Dci
1224 3068 1391 3138 patris
1440 3068 1557 3137 ipse
1608 3068 1678 3140 (f)
1708 3078 1899 3124 natura
1950 3085 1979 3124 a
2030 3070 2143 3126 Deo

536 3176 644 3216 non
687 3160 955 3217 dill‘erenti
993 3171 1257 3233 operatus
1301 3171 1406 3218 est.
1461 3162 1530 3218 Et
1578 3165 1631 3218 in
1676 3179 1744 3218 eo
1789 3164 1904 3220 Deo
1957 3179 2140 3222 resur-

533 3256 791 3312 rectionis
837 3256 972 3312 ﬁdes
999 3268 1099 3325 est,
1151 3256 1245 3329 qui
1292 3255 1568 3314 Christum
1599 3261 1881 3316 suscitavit
1930 3275 1962 3316 a
1991 3275 2139 3316 mor-

539 3351 666 3406 tuis.

611 3520 690 3602 (_l)
729 3520 887 3602 Tollit
912 3538 1086 3594 graece
1113 3525 1274 3602 etiam
1300 3525 1528 3581 habetur
1547 3521 1704 3602 αἴρει.
1736 3522 1892 3580 Tollit
1920 3539 2137 3596 quoque

537 3594 732 3665 legitur
755 3595 846 3649 lib.
881 3611 936 3661 ιι,
973 3612 1120 3651 ηιιιιι.
1150 3597 1239 3652 57.

607 3737 687 3806 (a)
726 3735 782 3792 In
812 3736 1078 3807 plerisque
1110 3754 1210 3791 ius.
1241 3735 1363 3790 dicti
1389 3739 1488 3791 sui.
1518 3735 1689 3793 Paulo
1712 3744 1836 3793 ante
1863 3735 1916 3791 in
1943 3736 2131 3804 Carm,

537 3810 851 3876 memineris,
878 3827 982 3864 non
1007 3810 1345 3864 meminerim.

606 3883 682 3952 (ὑ)
726 3881 887 3946 Editi,
915 3892 960 3936 et
985 3883 1168 3936 iterum
1195 3881 1439 3952 recipiant
1469 3895 1487 3935 :
1514 3877 1902 3936 dissidentibus
1930 3895 2062 3934 mss.

606 3953 675 4024 (c)
722 3953 876 4014 B.id..
908 3955 994 4008 lﬁr.
1025 3962 1080 4008 et
1126 3952 1526 4024 Lips.,rc[ert:
1556 3954 1767 4024 absque
1805 3953 2130 4024 auctoritate

535 4023 666 4080 mss.
696 4026 828 4080 Tum
861 4040 956 4092 pro
976 4026 1250 4089 contrarie,
1283 4023 1526 4080 Latinius
1553 4034 1712 4094 atque
1754 4023 2028 4080 Bandiuus
2055 4023 2132 4077 le.

532 4097 762 4166 gendum
789 4095 1178 4166 coajectarunt,
1207 4097 1501 4152 contraire:
1532 4097 1605 4152 nil
1631 4111 1856 4152 necesse
1887 4106 1945 4150 ut
1970 4095 2133 4166 quid-

533 4184 693 4240 quam
723 4170 1052 4226 imtuuletur.

609 4239 688 4314 (d)
726 4241 872 4314 Lips.
897 4252 951 4296 et
977 4241 1124 4306 Par.,
1151 4240 1458 4314 pradicalse
1484 4255 1586 4314 :_ac
1611 4238 1807 4294 deinde
1828 4255 1948 4294 cum
1974 4238 2134 4295 editis

532 4309 676 4377 aliis,
698 4309 994 4383 omnemque
1016 4309 1207 4382 operis,
1237 4322 1342 4367 etc.
1367 4309 1709 4383 Castigaotor
1732 4327 1797 4364 ex
1833 4327 1963 4364 mss.

605 4386 678 4455 (ε)
722 4385 824 4442 Vat
868 4381 986 4441 bas.
1020 4401 1119 4439 ius.
1148 4402 1237 4454 per
1258 4383 1312 4437 id
1333 4384 1468 4452 quod
1495 4383 1563 4437 ad
1597 4381 1766 4455 Patris
1796 4383 2014 4452 gloriam
2047 4399 2130 4455 re-

531 4452 727 4512 tulisset
751 4475 770 4524 ;
795 4457 1106 4527 depravata,
1139 4452 1261 4512 cum
1294 4456 1407 4510 huic
1429 4455 1530 4527 sibi
1551 4453 1757 4527 velint:
1784 4455 1914 4527 Non!
1933 4452 2130 4508 intelli-

530 4531 674 4600 gitur
702 4524 990 4598 Apostolus
1033 4524 1737 4600 sensuproxiuiis__CIn-isti
1771 4525 1950 4579 verbis
1997 4541 2130 4600 con-

533 4595 699 4656 irario
747 4595 812 4656 ad
867 4600 1043 4655 Patris
1084 4599 1311 4670 gloriam
1371 4595 1622 4652 retulisse
1683 4611 1899 4650 omnem
1950 4599 2130 4666 aperis

531 4671 728 4726 Christi
759 4670 1235 4741 magniﬁcentiam.

602 4744 672 4815 (Γ)
712 4744 784 4800 Ita
816 4735 947 4797 υἷες.
995 4741 1132 4815 Vat._
1151 4743 1264 4793 bas.
1308 4747 1363 4795 et
1381 4735 1938 4815 _M_artin.gfaventihus
1981 4740 2123 4815 alii_s.

2251 1963 2386 2009 tunc
2425 1962 2624 2009 nostrae
2655 1955 2916 2011 societate
2945 1955 3024 2026 (ὅ)
3060 1958 3111 2010 in
3151 1958 3582 2013 communionem
3609 1956 3670 2029 (j)
3693 1955 3793 2012 divi-

2247 2064 2335 2104 nae
2364 2048 2786 2104 immortalitatis
2806 2050 2978 2103 unita.

2322 2145 2412 2200 14.
2455 2145 2572 2200 Alia
2605 2144 2722 2210 Dei,
2752 2144 2858 2200 alia
2883 2146 3015 2201 servi
3041 2147 3210 2216 forma
3237 2161 3256 2200 :
3279 2146 3420 2200 idem
3465 2142 3692 2201 Christus.
3727 2142 3792 2198 Dei

2249 2238 2618 2308 (articulatim,
2650 2253 2753 2292 non
2778 2239 2949 2308 periit.
2981 2268 3052 2279 -—-
3083 2237 3210 2293 Haec
3235 2239 3397 2310 igitur
3434 2234 3791 2293 demonstranda

2248 2347 2278 2386 a
2308 2347 2394 2388 me
2427 2333 2611 2404 paucis
2642 2332 2880 2400 luerunt,
2910 2342 2964 2388 ut
2990 2333 3271 2404 utriusque
3295 2343 3504 2388 naturte
3555 2331 3623 2405 (lt)
3650 2344 3790 2401 perso-

2250 2443 2374 2482 nam
2405 2428 2622 2483 tractari
2654 2428 2707 2482 in
2737 2427 2967 2482 Domino
2993 2427 3122 2485 Jesu
3146 2429 3369 2484 Christo
3400 2430 3790 2485 meminissemus:

2247 2521 2372 2591 quia
2405 2521 2492 2590 qui
2517 2521 2568 2575 iu
2601 2522 2770 2577 forma
2817 2521 2913 2577 Dei
2944 2523 3216 2589 manebat,
3245 2521 3414 2595 ξω
3443 2521 3653 2577 formam
3689 2517 3792 2575 servi

2249 2614 2457 2684 accepit
2479 2613 2564 2685 (ι),
2601 2630 2699 2685 per
2723 2629 2884 2684 quam
2908 2615 3171 2670 obodiens
3195 2629 3369 2687 usque
3389 2616 3456 2670 ad
3481 2623 3687 2670 mortem
3705 2612 3789 2665 luit.

2248 2707 2570 2763 Obedientia
2595 2709 2740 2763 enim
2781 2710 2972 2764 mortis
3001 2725 3104 2764 non
3129 2719 3213 2764 est
3243 2710 3294 2763 in
3345 2710 3444 2766 Dei
3484 2709 3656 2770 lorma,
3679 2703 3794 2760 siculi

2251 2815 2351 2857 nec
2373 2802 2468 2857 Dei
2491 2800 2663 2858 forma
2692 2803 2832 2858 inest
2855 2803 2906 2856 in
2934 2803 3104 2857 forma
3128 2804 3291 2857 servi.
3321 2803 3431 2858 Per
3455 2809 3787 2858 sacramentum

2248 2906 2428 2951 autem
2480 2898 2807 2968 evangelica:
2849 2896 3271 2967 dispensationis
3320 2913 3433 2952 non
3479 2897 3613 2952 alius
3654 2891 3789 2951 estin

2248 2991 2419 3047 l'orma
2445 2993 2610 3057 servi,
2641 3007 2801 3063 quam
2843 2993 2934 3064 qui
2961 2993 3015 3048 in
3039 2992 3208 3047 forma
3241 2991 3338 3048 Dei
3369 2999 3455 3047 est
3482 3010 3495 3047 :
3521 3005 3632 3046 cum
3659 2998 3791 3043 tamen

2247 3087 2387 3141 servi
2420 3084 2645 3140 formam
2677 3087 2946 3156 accipere,
2992 3099 3046 3142 et
3072 3085 3126 3141 in
3167 3085 3340 3139 forma
3369 3085 3465 3142 Dei
3494 3096 3694 3138 manere
3713 3094 3788 3134 noti

2248 3176 2390 3233 idem
2417 3178 2524 3242 sit;
2575 3193 2806 3247 cumque
2833 3179 3085 3248 accipere
3129 3179 3358 3234 formam
3387 3180 3550 3244 servi,
3596 3175 3683 3231 uisi
3723 3185 3793 3244 per

2245 3270 2654 3326 evacuationem
2680 3286 2855 3334 suam,
2882 3271 2982 3343 (in)
3007 3287 3112 3327 non
3137 3273 3377 3343 potuerit
3406 3272 3499 3343 qui
3527 3269 3740 3326 manebat
3758 3266 3794 3318 in

2169 3341 2216 3406 (ἶ
2249 3361 2345 3418 Dei
2376 3361 2570 3429 forma,
2619 3378 2726 3418 non
2774 3341 3150 3420 convenienter
3179 3363 3283 3420 sibi
3332 3341 3524 3420 forma:
3567 3363 3792 3430 utriusque

2338 3526 2394 3591 2)
2439 3525 2520 3581 Ex
2544 3525 2848 3597 inﬁrmitate
2877 3534 3072 3580 nostra.

2338 3526 2394 3591 2)
2439 3526 2520 3581 Ex
2544 3526 2848 3597 inﬁrmitate
2877 3534 3072 3580 nostra.

2313 3526 2392 3671 23)
2434 3597 2500 3653 In
2527 3599 2884 3652 communione
2911 3596 3214 3652 substantia:
3239 3596 3570 3652 immortalis.

2318 3735 2392 3808 (lt)
2434 3735 2620 3791 Potest
2664 3734 2766 3791 hoc
2820 3738 2888 3790 ita
2921 3737 3168 3807 intelligi,
3219 3734 3364 3791 utin
3390 3733 3604 3791 Christo
3645 3729 3796 3802 duplici

2245 3808 2372 3864 licet
2415 3819 2603 3863 natura
2631 3817 2916 3864 constante
2944 3850 2958 3872 ,
3004 3824 3164 3864 unam
3199 3817 3384 3862 tamen
3417 3822 3540 3863 esse
3569 3817 3796 3876 personam

2244 3880 2638 3935 admoneamur
2683 3897 2698 3936 :
2751 3881 2834 3934 cui
2900 3880 3273 3950 intelligentia:
3335 3877 3520 3934 favent
3579 3878 3791 3950 subnexa.

2246 3952 2499 4008 Proxime
2528 3961 2704 4006 tamen
2732 3950 2876 4006 dicta
2907 3947 3198 4022 postulant,
3242 3962 3301 4005 ut
3331 3967 3566 4020 penance
3590 3947 3797 4003 vocabulo

2248 4041 2355 4078 non
2384 4037 2490 4078 tam
2521 4023 2949 4095 subsistentiam,
2978 4040 3139 4095 quam
3174 4035 3386 4080 naturae
3421 4023 3682 4090 utriusque
3703 4032 3798 4074 con-

2246 4095 2507 4151 ditionem
2549 4110 2624 4168 ac
2659 4094 3019 4168 propiietates
3066 4095 3457 4168 intelligamus.
3519 4095 3795 4168 Quouseusit

2241 4168 2584 4233 Ambrosius,
2615 4160 2708 4240 lib.
2743 4160 2778 4221 ti
2800 4167 2876 4240 de
2905 4167 3038 4240 F_ide
3059 4182 3110 4222 c.
3145 4167 3197 4231 8,
3307 4171 3403 4234 lii,
3434 4160 3559 4221 dicii
3588 4183 3600 4220 :
3633 4160 3797 4240 Miraris

2239 4241 2284 4292 si
2324 4256 2386 4294 ea:
2411 4255 2627 4312 persona
2672 4237 2892 4312 hominis
2921 4236 3133 4293 Patrem
3178 4239 3311 4292 dixit
3355 4242 3621 4312 majorem.
3647 4234 3720 4305 qui
3759 4234 3797 4284 iit

2239 4309 2458 4382 persona
2489 4309 2709 4364 hominis
2736 4327 2790 4364 se
2817 4312 2947 4365 dixit
2977 4327 3194 4366 uerniem
3223 4327 3240 4364 :
3269 4321 3322 4363 et
3367 4309 3529 4380 epist.
3564 4320 3724 4382 X_l.\’lll,
3749 4319 3790 4382 ιιἶ

2236 4379 2312 4457 bu:
2341 4383 2427 4454 qui
2451 4382 2503 4436 in
2531 4399 2750 4457 persona
2777 4383 2995 4457 hominis
3022 4379 3652 4457 fornmmscruiaccepit:
3675 4379 3791 4457 quati

2235 4445 2461 4517 diceret,
2484 4445 2574 4524 qui
2605 4463 2661 4509 ut
2686 4453 2848 4508 homo
2875 4445 3101 4509 formam
3124 4454 3263 4509 servi
3291 4455 3502 4508 habuit.
3534 4445 3660 4507 Vide
3677 4445 3792 4503 Hila-

2237 4528 2377 4581 rium
2412 4527 2585 4594 ips!!!“
2620 4524 2671 4578 in
2699 4528 2830 4592 psal.
2861 4541 3012 4591 uni,
3038 4542 3092 4579 ιι.
3119 4526 3171 4581 5.

2312 4595 2378 4669 (ι)
2397 4591 2538 4669 Cum
2569 4591 2710 4667 apud
2752 4597 3006 4669 Leonem
3071 4595 3324 4665 pra-dicm
3374 4591 3601 4669 epistola
3645 4601 3798 4669 cst!“

2240 4659 2432 4750 l_li|'a'rii
2481 4659 2698 4750 nomine
2751 4667 2943 4750 legitur
2965 4710 2994 4750 ,.
3020 4659 3109 4737 qui
3158 4669 3210 4750 in
3245 4659 3424 4750 {arma
3453 4661 3549 4718 Dei
3576 4659 3796 4750 manebat,

2239 4744 2460 4813 formam
2512 4741 2654 4813 servi
2684 4741 2924 4813 accepit,
2979 4741 3090 4811 ipse
3142 4740 3479 4813 divinitatem
3527 4745 3798 4811 aequantia!"

531 4791 776 4878 At‘eIdi-ti,
808 4824 1007 4867 natura:
1033 4830 1064 4866 a
1099 4811 1202 4865 Deo
1229 4828 1329 4865 non
1356 4807 1639 4878 differentis
1667 4821 1906 4882 aperatus
1933 4824 2027 4866 est.
2055 4810 2120 4866 Et
2154 4791 2209 4855 Ῐ)
2233 4791 2443 4880 amisit;
2478 4809 2754 4882 probabile
2781 4791 2864 4866 est
2896 4791 3182 4880 posiremis
3215 4812 3326 4864 illis
3370 4811 3550 4868 verbis
3571 4791 3797 4882 ,vtlusﬂ‘i“

529 4888 585 4940 in
610 4905 688 4950 eo,
721 4889 922 4938 omisso
969 4883 1097 4938 Deo.
1151 4883 1266 4937 Jaiu
1298 4898 1457 4952 supra
1501 4882 1802 4938 audivimus
1850 4879 2126 4939 Christum

531 4956 916 5011 resurrectionis
943 4970 1050 5010 sua:
1073 4952 1260 5008 Deum.

609 5027 683 5110 (g)
722 5025 778 5108 lii
810 5028 1056 5110 vulgatis,
1086 5042 1150 5080 ex
1173 5025 1469 5096 inﬁrmitate
1508 5024 1907 5110 itostra.h.f\best
1951 5035 2128 5110 nostra

533 5113 563 5154 a
587 5098 971 5153 sinceriorthus
1015 5112 1144 5151 mss.
1176 5107 1231 5152 et
1255 5113 1284 5150 a
1312 5112 1509 5167 gra2co,
1542 5107 1600 5152 ut
1624 5111 1676 5151 et
1701 5098 1795 5154 lib.
1845 5114 1899 5164 ι,
1935 5116 1990 5156 ιι.
2032 5099 2126 5155 65.

531 5171 654 5228 Mox
683 5172 843 5224 etiam
868 5170 1018 5224 abest
1040 5167 1281 5223 humanm
1305 5184 1334 5222 a
1358 5167 1510 5225 Colb.
1540 5185 1603 5226 ac
1631 5167 1815 5226 Germ.

609 5239 692 5314 (h)
736 5241 1125 5314 Editiicxcepto
1154 5239 1311 5314 Pari,
1334 5252 1592 5296 mortuum
1615 5253 1688 5296 est
1733 5249 1961 5314 peccato,
1990 5257 2127 5314 mor-

536 5306 683 5368 tuum
720 5322 812 5369 est.
869 5306 1061 5369 Postea
1113 5328 1214 5367 ms.
1263 5306 1499 5378 Martin.,
1551 5306 1825 5383 reputate,
1878 5306 1986 5369 non
2039 5313 2129 5368 de-

574 5395 730 5440 atate.

574 5403 730 5440 mare.

535 5403 569 5456 Ρ
611 5459 676 5529 (i)
716 5458 801 5512 Sic
829 5457 922 5513 lib.
958 5472 995 5523 ι,
1027 5473 1080 5510 ιι.
1111 5455 1178 5510 15
1206 5474 1218 5508 :
1251 5453 1470 5529 Carnem
1505 5457 1639 5511 enim
1662 5457 1860 5529 peccati
1889 5457 2078 5526 recepit
2107 5471 2129 5512 :

534 5526 655 5600 quia
687 5530 935 5584 nimirum
963 5544 1145 5584 veram
1188 5543 1253 5583 ex
1288 5526 1506 5599 Virgine
1549 5530 1616 5582 de
1643 5526 1812 5583 Adam
1845 5539 2129 5600 peccatore

535 5597 879 5671 propagata")
905 5615 1121 5656 carnem
1147 5597 1464 5669 assumpsit;
1485 5602 1748 5664 quamvis,
1770 5611 1826 5653 ut
1852 5601 2008 5669 plane
2036 5597 2128 5653 tle-

532 5672 770 5727 claratur
798 5672 886 5726 lib.
924 5687 981 5738 x,
1015 5689 1068 5726 ιι.
1096 5671 1167 5727 25
1196 5689 1208 5724 :
1241 5688 1398 5737 neque
1439 5687 1556 5726 caro
1600 5671 1695 5726 illa
1740 5687 1860 5726 caro
1905 5671 2124 5743 peccati,

532 5745 622 5800 sed
643 5744 924 5798 similitudo
951 5746 1119 5798 carnis
1142 5743 1354 5814 peccati.

610 5814 680 5890 (j)
720 5815 845 5890 mss.
893 5813 1200 5890 vat._bas.,
1241 5815 1428 5890 C_orb.,
1457 5814 1626 5882 Prat.,
1654 5817 1790 5884 elc.,
1819 5813 1873 5870 in
1901 5831 2127 5870 commu-

535 5886 687 5946 m'oite
710 5886 1002 5945 substantia:
1028 5886 1354 5943 immortalis.
1620 5891 1623 5894 ’

2236 4885 2398 4940 nullis
2421 4875 2550 4938 mss.
2579 4887 2812 4946 esstant,
2839 4875 3013 4953 neque
3040 4894 3250 4953 exsmre
3278 4883 3503 4939 debent.
3533 4875 3796 4938 summatim

2238 4953 2550 5027 perstringi,
2573 4955 2715 5026 quod
2752 4951 2936 5025 postea
2963 4951 3210 5010 diffusius
3234 4955 3654 5027 demonstratur.

2307 5027 2402 5152 (ιιιέ
2431 5025 2495 5082 lii
2512 5025 2833 5096 pervetustis
2853 5042 2984 5080 mss.
3014 5027 3202 5090 Carm,
3224 5025 3383 5081 Colb.
3415 5038 3481 5080 ac
3501 5026 3692 5102 Germ...
3720 5031 3797 5070 non

2330 5115 2349 5152 :
2397 5099 2522 5152 iaud
2554 5098 2919 5152 incommode.
2953 5100 2996 5152 si
3027 5097 3221 5152 deinde
3254 5097 3478 5152 tacitum
3510 5094 3795 5152 iutelllllMur

2233 5099 2300 5153 sit
2316 5094 2349 5154 ':
2382 5094 2522 5153 haud
2554 5098 2919 5162 incommode,
2953 5100 2996 5154 si
3027 5097 3221 5154 deinde
3254 5097 3478 5152 tacitum
3510 5094 3795 5162 intelligatqr

2233 5171 2365 5241 ejus.
2421 5170 2534 5224 lluc
2565 5181 2773 5240 spectat
2803 5155 2946 5241 quod
2999 5171 3330 5240 Augustinus
3358 5171 3521 5238 epist.
3559 5181 3612 5241 xl
3633 5206 3646 5227 ,
3752 5155 3794 5219 4,

2265 5229 2627 5317 incarnationis
2658 5229 3049 5317 necessitatem
3068 5229 3592 5317 minlirmaturusait
3624 5229 3796 5317 :"Ntﬂto

2237 5315 2372 5367 enim
2397 5330 2700 5384 quemquam
2740 5315 2889 5382 erigit
2920 5313 2988 5366 ad
3032 5314 3088 5368 id
3114 5315 3167 5368 in
3206 5329 3305 5384 quo
3332 5324 3434 5384 cst,
3467 5310 3582 5384 nisi
3594 5307 3796 5384 aliquait-

2237 5395 2343 5456 tum
2373 5370 2441 5438 od
2469 5370 2602 5456 idin
2626 5399 2728 5456 quo
2765 5370 2843 5440 esi
2865 5385 2974 5446 ille.
3009 5370 3303 5456 descendat:
3336 5370 3443 5456 Cui
3467 5381 3637 5438 simile
3662 5370 3800 5431 eslii'

2235 5454 2324 5510 lud
2361 5455 2544 5512 Hilarii
2579 5452 2742 5512 nostri
2794 5457 2886 5512 lib.
2941 5473 3043 5522 xit,
3077 5474 3131 5512 ιι.
3160 5455 3194 5511 6
3226 5474 3239 5509 :
3272 5452 3529 5511 Dect-dere
3567 5462 3718 5505 autem
3747 5455 3799 5497 cI

2233 5525 2345 5584 Deo
2390 5528 2444 5582 in
2480 5529 2735 5601 hominem
2767 5529 2866 5584 nisi
2895 5546 2948 5583 se
2991 5545 3052 5583 ea:
3082 5533 3253 5601 [arma
3285 5523 3386 5601 Dei
3419 5527 3798 5601 Deus‘evacuant

2231 5615 2336 5653 non
2368 5603 2551 5674 potuit,
2585 5611 2689 5674 etc.
2719 5600 2776 5674 in
2805 5617 2871 5655 eo
2905 5593 3092 5674 autem
3114 5597 3257 5670 quod
3307 5598 3395 5653 hic
3431 5593 3684 5664 sedum".
3712 5599 3796 5674 "92

2230 5661 2664 5746 eonv'enire'silii
2711 5672 2899 5746 forma;
2940 5661 3220 5743 utiiu-que
3279 5661 3599 5726 concursum
3625 5661 3799 5746 ..μιέξ

2235 5741 2415 5812 [arma
2460 5745 2678 5800 nomine
2726 5744 3049 5801 exteriorem
3083 5739 3288 5813 tantum
3326 5753 3534 5798 natura:
3564 5739 3797 5813 utriusque

2238 5811 2476 5872 habitum
2510 5815 2811 5886 designari.
2857 5813 3010 5873 Unde
3042 5811 3346 5886 intelligere
3375 5821 3462 5868 est
3497 5825 3596 5884 qua
3622 5811 3797 5886 ratione

2238 5887 2470 5944 Hilarius
2490 5876 2770 5945 Christum
2800 5898 2921 5962 post
2941 5876 3400 5947 resurrectionem
3432 5876 3598 5941 totum
3622 5876 3795 5934 Deum,
