3988 6332
205 273 302 342 993

1374 282 1464 342 es
1503 265 1882 342 ratut'rs'te
1922 268 2129 340 Lmen
2158 268 2250 341 tit.

3391 274 3500 348 est

201 409 479 457 concursu.
505 398 612 459 Sed
635 413 745 458 non
768 397 908 456 allata
933 405 1096 471 atque
1118 398 1366 457 diversus
1387 409 1488 468 est,
1515 399 1591 476 (α)
1616 400 1706 473 qui
1731 412 1792 456 se
1817 402 1870 462 Α
1897 397 2053 455 irasci
2080 397 2398 471 intelligitur
2419 411 2480 457 se
2507 396 2710 457 bonum
2733 397 2858 457 diei.
2915 399 2982 457 Et
3013 401 3362 472 qurerendam
3413 414 3497 460 est

199 494 507 562 cxinanivit,
557 503 610 550 et
650 491 741 565 qui
785 492 1020 550 formam
1048 493 1192 551 servi
1239 496 1469 565 accepit.
1502 494 1795 565 Accepisse

199 589 334 648 enim
360 605 466 645 non
501 597 676 660 potest
699 588 818 660 ejus
839 603 962 645 esse
992 589 1082 658 qui
1113 604 1219 646 non
1262 591 1362 658 sit;
1395 589 1520 660 quis
1549 591 1670 660 ejus
1699 581 1811 654 sit,‘

197 683 282 755 qui
307 680 587 748 subsistat.
612 682 879 752 accipere.
896 679 1038 754 Ergo
1057 681 1344 739 evacuatio
1367 683 1555 738 fornae
1576 698 1682 738 non
1711 689 1796 739 est

197 775 411 834 abolitio
439 783 646 830 naturae
673 791 689 828 ε
718 775 844 846 quia
869 775 961 846 qui
978 790 1040 831 se
1059 785 1303 843 evacuat,
1339 790 1448 831 non
1470 784 1621 831 caret
1647 789 1791 842 sese;

199 869 270 944 (I)
318 877 375 924 et
401 869 491 939 qui
535 868 756 939 accipit,
808 878 1006 926 inanet.
1055 871 1125 925 Et
1165 885 1288 926 cum
1336 869 1530 944 (idem)
1576 871 1693 940 ipse
1724 871 1796 926 sit

196 977 459 1019 evacuans
477 971 530 1017 et
551 963 842 1034 accipiens,
877 962 1041 1018 habet
1065 963 1283 1034 quidem
1312 963 1368 1019 itt
1390 978 1457 1018 eo
1485 977 1795 1019 sacramen-

202 1065 327 1123 tutn,
357 1053 501 1126 quod
525 1067 836 1112 secvacuat
874 1065 930 1111 et
970 1045 1204 1127 accipit;
1261 1073 1366 1112 non
1414 1066 1591 1112 tamen
1635 1056 1796 1111 habet

197 1149 486 1213 interitum.
517 1163 585 1205 ne
611 1164 720 1204 non
762 1156 937 1205 exstet
961 1163 1252 1214 evacuans,
1281 1154 1340 1207 et
1380 1165 1450 1206 ne
1475 1166 1584 1206 non
1613 1149 1684 1205 sit
1703 1163 1794 1205 sc-

197 1240 420 1312 cipiens.
469 1241 656 1311 Itaque
699 1242 983 1298 evacuatio
1034 1256 1104 1298 eo
1151 1241 1387 1314 proiicit,
1435 1252 1495 1298 ut
1540 1242 1792 1314 proﬁciat

197 1336 362 1392 forma
390 1334 554 1398 servi,
587 1349 694 1390 nou
725 1342 783 1390 ut
809 1332 1082 1400 Christus,
1110 1336 1201 1406 qui
1231 1336 1283 1390 in
1327 1336 1498 1394 forma
1524 1335 1619 1391 Dei
1649 1345 1789 1404 erat,

197 1427 267 1500 (ὁ)
289 1427 538 1484 Christus
557 1443 679 1485 esse
701 1443 809 1485 non
835 1437 1085 1496 maneat;
1109 1445 1232 1486 cum
1261 1429 1494 1486 formam
1515 1429 1659 1491 servi
1683 1445 1791 1486 non

195 1524 288 1580 nisi
313 1522 558 1579 Christus
598 1525 890 1594 acceperit.
922 1523 1026 1592 Qui
1056 1539 1178 1578 cum
1223 1539 1288 1580 se
1317 1524 1680 1589 evacuaverit,
1733 1533 1794 1580 ut

196 1633 415 1674 manens
435 1617 670 1688 Spiritus
692 1617 940 1673 Christus
966 1616 1109 1674 idem
1136 1616 1387 1674 Christus
1415 1620 1580 1677 homo
1605 1629 1788 1685 esset;

195 1712 244 1767 in
269 1724 500 1782 corpore
520 1711 819 1768 demutatio
863 1709 1081 1766 habitus
1111 1718 1167 1766 et
1211 1713 1513 1782 assumptio
1556 1721 1786 1780 natura,

1897 505 2056 561 quam
2088 491 2248 546 aliam
2279 491 2348 547 de
2376 506 2436 548 se
2468 492 2860 562 professionem
2888 503 3097 566 arguat,
3125 495 3214 566 qui
3245 511 3352 553 non
3381 512 3500 553 crc-

1897 585 2108 642 dendtts
2127 593 2213 642 est
2238 602 2430 642 nomett
2461 587 2513 642 itt
2539 600 2600 644 se
2625 587 2879 644 bonitatis
2909 604 3157 658 arguere.

1969 680 2054 734 I6.
2093 679 2276 734 Fidem
2307 681 2671 755 interrogantis
2703 683 2890 754 arguit,
2928 699 3028 738 non
3059 683 3500 742 dium—Videa-

1895 789 2018 830 tnus
2050 776 2250 847 itaque,
2280 775 2408 846 quid
2449 783 2644 846 pra-ter
2665 777 2864 835 bonum
2904 779 3243 850 interrogans
3263 778 3460 835 dixerit
3485 797 3501 836 τ

1895 868 1970 922 ait
2000 870 2142 923 enim
2170 911 2184 934 ,
2241 868 2487 941 Magister
2516 870 2663 935 boue,
2684 872 2808 942 quid
2838 871 2954 927 boni
2985 873 3176 946 faciam
3221 871 3414 946 (Marci
3447 888 3502 938 κ,

1897 962 1965 1016 17
1993 963 2053 1036 )?
2083 963 2226 1019 Duas
2257 965 2421 1035 igitur
2445 981 2533 1021 res
2559 968 2999 1038 connuncupavit
3033 988 3046 1024 :
3082 976 3137 1022 et
3177 967 3377 1023 bonum
3401 1009 3416 1033 ,
3451 976 3506 1022 et

1895 1058 2235 1128 magistrum.
2265 1059 2333 1114 Et
2353 1060 2476 1129 quia
2507 1076 2613 1115 non
2643 1061 2820 1132 arguit
2865 1061 3063 1116 bonum
3112 1075 3174 1116 se
3215 1061 3357 1126 dici;
3403 1060 3506 1118 hoc

1897 1165 2127 1208 necesse
2149 1159 2230 1206 est
2263 1164 2491 1224 arguat,
2539 1153 2682 1226 quod
2703 1154 2974 1226 magister
2998 1153 3174 1213 bonus
3199 1154 3374 1210 dictus
3410 1154 3503 1210 sit.

1897 1245 1972 1301 Ita
1995 1257 2179 1303 autem
2207 1247 2382 1318 arguit
2409 1263 2471 1306 se
2496 1250 2808 1320 magistrum
2843 1249 3043 1304 bonum
3078 1246 3184 1304 dici
3211 1288 3225 1312 ,
3258 1255 3316 1303 ut
3343 1246 3502 1304 ﬁdem

1895 1339 2276 1412 interregantls
2299 1342 2497 1411 potius,
2516 1358 2676 1413 quam
2699 1342 2788 1398 vel
2811 1343 3048 1414 magistri
3079 1341 3132 1396 in
3156 1356 3215 1398 se
3256 1339 3340 1396 vel
3375 1340 3501 1396 boni

1897 1448 2095 1489 nomen
2131 1447 2402 1507 argueret.
2433 1435 2656 1494 .Iuvenis
2697 1439 2841 1494 enim
2891 1436 3131 1492 insolens
3183 1450 3278 1506 per
3327 1434 3510 1491 obser-

1894 1527 2129 1580 vantiam
2154 1527 2291 1598 legis
2319 1526 2426 1600 (ι’),
2461 1537 2514 1583 et
2539 1528 2698 1584 ﬁnem
2727 1527 2859 1600 legis
2888 1528 2976 1599 qui
3007 1526 3256 1584 Christus
3291 1538 3373 1582 est
3412 1542 3506 1582 ne-

1895 1618 2108 1688 sciens,
2141 1628 2198 1676 et
2241 1621 2589 1691 justificatum
2617 1637 2678 1678 se
2719 1623 2770 1678 in
2799 1621 3056 1692 operibus
3081 1621 3420 1689 existimans,
3455 1629 3510 1677 et

1895 1725 2003 1768 non
2031 1712 2340 1785 intelligens
2379 1716 2592 1771 venisse
2624 1731 2745 1771 eum
2776 1715 2840 1769 ad
2874 1729 3003 1770 oves
3036 1713 3276 1786 perditas
3309 1711 3506 1768 domus

193 1816 435 1863 naturam
459 1803 536 1878 (c)
581 1807 848 1861 manentis
875 1804 1174 1860 divinitatis
1218 1819 1326 1859 non
1359 1805 1587 1876 peremit
1620 1819 1634 1861 :
1665 1803 1792 1876 quia
1820 1801 1871 1865 Β
1899 1805 2062 1862 Israel
2094 1807 2312 1878 (Matth.
2343 1821 2439 1876 xv,
2464 1808 2580 1880 24),
2603 1819 2654 1865 et
2683 1807 3017 1879 impossibile
3035 1821 3156 1863 esse
3187 1806 3291 1878 legi
3324 1820 3416 1875 per
3447 1805 3509 1860 li-

195 1913 328 1954 unus
371 1908 534 1968 atque
562 1897 703 1954 idem
731 1896 981 1955 Christus
1007 1899 1098 1966 sit,
1125 1904 1183 1954 et
1199 1898 1486 1954 demutans
1528 1899 1792 1968 habitum,

197 2001 250 2048 ει
281 2005 587 2048 assumens.

272 2082 362 2140 15.
381 2082 755 2152 Espendtmlur
799 2082 999 2156 objecta
1018 2083 1412 2140 hereticorum,
1440 2083 1674 2140 Christus
1693 2100 1796 2140 non

205 2180 373 2252 arguit
396 2180 525 2248 quod
549 2179 754 2234 dicatur
780 2179 1267 2234 bonus.-—Ostensa
1297 2179 1476 2249 itaque
1489 2192 1791 2236 sacramen-

203 2281 371 2328 torum
401 2272 821 2343 dispensatione,
865 2288 964 2344 per
1006 2287 1167 2344 quam
1220 2272 1464 2330 haeretici
1485 2274 1796 2344 ignorantes

195 2381 439 2436 quosque
487 2366 762 2434 Iallerent,
797 2376 853 2421 ut
879 2381 966 2433 es,
996 2382 1115 2437 quae
1143 2382 1238 2437 per
1266 2366 1530 2437 sssumpti
1560 2367 1797 2422 hominis

191 2469 440 2515 naturam
453 2459 598 2516 dicta
614 2470 872 2532 gestaque
888 2461 1221 2523 sunt,omnia
1237 2459 1533 2517 infirmitati
1549 2461 1800 2518 divinita-

191 2552 258 2610 tis
305 2552 702 2621 adscriberent,
750 2563 804 2610 et
828 2553 1018 2609 formae
1037 2553 1131 2609 Dei
1154 2553 1498 2624 depulerant,
1541 2554 1796 2627 quidquid

189 2645 374 2702 formae
395 2648 540 2704 servi
563 2645 873 2719 propriaa(d)
894 2658 1078 2719 aptum
1102 2654 1211 2704 est:
1235 2663 1379 2705 nunc
1404 2648 1534 2720 ipsis
1557 2649 1802 2721 proposi-

188 2738 428 2796 tionibus
453 2754 643 2796 eorum
689 2740 1120 2810 respondendum
1185 2751 1288 2798 est.
1341 2741 1482 2799 Tuto
1515 2744 1660 2800 enim
1685 2743 1796 2814 jam

189 2833 458 2891 dictorum
505 2835 838 2906 singulorum
903 2847 1102 2908 genera
1172 2835 1631 2907 dijudicabuntnr,
1674 2853 1797 2893 cum

167 2926 432 2987 .Verbum
463 2937 520 2985 et
548 2945 764 2986 carnem
790 2971 805 2998 ,
833 2929 886 2986 id
915 2938 1020 2998 est,
1045 2930 1213 2986 Deum
1234 2939 1292 2987 et
1318 2931 1590 2988 hominem
1610 2930 1796 2987 .Iesum

185 3022 466 3080 Christum
493 3025 610 3081 sola
642 3023 777 3082 ﬁdes
809 3025 880 3080 sit
918 3025 1192 3081 conﬁteri.
1216 3024 1387 3081 Deum
1421 3026 1582 3096 igitur
1608 3024 1795 3080 Domi-

187 3133 315 3171 num
350 3128 593 3174 nostrum
625 3116 809 3174 Iesum
837 3116 1114 3173 Christum
1160 3133 1227 3174 ex
1269 3133 1337 3174 eo
1365 3116 1669 3188 negandum
1704 3131 1800 3187 per

1903 1904 2027 1960 dem
2053 1903 2453 1975 jttstiﬁcationis
2483 1906 2693 1960 salvare
2722 1903 3010 1961 credentes
3048 1899 3226 1975 (Rom.
3259 1915 3374 1969 vnt,
3425 1900 3506 1972 ὅ),

1903 2005 2174 2068 tamquam
2203 2000 2575 2056 communium
2609 2007 2999 2070 praeceptorum
3023 2007 3078 2054 et
3114 1997 3165 2052 in
3197 1996 3313 2068 lege
3341 1993 3513 2069 scrip-

1901 2093 2079 2147 torum
2109 2092 2425 2163 magistrum
2460 2093 2758 2162 interrogat
2799 2089 3084 2146 Dominum
3119 2089 3252 2160 legis
3298 2094 3353 2143 et
3388 2085 3512 2142 uni-

1899 2184 2140 2253 genitum
2177 2184 2370 2240 Deum.
2400 2183 2711 2240 Detestatus
2762 2182 2942 2254 itaque
2972 2181 3231 2237 Dominus
3274 2177 3416 2233 hanc
3443 2178 3512 2233 de

1897 2291 1960 2332 se
1981 2274 2299 2348 irreligiosa:
2329 2275 2451 2332 ﬁdei
2485 2276 2898 2346 professionem,
2920 2273 3063 2346 quod
3097 2281 3367 2342 tamquam
3391 2282 3508 2324 ma-

1898 2369 2065 2441 gister
2091 2369 2226 2441 legis
2265 2369 2715 2442 interrogaretur,
2749 2366 3050 2435 respondit,
3081 2363 3221 2432 Quid
3249 2379 3328 2418 me
3357 2377 3511 2418 vocas

1901 2461 2130 2517 bonum?
2159 2468 2335 2533 Atque
2367 2472 2426 2518 ut
2465 2461 2793 2533 significaret
2820 2471 3085 2533 quatenus
3117 2457 3278 2531 271
3312 2456 3511 2511 intelli-

1900 2553 2107 2625 gendus
2136 2562 2193 2610 et
2220 2553 2554 2625 proﬁtendae
2581 2554 2758 2611 bonus
2788 2561 2930 2609 esset
2960 2593 2976 2621 ,
3031 2550 3263 2620 subjecit
3282 2587 3297 2615 ,
3345 2546 3512 2602 Nerua

1901 2647 2083 2712 bonus,
2116 2647 2217 2701 nisi
2261 2661 2396 2703 unus
2443 2645 2622 2715 Deus;
2655 2663 2762 2702 non
2815 2659 3078 2716 respuens
3126 2641 3382 2698 bonitatis
3417 2655 3515 2697 no-

1901 2755 2048 2804 men,
2080 2742 2124 2795 si
2164 2741 2266 2798 sibi
2301 2740 2403 2796 hoc
2425 2752 2698 2812 tamquam
2729 2740 2841 2797 Deo
2871 2739 3244 2810 deputaretur.

1976 2835 2064 2890 17.
2099 2834 2166 2890 Et
2195 2837 2382 2890 bonum
2401 2845 2448 2891 et
2474 2837 2780 2909 magistrum
2810 2851 2919 2890 sese
2948 2832 3515 2905 ostendit.-Denlqne

1901 2929 2197 2984 ostendens
2236 2942 2298 2983 se
2324 2927 2569 3000 magistri
2599 2929 2650 2982 in
2682 2941 2741 2984 se
2767 2927 2916 2994 boni,
2947 2939 3042 2998 per
3084 2927 3242 2983 ﬁdem
3274 2926 3393 2997 ejus
3421 2926 3511 2999 qui

1905 3029 2177 3091 tamquam
2208 3018 2482 3076 hominem
2498 3020 2889 3091 interrogabat,
2907 3034 3104 3075 nomen
3127 3032 3374 3091 arguere.
3393 3027 3516 3089 post

1901 3113 2214 3184 jactantium
2243 3113 2461 3185 juvenis
2489 3125 2541 3170 et
2585 3113 2810 3186 gloriam
2857 3114 2988 3186 legis
3018 3115 3255 3186 impletrc
3275 3155 3292 3182 ,
3326 3115 3397 3169 ita
3430 3129 3516 3169 re-

191 3221 446 3267 naturam
478 3212 719 3268 haeretici
757 3212 1103 3280 existimant,
1130 3213 1256 3282 quia
1278 3211 1476 3266 dixerit
1504 3228 1516 3264 :
1551 3211 1689 3278 Quid
1718 3227 1794 3266 nte
1821 3200 1866 3262 C
1899 3205 2116 3275 spondit
2147 3223 2161 3261 :
2195 3203 2367 3262 Unum
2403 3206 2496 3263 tibi
2542 3209 2729 3263 deest:
2758 3207 2886 3263 vade
2918 3247 2934 3274 ,
2983 3223 3315 3280 qua-rumque.
3361 3205 3516 3262 habes

188 3306 361 3377 27o
401 3305 532 3362 dicis
573 3304 800 3362 bonum?
839 3303 1010 3360 Nemo
1046 3313 1120 3359 est
1151 3305 1311 3360 bonus
1339 3305 1440 3361 uisi
1488 3320 1624 3359 unus
1653 3303 1796 3360 Deus

193 3397 270 3468 (Af
277 3401 395 3453 arci
415 3415 473 3464 ι,
499 3397 608 3469 18).
637 3398 824 3456 Omnis
843 3398 1256 3468 responsionum
1291 3398 1429 3454 ratio
1449 3413 1673 3456 necesse
1689 3408 1794 3465 est,

191 3507 249 3550 ut
294 3511 369 3552 ex
400 3493 879 3565 interrogationum
929 3494 1110 3549 causis
1156 3491 1545 3563 proﬁciscatur.
1608 3492 1687 3548 Ad
1743 3491 1796 3548 id

181 3587 333 3643 enim
369 3586 787 3657 respondebitur
811 3626 827 3654 ,
873 3584 1017 3642 unde
1042 3593 1334 3657 quaeretur.
1364 3584 1433 3640 Et
1455 3586 1686 3657 primum
1713 3601 1798 3642 re-

182 3682 355 3751 quiro
385 3697 417 3736 tt
451 3680 580 3738 dicti
603 3681 762 3752 hujus
785 3680 1194 3748 calumniatore,
1225 3689 1477 3736 utrumne
1495 3679 1548 3735 id
1569 3695 1799 3751 arguere

181 3777 480 3834 Dominum
529 3777 849 3842 existimet,
895 3791 994 3833 cur
1045 3775 1222 3832 bonus
1266 3775 1443 3832 dictus
1489 3778 1580 3841 sit,
1632 3789 1800 3846 seque

179 3871 445 3929 maluerit
472 3871 670 3927 malum
692 3869 820 3926 dici.
856 3870 911 3925 Id
942 3871 1087 3925 enim
1120 3869 1416 3940 significari
1447 3869 1659 3924 videtur
1691 3869 1798 3925 hoc

177 3965 334 4022 dicto
363 4005 378 4029 ,
433 3963 573 4030 Quid
602 3981 679 4018 me
706 3964 894 4018 bonum
931 3963 1099 4018 dicis?
1125 3962 1240 4019 Non
1271 3963 1466 4034 opinor
1509 3963 1798 4035 quisquam

177 4069 292 4114 tam
328 4072 522 4116 vecors
549 4060 678 4124 erit,
702 4065 760 4114 ut
787 4057 1005 4114 malitiae
1032 4057 1426 4128 professionem
1452 4058 1502 4114 ei
1537 4057 1670 4112 velit
1697 4057 1797 4113 ad-

175 4151 456 4215 scribere,
487 4150 578 4222 qui
601 4151 802 4207 dixerit
826 4169 840 4207 :
872 4150 1053 4206 Venite
1074 4152 1145 4206 ad
1165 4167 1245 4206 nte
1265 4167 1438 4207 omnes
1465 4152 1556 4220 qui
1584 4150 1796 4206 labora-

173 4248 242 4301 tt's
273 4257 326 4302 et
355 4246 556 4301 onerati
582 4247 734 4311 estis,
766 4253 814 4300 et
844 4261 936 4316 ego
978 4260 1066 4299 vos
1112 4245 1365 4315 reﬁciam.
1402 4242 1588 4299 Tollite
1610 4244 1798 4316 jugmu

173 4355 362 4394 meum
383 4355 538 4410 super
565 4353 673 4402 eos.
702 4347 748 4393 et
777 4337 959 4393 discite
985 4355 1020 4392 α
1038 4352 1138 4402 me,
1167 4339 1289 4408 quia
1311 4337 1448 4393 ruitis
1477 4354 1591 4392 sum
1618 4346 1669 4392 et
1694 4338 1796 4391 Itu-

169 4433 325 4487 nrilis
380 4431 568 4497 corde;
605 4441 658 4487 et
704 4431 968 4488 invenistis
1010 4431 1235 4501 requiem
1280 4431 1550 4485 animabus
1593 4432 1795 4486 uestris.

167 4520 390 4597 Iugum
434 4525 568 4580 enim
604 4541 772 4581 meum
830 4537 984 4579 suave
1025 4533 1135 4591 est,
1175 4533 1221 4579 et
1267 4539 1400 4578 onus
1472 4538 1640 4578 meum
1695 4523 1801 4579 leve

166 4629 246 4674 est
293 4615 488 4690 (Matt.
525 4633 601 4683 ιι,
636 4617 706 4674 28
737 4627 784 4672 et
813 4614 1000 4688 θείη).
1033 4616 1213 4672 Mitem
1236 4630 1295 4672 se
1329 4613 1610 4686 proﬁtetur
1637 4625 1800 4688 atque

172 4713 455 4768 humilem
479 4730 492 4766 :
525 4722 579 4766 et
602 4711 756 4767 irasci
779 4711 1051 4775 credetur,
1082 4709 1156 4781 (e)
1189 4725 1286 4765 cur
1305 4709 1480 4766 bonus
1501 4709 1675 4765 dictus
1695 4711 1801 4765 sit?

171 4805 602 4863 ProfeSsionttm
647 4804 761 4860 htec
809 4803 1095 4860 diversitas
1123 4800 1395 4870 dissidet,
1448 4812 1504 4858 ut
1543 4801 1800 4859 bonitatis

172 4915 300 4956 sum
334 4899 493 4954 testis
524 4913 719 4954 nomen
760 4898 813 4952 itt
843 4911 904 4954 se
934 4895 1186 4953 bonitatis
1232 4904 1474 4952 accuset.
1517 4894 1636 4951 Non
1667 4901 1808 4966 ergo

258 5016 357 5090 (1)
395 5013 460 5069 Et
486 5012 573 5085 qui
599 5011 812 5083 accepit.

172 5148 323 5194 ante
359 5144 536 5192 autem
568 5141 734 5188 totum
769 5131 821 5185 in
853 5128 1022 5184 forma
1063 5125 1205 5182 servi
1252 5133 1542 5196 nuncupet.
1592 5123 1793 5181 Confer

165 5193 336 5266 hunc
361 5209 540 5263 locum
571 5220 692 5261 cum
723 5211 877 5258 tract.
910 5201 998 5256 Ps.
1024 5213 1211 5264 LXVIII,
1243 5213 1299 5252 tt.
1327 5193 1417 5249 ‘25.

246 5279 346 5366 (a)
381 5280 492 5364 Hoc
514 5285 618 5366 est,
649 5277 738 5347 qui
769 5288 828 5330 se
856 5270 1176 5366 exinanivit,
1206 5267 1478 5366 utimelius
1520 5268 1703 5366 estnab
1730 5281 1798 5323 eo

158 5338 273 5426 qui
321 5338 476 5408 servi
529 5338 752 5426 formam
795 5344 1039 5414 accepit,
1070 5355 1167 5426 seu
1204 5347 1342 5426 post
1385 5338 1797 5396 evacuationem

161 5421 350 5482 suam
385 5439 492 5478 non
521 5421 660 5475 alitts
685 5426 772 5474 est
801 5427 960 5486 atque
983 5424 1101 5470 erat
1126 5424 1273 5468 ante.

245 5497 344 5571 (ὁ)
395 5494 562 5571 Editi,
595 5490 836 5571 (Christus
967 5501 1154 5571 senon
1194 5494 1397 5571 maneat
1420 5499 1439 5537 :
1470 5483 1805 5571 castigantur

157 5553 266 5627 ex‘
297 5553 440 5625 tiles.
473 5553 562 5622 sui
591 5567 749 5628 intra,
779 5578 831 5615 ιι.
870 5561 964 5626 59,
993 5566 1051 5614 ut
1076 5567 1301 5612 maneret
1344 5572 1450 5612 esse
1478 5553 1574 5609 Dei
1612 5553 1800 5628 fama.

161 5644 347 5698 idem
374 5637 573 5695 Christi
598 5633 857 5691 exiuaniti
892 5633 1215 5704 (mysterium
1245 5629 1460 5704 egregie
1489 5627 1807 5704 _e_xp|ieatur

158 5697 278 5771 ιιι».
314 5727 403 5775 ιι.
435 5722 492 5766 ιι.
548 5703 650 5772 48,
679 5718 734 5764 et
779 5706 835 5762 in
885 5697 1029 5760 Psal.
1065 5716 1255 5775 cantu,
1283 5697 1342 5757 Ῑι.
1380 5697 1434 5756 7.
1488 5697 1806 5775 [licebiter

158 5771 486 5842 advertere
512 5790 597 5839 est
622 5771 939 5837 vocabulum
965 5775 1156 5832 Christi
1183 5774 1250 5829 ad
1292 5782 1538 5830 naturam
1563 5771 1801 5828 divinam

158 5853 616 5931 signiﬁcandam
639 5867 748 5912 non
774 5848 944 5908 semel
969 5854 1313 5918 usurpatum.

1904 3302 2083 3370 vende,
2109 3312 2155 3356 et
2176 3303 2244 3356 da
2271 3303 2605 3374 pauperibus,
2635 3312 2681 3357 et
2708 3303 2915 3358 habebis
2941 3301 3237 3357 thesaurum
3269 3301 3324 3356 in
3355 3299 3514 3366 caelo;

1903 3403 1953 3449 et
1980 3397 2116 3463 uni,
2139 3410 2344 3466 sequere
2370 3409 2452 3450 me
2471 3393 2666 3466 (Marc.
2699 3411 2756 3462 x,
2782 3395 2902 3469 21).
2933 3394 3052 3451 Non
3085 3394 3280 3466 refugit
3305 3391 3519 3450 bonita-

1905 3490 1976 3546 tis
1997 3490 2145 3547 dese
2164 3505 2384 3557 nomen,
2413 3493 2503 3562 qui
2531 3491 2807 3548 ccelestem
2840 3493 3154 3548 thesaurum
3188 3489 3513 3563 pollicetur:

1906 3598 2010 3639 nec
2041 3585 2356 3654 magistrum
2387 3600 2448 3640 se
2479 3599 2586 3640 non
2616 3585 2728 3640 vult
2756 3584 2945 3652 videri,
2979 3583 3070 3656 qui
3092 3584 3284 3640 ducem
3308 3599 3367 3640 se
3392 3597 3518 3654 per-

1907 3673 2066 3732 fectae
2089 3678 2244 3748 hujus
2270 3679 2618 3735 beatitudinis
2641 3679 3138 3750 prmstat.'l'errenm
3162 3687 3342 3746 autem
3367 3677 3435 3733 de
3457 3691 3518 3734 se

1905 3771 2177 3840 opinionis
2201 3771 2360 3828 ﬁdem
2387 3774 2583 3845 arguit,
2617 3773 2912 3830 bonitatem
2935 3773 2988 3828 in
3017 3774 3138 3828 solo
3163 3773 3278 3829 Deo
3309 3773 3516 3829 docens

1904 3877 2049 3919 esse.
2089 3863 2154 3918 Et
2187 3875 2242 3919 ιιι
2270 3881 2330 3921 se
2359 3875 2412 3921 et
2442 3866 2610 3921 Deum
2641 3875 2698 3922 et
2730 3867 2928 3921 bonum
2959 3866 3328 3937 significaret,
3362 3865 3520 3921 boui-

1904 3961 2034 4015 tatis
2058 3971 2142 4016 est
2169 3974 2300 4015 usus
2323 3959 2541 4024 ofﬁciis,
2570 3961 2823 4018 cmlestes
2852 3963 3138 4016 thesauros
3175 3959 3438 4031 pandens,
3464 3969 3520 4016 et

1905 4067 1967 4108 se
1991 4053 2060 4108 ad
2085 4068 2181 4108 eos
2207 4054 2462 4123 praevium
2495 4055 2759 4110 tribuens.
2793 4055 2864 4110 Ita
2888 4063 3088 4125 etquae
3106 4055 3206 4109 sibi
3239 4061 3517 4124 tamquam

1909 4146 2115 4202 homini
2146 4155 2350 4201 tantum
2369 4145 2771 4212 deferebantur,
2803 4147 3135 4213 detestatur;
3172 4161 3347 4218 neque
3370 4161 3430 4203 se
3449 4147 3519 4202 ab

1909 4239 2016 4307 his,
2049 4256 2170 4311 quae
2191 4239 2304 4298 Deo
2333 4240 2647 4311 deputabat,
2671 4241 2948 4311 professus
2976 4241 3210 4297 alienum
3238 4251 3320 4296 est
3352 4256 3366 4295 :
3396 4255 3518 4296 cum

1909 4351 2077 4392 unum
2108 4337 2278 4393 Deum
2305 4337 2504 4392 bonum
2535 4337 2818 4402 conﬁtens,
2853 4351 2918 4393 ea
2949 4336 3064 4406 ipse
3094 4337 3408 4407 loqueretur
3433 4345 3516 4390 at-

1909 4445 2016 4501 que
2041 4440 2249 4502 ageret,
2276 4445 2397 4502 quae
2424 4429 2584 4486 unius
2641 4430 2733 4486 Dei
2770 4431 3009 4497 virtutis,
3038 4429 3298 4486 bonitatis
3355 4439 3520 4502 atque

1913 4533 2121 4579 natura:
2150 4532 2295 4580 sunt.

1827 4586 1884 4648 D
1987 4619 2073 4675 18.
2110 4615 2354 4690 Hagistri
2385 4633 2498 4672 cum
2526 4618 2632 4689 ﬁde
2655 4632 2838 4672 nomen
2865 4617 3335 4686 accepit.—Quam
3361 4616 3525 4688 igitur

1912 4727 2022 4767 non
2069 4710 2326 4766 bonitatis
2373 4725 2568 4765 nomen
2600 4710 2895 4782 refugerit,
2929 4710 3024 4765 sed
3068 4726 3246 4781 neque
3275 4709 3523 4783 magistri

1913 4803 2174 4859 honorem
2213 4810 2562 4870 recusaverit,
2597 4804 2693 4860 sed
2725 4803 2886 4860 ﬁdem
2923 4804 3043 4876 ejus
3067 4807 3158 4876 qui
3187 4806 3242 4861 in
3291 4819 3352 4863 se
3382 4802 3517 4860 nihil

1912 4900 2016 4955 nisi
2059 4913 2382 4971 corporeum
2412 4907 2467 4955 et
2491 4899 2706 4955 carnale
2735 4900 3042 4972 sapuisset,
3085 4902 3355 4974 arguerit;
3399 4901 3527 4960 hinc

1947 5124 2052 5253 Ι(ε)
2075 5123 2130 5179 In
2153 5138 2257 5178 ms.
2283 5121 2448 5179 Corb.
2477 5122 2751 5194 etaliquot
2770 5122 2911 5192 aliis,
2931 5125 3186 5180 manentis
3201 5124 3261 5180 in
3279 5138 3490 5197 corpore
3503 5140 3526 5181 :

1967 5212 2200 5252 essenta.

1905 5212 2200 5272 glossema.

1981 5287 2160 5363 (d)__Ita
2189 5288 2431 5363 plerique
2459 5300 2589 5363 mss.
2617 5287 2689 5344 At
2713 5286 2874 5352 editi,
2908 5298 3161 5361 aptatum.
3187 5284 3307 5344 Mox
3335 5287 3389 5363 in
3428 5303 3524 5346 co-

1909 5359 2176 5419 dice'Vat.
2204 5359 2322 5417 bas.
2348 5359 2456 5415 toto
2478 5360 2736 5416 enim.....
2760 5359 2966 5434 genere,
2991 5376 3100 5416 non
3131 5368 3238 5416 tuto
3266 5362 3523 5418 cuim.....

1909 5450 2120 5509 genera.

1983 5529 2054 5606 (e)
2088 5528 2256 5586 Vetus
2281 5527 2456 5585 codex
2481 5527 2637 5584 Colb.
2669 5543 2786 5581 cum
2809 5525 2996 5580 bonus.

1995 5623 2068 5697 (f)
2100 5622 2204 5697 (Cui
2250 5619 2729 5697 tamenobsecutus
2760 5633 2823 5697 ex
2847 5617 2998 5697 nullo
3035 5626 3126 5697 erg
3163 5627 3221 5673 ut
3247 5618 3459 5697 dicitur
3473 5629 3529 5697 et

1918 5686 2222 5752 ostenditur
2251 5709 2373 5764 cap.
2425 5693 2494 5748 19
2523 5694 2574 5746 in
2627 5690 2819 5745 Matth.
2875 5703 2930 5743 ιι.
2965 5686 3002 5742 5
3034 5687 3219 5764 :Alfuto
3255 5693 3413 5759 etaim,
3446 5691 3528 5748 in-

1917 5771 2039 5839 quit
2070 5759 2398 5840 Augustintts
2425 5765 2586 5840 epist.
2613 5773 2756 5818 nunc
2785 5773 2946 5828 cum,
2983 5779 3038 5816 ιι.
3056 5759 3136 5840 .25
3161 5780 3172 5816 :
3197 5765 3337 5837 quod
3360 5781 3414 5821 se
3439 5781 3525 5819 ar-

1917 5834 2188 5914 rogantius
2211 5854 2365 5910 quam
2391 5834 2560 5891 aerius
2589 5849 2818 5891 servasse
2841 5834 3197 5906 responderat.
