3988 6332
561 293 671 357 293

1753 295 1997 358 SANCTI
2038 294 2298 357 lllLARII
2337 293 2648 361 EPISCOPI
3709 308 3789 369 296

565 411 912 488 intelligitur,
943 411 1086 486 quod
1131 410 1289 472 aliter
1322 411 1391 471 ad
1418 412 1710 487 Apostolos
1749 416 2066 488 magistrum
2099 431 2159 472 se
2186 419 2240 479 Α
2265 418 2638 476 Testimonium
2685 417 2849 490 patris
2901 416 3046 491 apud
3088 415 3331 485 Iudaeos;
3351 433 3496 490 opera
3530 420 3708 479 Christi.
3737 460 3790 472 -.

567 510 884 564 conﬁtcntes
917 508 1124 564 loculus
1153 519 1256 575 est,
1276 508 1463 564 dicens
1497 507 1627 564 :Vos
1651 526 1729 564 me
1755 511 1946 564 uocatis
1975 511 2166 581 magis-

570 608 704 655 trum
732 611 777 656 et
815 600 1121 667 Dominum,
1161 613 1210 656 et
1241 602 1362 658 bene
1392 602 1587 669 dicitis;
1619 620 1730 658 sum
1760 604 1948 658 etenim
1980 602 2163 676 (Joan.

572 710 690 759 xm,
723 695 837 764 15).
864 705 1060 750 etcum
1089 695 1217 750 alibi
1236 695 1465 751 dixisset
1490 713 1502 750 :
1532 695 1617 750 Ne
1643 697 2164 769 voceminintagistri,

569 786 690 856 quia
717 788 959 859 magister
979 796 1139 842 vester
1165 785 1400 842 Christus
1428 798 1501 842 est
1529 787 1706 861 (Matt.
1744 805 1894 852 xxttt,
1933 787 2044 860 10).
2069 788 2168 844 Ubi

571 892 690 933 cum
724 877 826 934 ﬁde
852 878 1109 951 magister
1132 888 1236 948 est,
1269 880 1342 936 ibi
1365 880 1500 937 adeo
1520 881 1720 947 laudat,
1752 891 1813 938 ut
1835 891 1890 937 et
1920 883 2171 953 proﬁtea-

575 984 660 1032 lur
688 975 790 1031 hoc
834 992 1032 1032 nomen
1061 993 1074 1030 :
1107 976 1192 1034 hic
1219 992 1348 1033 vero
1377 977 1500 1032 boni
1551 978 1791 1050 magistri
1832 992 2030 1034 nomen
2061 994 2170 1034 non

573 1066 955 1141 recognoscit,
1001 1069 1090 1126 ubi
1119 1085 1217 1126 nec
1251 1068 1512 1126 Dominus
1555 1069 1864 1127 intellectus
1892 1080 1978 1127 est
2009 1086 2129 1127 esse
2155 1111 2172 1139 ,

575 1178 676 1219 nec
706 1161 952 1220 Christus
985 1179 998 1220 :
1031 1164 1205 1221 solum
1227 1181 1391 1221 unum
1429 1165 1597 1220 Deum
1617 1165 1819 1222 bonum
1851 1165 2173 1234 praedicans,

577 1274 684 1313 non
712 1271 772 1314 se
798 1258 984 1327 utique
1021 1273 1051 1313 a
1080 1258 1190 1314 Deo
1219 1257 1296 1331 (Ι)
1327 1273 1634 1325 secernens,
1669 1260 1759 1329 qui
1794 1266 1850 1313 et
1889 1257 2176 1313 Dominum

579 1369 639 1411 se
687 1352 962 1424 professus
1009 1362 1065 1412 et
1107 1353 1404 1422 Christum,
1439 1353 1629 1410 ducem
1662 1352 1904 1410 thesauri
1939 1353 2180 1411 ctelestis

579 1446 847 1503 ostendat.

660 1541 745 1597 19.
783 1539 977 1612 Ubique
1003 1538 1256 1596 Dominus
1279 1558 1371 1596 nec
1400 1541 1634 1598 eumdem
1661 1558 1776 1597 cum
1805 1539 1959 1598 Patre
1984 1558 2076 1598 nec
2103 1541 2184 1597 di-

583 1651 783 1690 versum
821 1650 875 1691 sc
925 1635 1208 1706 proﬁtetur.
1264 1635 1415 1690 Fidei
1453 1639 1679 1705 honore,
1727 1636 1955 1708 adeoque
1999 1646 2186 1692 natura

584 1728 719 1799 patri
744 1744 796 1781 se
825 1727 1338 1800 azquavit.-—Tenuit
1365 1737 1546 1786 autem
1581 1732 1721 1785 hunc
1750 1745 1964 1800 semper
1995 1730 2182 1785 Domi-

2271 515 2604 587 Qnamquam
2655 517 2816 586 igitur
2843 516 2895 570 in
2930 515 3178 586 plurimis
3226 530 3290 571 ac
3316 531 3447 586 pene
3473 520 3686 575 omnibus
3706 523 3790 579 dic-

2274 609 2340 663 tis
2387 609 2708 666 sacramenti
2745 609 2904 680 hujus
2949 609 3263 680 prmstiterit
3318 609 3704 682 absolutionem,
3742 631 3792 673 ne

2271 705 2488 775 quando
2517 704 2800 762 confessus
2831 705 2997 762 Deum
3029 713 3233 776 patrem
3260 747 3274 771 ,
3307 704 3374 762 ab
3397 706 3507 775 ejus
3551 721 3602 762 se
3639 706 3792 767 unitate

2273 797 2643 864 discerneret;
2678 814 2853 870 neque
2899 813 2961 854 se
3012 799 3066 854 in
3100 798 3308 856 unitate
3352 799 3510 869 ipsius
3546 800 3794 870 collocans,

2273 891 2526 948 eumdem
2556 901 2734 948 tamen
2777 907 2942 948 unum
2969 900 3025 946 et
3046 891 3346 948 solitarium
3378 891 3717 961 proﬁteretur:
3740 904 3795 950 ta-

2277 1001 2400 1040 men
2430 985 2591 1040 etiam
2623 1000 2688 1040 ex
2717 985 2819 1040 hoc
2840 984 2927 1040 vel
2957 984 3193 1039 maxime
3223 983 3529 1055 intelligitur
3552 999 3797 1041 sacramen-

2279 1087 2390 1135 tum
2409 1089 2467 1151 et
2488 1079 2707 1135 unitatis
2723 1088 2780 1136 et
2801 1079 3090 1135 nativitatis
3109 1079 3438 1145 doceri,cum
3452 1078 3539 1146 ait,
3562 1078 3660 1151 Ego
3675 1089 3799 1135 autem

2280 1172 2442 1228 habeo
2463 1172 2808 1228 testimonium
2832 1174 3002 1245 majus
3027 1169 3252 1227 Joanne.
3285 1171 3452 1241 Opera
3476 1171 3597 1225 enim
3627 1188 3718 1242 que
3737 1173 3801 1228 de-

2281 1267 2356 1322 dit
2380 1267 2506 1320 nu'hi
2536 1265 2695 1320 Pater
2721 1274 2775 1319 ut
2815 1265 3080 1334 perﬁciam
3108 1279 3190 1330 ea,
3234 1265 3346 1333 ipsa
3375 1279 3522 1336 Opera
3548 1279 3646 1333 qua:
3678 1263 3797 1334 facio,

2284 1359 2624 1414 testimonium
2650 1357 2916 1430 perhibent
2940 1357 3003 1413 de
3034 1374 3132 1420 me,
3162 1357 3403 1427 quoniam
3425 1355 3576 1412 Pater
3595 1373 3662 1412 me
3682 1357 3798 1416 misit.

2284 1449 2354 1504 Et
2379 1452 2467 1522 qui
2487 1451 2624 1506 misit
2664 1467 2742 1504 me
2771 1448 2946 1516 Pater,
2980 1449 3090 1520 ipse
3115 1448 3411 1518 testiﬁcatus
3449 1451 3594 1502 estde
3617 1463 3698 1503 nte.
3724 1447 3801 1502 Ne-

2284 1563 2384 1617 que
2411 1561 2586 1601 vocem
2612 1547 2724 1616 eius
2749 1560 2991 1615 umquam
3016 1544 3234 1599 audistis
3258 1585 3273 1609 ,
3323 1559 3482 1614 neque
3505 1544 3696 1615 ﬁgurant
3722 1546 3801 1618 ejus

2289 1639 2516 1705 vidistis,
2561 1649 2606 1693 et
2637 1637 2841 1692 verbum
2865 1638 2980 1706 eius
3016 1652 3121 1690 non
3159 1635 3357 1690 habetis
3383 1636 3434 1690 in
3464 1635 3591 1691 vobis
3612 1651 3802 1691 manens:

2289 1733 2529 1803 quoniam
2554 1748 2702 1800 quem
2725 1732 2864 1785 misit
2884 1730 2992 1796 ille,
3015 1729 3136 1783 huic
3159 1745 3246 1784 vos
3271 1745 3374 1784 non
3390 1729 3581 1783 creditis
3600 1727 3742 1800 (Joan.
3763 1743 3801 1795 ι,

585 1837 687 1878 nus
727 1823 850 1879 ﬁdei
905 1823 1288 1880 ecclesiasticae
1341 1824 1594 1892 modum,
1651 1831 1710 1879 nt
1751 1833 1956 1896 patrem
2011 1824 2182 1880 Deum
2210 1826 2260 1890 B
2288 1825 2358 1882 56
2383 1836 2430 1882 et
2457 1823 2643 1897 seqq).
2679 1825 2891 1881 Patrem
2931 1833 3181 1878 testatum
3212 1836 3335 1878 esse
3354 1822 3423 1878 de
3451 1821 3576 1877 Filio
3599 1819 3804 1891 quomodo

585 1933 751 1974 unum
785 1919 1105 1989 praedicans,
1135 1933 1164 1972 a
1188 1927 1525 1974 sacramento
1546 1933 1605 1974 se
1633 1918 1726 1974 Dei
1773 1934 1880 1972 non
1907 1926 2185 1988 separaret

587 2013 748 2068 nnins
770 2055 784 2078 ,
828 2011 954 2068 dum
983 2027 1082 2084 per
1113 2023 1358 2069 naturam
1407 2011 1702 2067 nativitatis
1731 2026 1906 2081 neque
1933 2011 2095 2066 alium
2126 2025 2187 2067 se

587 2103 758 2176 Deum
788 2105 1129 2175 proﬁteretur
1158 2120 1302 2173 esse,
1339 2121 1514 2176 neque
1537 2105 1712 2177 ipsum
1739 2123 1752 2160 :
1780 2103 1902 2177 quia
1931 2120 2054 2161 enm
2084 2118 2186 2161 nec

587 2198 785 2255 diversi
812 2198 1025 2269 generis
1047 2199 1214 2256 Deum
1241 2214 1361 2256 esse
1394 2207 1582 2254 natura
1611 2199 1662 2254 in
1691 2214 1758 2255 eo
1781 2199 1938 2255 unius
1964 2199 2060 2254 Dei
2095 2213 2190 2268 pa-

589 2293 738 2362 titur,
771 2310 947 2366 neque
977 2295 1228 2350 nativitas
1271 2295 1508 2351 admittit
1552 2310 1657 2350 non
1688 2294 1984 2365 perfectum
2025 2293 2189 2366 272

588 2388 650 2467 ei~
678 2402 800 2444 esse
843 2388 986 2459 quod
1013 2389 1154 2443 ﬁlius
1175 2397 1279 2445 est.
1307 2387 1384 2442 lta
1414 2402 1516 2444 nec
1555 2384 1874 2457 separabilis
1895 2401 1923 2439 a
1951 2386 2064 2441 Deo
2095 2400 2192 2456 po-

590 2490 697 2536 test
725 2495 865 2548 esse,
891 2497 1067 2552 neque
1093 2482 1210 2552 ipse
1235 2490 1337 2536 est.
1367 2481 1472 2536 Per
1497 2481 1638 2552 quod
1690 2481 1764 2536 ita
1803 2495 2020 2536 omnem
2060 2495 2192 2536 ser-

590 2574 769 2628 monis
794 2573 876 2629 sni
907 2573 1357 2644 signiﬁcationem
1391 2582 1675 2644 temperat,
1717 2584 1774 2629 ut
1795 2571 2051 2644 quidquid
2078 2573 2192 2630 Deo

594 2669 730 2738 patri
759 2656 983 2724 honoris
1009 2677 1400 2738 protestaretur
1421 2707 1436 2735 ,
1468 2666 1522 2722 id
1555 2666 1952 2723 modestissima
1973 2665 2191 2724 confes-

592 2762 747 2815 sione
768 2760 929 2815 etiam
954 2759 1055 2816 sibi
1075 2759 1348 2831 proprium
1376 2774 1498 2816 esse
1514 2769 1860 2815 monstraret.
1884 2759 2020 2814 Cum
2049 2759 2191 2816 enim

593 2851 692 2920 ait,
725 2850 926 2908 Credite
955 2853 1009 2908 in
1044 2851 1244 2924 Deum,
1286 2853 1414 2908 etin
1441 2870 1518 2910 me
1546 2852 1736 2909 credite
1761 2850 1942 2922 (Joan.
1976 2868 2084 2921 xiv,
2116 2852 2191 2922 1),

594 2961 777 3018 (ιιιωιὈ
811 2945 888 3020 (a)
937 2948 987 3002 iu
1020 2963 1126 3019 quo
1158 2963 1218 3004 se
1247 2948 1300 3003 in
1331 2959 1518 3003 natura
1564 2946 1918 3011 discreverit,
1951 2947 2041 3018 qui
2085 2963 2191 3004 non

593 3039 849 3098 discrevit
881 3041 933 3096 in
972 3041 1217 3098 honore?
1259 3042 1454 3099 Dicens
1479 3041 1623 3098 enim
1645 3084 1661 3110 ,
1694 3041 1761 3096 Et
1799 3043 1853 3097 in
1881 3058 1961 3097 me
1982 3043 2192 3110 credite,

593 3149 716 3190 cum
745 3133 991 3201 dixisset,
1035 3133 1101 3190 Et
1146 3136 1198 3189 in
1230 3133 1394 3190 Deum
1437 3135 1624 3191 credite
1647 3151 1666 3190 :
1687 3150 1828 3191 anne
1855 3150 1950 3206 per
1971 3133 2024 3190 id
2051 3133 2194 3206 quod

2288 1935 2416 1975 vere
2446 1918 2779 1989 intelligitur,
2811 1932 2932 1972 cum
2963 1931 3064 1973 nec
3087 1915 3203 1987 ipse
3226 1916 3377 1971 visus
3398 1915 3486 1978 sit.
3510 1929 3600 1971 nec
3619 1929 3706 1968 vos
3722 1912 3803 1983 ejus

2287 2012 2468 2068 audita
2494 2013 2599 2068 sit?
2642 2012 2856 2068 Memini
2884 2010 3100 2082 quidem
3143 2011 3208 2066 de
3247 2010 3405 2067 caelis
3429 2009 3645 2064 auditam
3669 2021 3802 2062 vocem

2290 2107 2480 2174 fuisse,
2500 2105 2766 2162 dicentem
2795 2121 2809 2160 :
2833 2105 2928 2159 llic
2957 2115 3039 2160 est
3067 2103 3208 2161 ﬁlius
3232 2118 3388 2160 meus
3415 2102 3647 2168 dilectus,
3671 2100 3712 2157 in
3734 2113 3806 2172 quo

2291 2203 2375 2276 (5)
2403 2204 2476 2272 (c)
2522 2204 2661 2258 bene
2687 2201 2848 2274 273
2877 2198 3175 2270 complacni
3210 2215 3225 2252 :
3259 2199 3405 2254 hunc
3445 2198 3614 2254 audite
3650 2195 3804 2267 (Matth.

2291 2310 2372 2361 ιιι,
2407 2295 2512 2366 t7).
2546 2295 2611 2349 Et
2636 2293 2906 2366 quomodo
2934 2307 3035 2348 vo:
3069 2290 3169 2348 Dei
3214 2290 3401 2347 audita
3447 2305 3550 2346 non
3585 2297 3689 2356 est,
3723 2301 3806 2343 cum

2292 2395 2534 2459 paterna:
2562 2386 2710 2441 vocis
2763 2385 3213 2456 signiﬁcationem
3263 2381 3349 2456 (6)
3399 2383 3450 2439 in
3490 2396 3548 2438 se
3573 2396 3664 2437 vox
3683 2380 3808 2435 audita

2293 2479 2607 2536 contineat?
2655 2479 2762 2536 Sed
2810 2478 2952 2534 forte
2995 2477 3049 2532 in
3078 2477 3440 2549 Jerosolymis
3463 2483 3708 2533 manentes
3739 2486 3812 2528 non

2293 2576 2601 2641 audierunt,
2631 2577 2756 2646 quia
2787 2574 2840 2629 in
2870 2572 3102 2629 desertis
3146 2572 3390 2627 Joannes
3445 2571 3584 2628 solus
3628 2567 3810 2624 audierit.

2294 2669 2655 2739 Qumrendutn
2700 2683 2830 2740 ergo
2871 2668 2922 2722 in
2979 2665 3334 2736 Jerosolymis
3368 2663 3626 2736 quomodo
3650 2670 3814 2718 testatus

2295 2775 2379 2820 est
2407 2764 2604 2821 Pater?
2653 2762 2770 2820 Non
2798 2763 2940 2818 enim
2970 2760 3281 2817 testimonio
3313 2760 3430 2831 jam
3461 2757 3664 2815 Joannis
3702 2755 3815 2810 utitur

2299 2879 2485 2921 vocem
2527 2878 2559 2919 e
2585 2863 2726 2919 coelo
2749 2860 3038 2925 audientis,
3069 2857 3165 2914 sed
3191 2856 3361 2914 habet
3387 2853 3717 2912 testimonium
3739 2864 3815 2906 ma-

2294 2957 2384 3028 jus
2414 2956 2623 3012 Joanne
2645 2996 2660 3021 ,
2703 2963 2760 3010 et
2803 2951 2948 3024 quod
2977 2953 3080 3007 hoc
3121 2959 3295 3017 esset,
3327 2950 3584 3005 continuo
3621 2940 3814 3014 subjecit:

2302 3051 2474 3120 Opera
2496 3049 2630 3124 enim
2659 3062 2774 3115 qua:
2799 3046 2938 3100 dedit
2963 3043 3087 3102 mihi
3117 3043 3278 3098 Pater
3301 3054 3360 3097 ut
3376 3041 3626 3113 perﬁciam
3647 3053 3712 3103 ea,
3739 3034 3817 3103 ipsa

2299 3160 2456 3214 opera
2479 3158 2594 3214 qua:
2616 3141 2774 3213 facio,
2807 3139 3152 3194 testimonium
3171 3137 3440 3209 perhibent
3460 3138 3521 3190 de
3537 3150 3626 3198 me,
3644 3129 3820 3204 quoniam

593 3230 705 3297 ait,
737 3231 791 3284 in
819 3247 919 3297 me,
951 3245 1055 3286 non
1084 3239 1138 3286 et
1158 3245 1310 3286 suam
1342 3229 1660 3302 intelligitur
1687 3230 2019 3302 signiﬁcasse
2039 3239 2196 3286 nalu-
2219 3231 2264 3296 C
2304 3235 2459 3291 Pater
2480 3251 2562 3290 me
2584 3234 2737 3289 misit.
2762 3235 3010 3305 Agnosco
3033 3229 3331 3287 testimonii
3355 3231 3699 3287 auctoritatem
3723 3242 3733 3280 :
3756 3236 3820 3277 ne-

595 3323 758 3378 ram‘!
789 3322 1043 3378 Naturam
1076 3323 1234 3394 plane
1273 3339 1500 3395 separa,
1549 3325 1593 3380 si
1639 3323 1800 3379 ﬁdem
1845 3339 2084 3394 separas.
2137 3321 2196 3380 Si

597 3415 896 3473 credidisse
917 3419 1036 3474 sine
1061 3416 1278 3473 Christo
1320 3418 1370 3472 in
1403 3418 1570 3474 Deum
1602 3417 1710 3474 vita
1740 3419 1832 3484 sit,
1857 3419 2130 3475 Christum
2165 3432 2195 3471 a

600 3509 696 3567 Dei
744 3518 798 3566 et
826 3509 1048 3568 nomine
1076 3519 1132 3568 et
1157 3512 1485 3583 proprietate
1530 3511 1746 3567 divelle.
1777 3510 1933 3580 Quod
1959 3511 2006 3567 si
2030 3512 2195 3568 vitam

599 3604 814 3676 perﬁcit
841 3605 1060 3662 credere
1092 3605 1170 3679 (b)
1198 3606 1251 3660 in
1282 3604 1498 3663 Christo
1521 3621 1646 3671 eos,
1677 3606 1766 3677 qui
1795 3607 1847 3660 in
1879 3607 2048 3663 Deum
2079 3621 2198 3664 cre-

599 3697 749 3764 dant;
775 3699 921 3754 verbi
946 3698 1195 3755 virtutem
1225 3699 1452 3770 diligens
1480 3698 1652 3754 lector
1673 3697 1962 3769 expendat,
1996 3697 2200 3755 Credite

598 3793 653 3848 in
679 3791 868 3860 Deum,
899 3803 949 3848 et
993 3793 1046 3848 in
1097 3810 1176 3849 me
1213 3793 1423 3848 credite.
1454 3793 1587 3848 Cum
1614 3793 1756 3849 enim
1787 3793 1881 3858 ait,
1917 3792 2118 3850 Credite
2144 3795 2200 3849 in

599 3885 791 3954 Deum,
819 3897 866 3942 et
891 3887 943 3942 in
971 3905 1052 3944 me
1076 3887 1289 3955 credite,
1315 3887 1507 3944 unicus
1528 3902 1586 3942 se
1615 3887 1735 3943 ﬁdei
1769 3887 1886 3952 Dei,
1919 3895 1973 3944 et
1994 3899 2199 3944 natura:

598 3982 715 4053 ejus
746 3981 936 4050 univit,
971 3981 1052 4056 ('2)
1081 3997 1203 4038 cum
1237 3991 1534 4038 memorato
1576 3981 1719 4051 Deo,
1762 3979 1815 4036 in
1859 3998 2019 4053 quem
2051 3981 2199 4038 credi

597 4087 894 4148 oporteret,
943 4088 998 4134 et
1026 4079 1078 4134 in
1118 4094 1177 4135 se
1204 4077 1450 4134 docuerit
1477 4093 1596 4133 esse
1623 4077 1950 4134 credendum
1981 4096 1994 4133 :
2029 4079 2197 4135 Deum

599 4188 658 4228 se
692 4189 784 4242 per
809 4171 862 4228 id
889 4172 1110 4237 docens.
1143 4189 1265 4229 cum
1298 4173 1627 4230 credendum
1658 4174 1739 4246 (ὅ)
1789 4175 1840 4228 in
1883 4190 2007 4230 eum
2034 4175 2105 4230 sit
2133 4176 2200 4230 ab

601 4266 686 4322 his
712 4307 726 4336 ,
765 4267 853 4337 qni
889 4268 938 4322 in
968 4267 1140 4322 Deum
1163 4266 1408 4322 credant.
1441 4266 1792 4322 Occasionem
1817 4276 1996 4324 tamen
2025 4267 2204 4322 irreli-

599 4360 767 4430 giosa:
788 4359 1001 4414 nnionis
1027 4357 1258 4416 exclusit
1281 4376 1293 4412 :
1321 4358 1442 4430 quia
1467 4375 1588 4414 cum
1620 4368 1674 4414 et
1696 4360 1747 4414 in
1777 4359 1968 4428 Deum,
1995 4362 2114 4417 etin
2142 4376 2202 4417 se

602 4450 927 4507 credendum
951 4450 1224 4523 professus
1243 4450 1334 4517 sit,
1367 4451 1526 4506 ﬁdem
1549 4450 1616 4507 de
1637 4465 1696 4506 se
1728 4450 1805 4524 (4)
1832 4452 2074 4509 solitario
2091 4471 2200 4512 non

603 4545 837 4616 reliquit.

2301 3347 2407 3403 que
2436 3332 2579 3388 enim
2627 3330 2908 3401 quisquam
2939 3327 3042 3383 nisi
3073 3325 3241 3382 Filius
3279 3342 3311 3382 a
3356 3325 3514 3382 Patre
3554 3323 3722 3380 missus
3742 3317 3821 3374 hac

2301 3435 2508 3499 ageret.
2548 3425 2695 3496 Opus
2738 3439 2867 3495 ergo
2903 3439 3060 3478 suum
3093 3423 3460 3479 testimonium
3490 3431 3586 3478 est.
3625 3416 3712 3476 Sed
3733 3411 3822 3486 quid

2301 3521 2518 3576 tandem
2548 3518 2819 3589 sequitur?
2851 3517 2918 3572 Et
2963 3518 3053 3587 qui
3087 3533 3165 3572 me
3191 3517 3332 3571 misit
3366 3515 3544 3579 Pater,
3576 3515 3672 3585 ipse
3691 3505 3821 3574 testiﬁ-

2303 3623 2448 3669 catus
2473 3622 2546 3668 est
2573 3611 2636 3667 de
2662 3625 2758 3665 me.
2807 3608 2987 3680 Neque
3015 3625 3186 3664 vocem
3211 3612 3328 3684 ejus
3369 3623 3606 3680 umquam
3644 3599 3824 3665 audistis,

2302 3723 2462 3779 neque
2491 3707 2712 3777 ﬁguram
2742 3706 2854 3776 ejus
2885 3704 3102 3770 vidistis,
3134 3715 3182 3759 et
3213 3703 3422 3759 verbum
3448 3707 3559 3777 ejus
3583 3717 3671 3756 non
3686 3692 3827 3750 habetis

2303 3803 2356 3859 in
2377 3801 2516 3858 vobis
2559 3817 2792 3856 manens.
2843 3800 3006 3856 Extra
3033 3799 3239 3855 crimen
3272 3814 3406 3870 ergo
3434 3806 3557 3854 sunt
3591 3797 3828 3866 ignorantes

2307 3895 2670 3952 testimonium
2705 3891 2878 3949 Patris
2897 3934 2911 3959 ,
2959 3893 3049 3964 qni
3081 3892 3134 3947 in
3163 3893 3247 3948 his
3277 3907 3566 3963 numquam
3594 3885 3829 3944 anditnsac

2303 3992 2451 4046 visus
2478 3989 2568 4054 sit,
2593 3997 2647 4042 ct
2674 3987 2725 4042 in
2753 3985 2836 4042 his
2865 4001 2972 4040 non
3001 3985 3456 4042 maneatverbum
3487 3980 3634 4054 ejus?
3657 3975 3741 4036 Sed
3756 3984 3831 4028 non

2303 4090 2430 4138 sunt
2476 4082 2577 4136 sub
2608 4080 2762 4136 venia
2793 4078 3050 4151 incogniti
3091 4078 3192 4134 sibi
3238 4078 3534 4135 testimonii
3564 4074 3705 4146 :quia
3728 4065 3833 4124 testi-

2306 4173 2546 4229 monium
2592 4173 2658 4229 de
2686 4189 2746 4230 se
2791 4173 2966 4229 Patris
2995 4189 3218 4243 operum
3265 4186 3492 4227 suorum
3540 4159 3832 4224 testimonium

2305 4285 2428 4328 esse
2468 4270 2772 4340 proﬁtetur.
2801 4269 2976 4339 Opera
3009 4269 3172 4338 igitur
3198 4266 3266 4322 de
3297 4281 3365 4322 eo
3407 4272 3659 4321 testantur
3679 4251 3786 4328 quod
3813 4264 3834 4303 α

2306 4363 2465 4418 Patre
2494 4362 2564 4417 sit
2601 4361 2830 4426 missus;
2875 4361 2970 4415 sed
3011 4359 3113 4415 hoc
3153 4373 3378 4430 operum
3417 4351 3747 4413 testimonium
3766 4343 3836 4399 Pa-

2306 4457 2403 4511 tris
2425 4463 2525 4511 est.
2558 4455 2620 4511 Et
2650 4469 2771 4510 cum
2801 4455 3044 4525 operatio
3073 4452 3199 4508 Filii
3227 4452 3406 4508 Patris
3430 4448 3756 4508 testimonium
3773 4437 3837 4503 sit,

2306 4565 2424 4605 eam
2455 4563 2676 4604 necesse
2707 4557 2786 4605 est
2809 4549 3018 4619 operari
3043 4547 3093 4602 in
3121 4545 3341 4603 Christo
3365 4557 3604 4602 naturam
3627 4539 3697 4614 (ιι)
3723 4530 3838 4592 intel-

672 4639 765 4695 2οο
797 4639 955 4695 Pater
1009 4624 1072 4696 άε
1118 4638 1260 4696 F550
1298 4648 1509 4705 ’θειαιηο
1559 4649 1606 4696 et
1654 4657 1756 4697 non
1803 4641 2011 4698 auditus
2056 4644 2200 4715 quid.
2235 4642 2285 4705 D
2309 4645 2578 4718 ligendatn
2605 4659 2748 4708 esse,
2781 4657 3054 4715 perquam
3079 4643 3232 4699 testis
3258 4649 3311 4698 et
3340 4641 3502 4697 Pater
3521 4625 3841 4701 est.Atqueila

677 4779 758 4854 (ι)
784 4780 1033 4854 Secernit.

674 4852 754 4924 (2)
783 4852 912 4924 Cum
939 4863 1357 4909 commemorato.

675 4923 758 4996 (5⁷)
785 4923 851 4978 In
879 4941 940 4978 eo
965 4927 1050 4980 sit.
1071 4925 1161 4980 Sic
1194 4935 1350 4980 antea
1381 4925 1593 4982 dixerat
1623 4924 1886 4990 Hilarius,
1916 4927 2120 4983 credere
2148 4929 2201 4984 in

604 4996 827 5053 Christo.
877 4996 1106 5068 Exinde,
1134 4997 1419 5068 inreligiosi
1447 4998 1672 5060 nnionis,
1706 5007 1764 5051 ut
1794 4999 1874 5052 vel
1919 4997 2043 5054 hinc
2073 5016 2202 5056 con-

603 5071 850 5126 ﬁrmetur
891 5067 1198 5138 conjectura
1227 5067 1528 5124 dOCllSSlllll
1559 5071 1784 5125 editur-is
1831 5069 2198 5138 Benedictini,

601 5140 925 5214 suspicantis
951 5141 1270 5198 vocabulum
1300 5143 1503 5196 unionis
1545 5143 1825 5197 masculini
1856 5142 2072 5213 generis
2107 5143 2205 5200 lii-

677 5281 752 5353 (a)
787 5279 1008 5353 Aliquot
1029 5278 1365 5353 recentiores
1395 5292 1524 5332 mss.
1571 5277 1624 5332 in
1651 5293 1750 5348 quo
1779 5294 1832 5332 se
1848 5288 2068 5353 natura.
2096 5279 2208 5353 So-

602 5350 1037 5410 lus'COdex'Vat.
1068 5351 1182 5407 bas.
1248 5350 1300 5404 in
1339 5366 1440 5419 qua
1489 5365 1542 5404 se
1583 5361 1788 5404 natura.
1846 5350 2205 5408 Retinendum

602 5440 723 5480 enm
759 5423 879 5480 aliis
901 5425 957 5478 in
983 5439 1103 5492 quo,
1134 5422 1239 5478 hoc
1263 5429 1366 5485 est,
1399 5433 1680 5491 qnatentts.

675 5496 753 5572 (b)
783 5497 1062 5572 Mancinus
1087 5497 1141 5549 in
1171 5493 1454 5572 Christum,
1486 5495 1528 5548 si
1560 5510 1693 5572 mss,
1717 5493 2001 5572 accederet
2023 5503 2209 5549 aucto-

603 5565 756 5625 ritas.
782 5568 1020 5623 Subinde
1055 5571 1104 5622 in
1133 5582 1237 5622 ms.
1267 5565 1385 5620 Vat.
1417 5566 1558 5633 bas.,
1589 5565 1857 5620 verborum
1877 5567 2131 5620 uirtutem.

679 5639 748 5712 (c)
777 5639 1117 5697 Colbertinus
1143 5639 1336 5712 codex,
1383 5639 1504 5712 bene
1535 5639 1731 5712 placui.
1761 5636 1975 5692 Nullum
1998 5637 2098 5712 llic
2127 5640 2208 5692 in-

603 5707 944 5768 commodum
970 5753 985 5775 ,
1027 5711 1168 5784 quod
1200 5710 1362 5784 verba
1395 5707 1542 5784 hunc
1558 5709 1769 5784 audite,
1802 5724 1908 5765 non
1947 5707 2013 5764 ad
2043 5707 2208 5784 Joan-

606 5798 730 5839 nem
756 5784 808 5840 in
839 5779 1107 5853 desertis,
1149 5783 1244 5840 sed
1289 5781 1356 5838 ad
1386 5782 1677 5850 Apostolos
1719 5779 1774 5837 in
1826 5792 2010 5839 monte
2064 5782 2203 5837 facta

606 5853 715 5912 sint
740 5873 753 5912 :
787 5871 908 5914 cum
933 5853 988 5912 in
1015 5853 1096 5913 his
1121 5898 1138 5927 ,
1182 5854 1284 5912 Hic
1310 5866 1384 5912 est
1419 5856 1560 5926 ﬁlius
1584 5870 1746 5923 meus,
1772 5853 1856 5912 vis
1898 5855 2200 5928 argumenti

2308 4785 2443 4844 latio
2467 4801 2608 4843 esse.
2635 4783 2892 4856 Ejusdem
2919 4783 3138 4856 generis
3166 4782 3265 4856 fuit
3291 4782 3342 4837 id
3367 4780 3598 4838 nominis
3617 4773 3738 4848 apud
3760 4782 3842 4826 om-

2305 4877 2423 4920 nes.
2457 4875 2578 4915 cum
2619 4853 2716 4928 pro
2743 4853 3024 4927 margarita
3048 4853 3348 4928 adhibitum
3377 4865 3484 4911 est.

2381 4930 2460 5003 (ί)
2495 4931 2550 5003 lu
2585 4927 2845 5003 anteriori
2875 4937 3013 4996 erat,
3037 4927 3273 4982 solitarii.

2381 5001 2459 5071 (5)
2496 5001 2635 5058 Bene
2666 5002 2865 5072 placui.

2381 5073 2463 5148 (6)
2491 5074 2559 5128 In
2587 5091 2641 5129 se
2664 5071 2801 5143 ipsa.
2835 5073 3053 5139 Postea,
3083 5071 3379 5126 audierant.

2313 5279 2523 5354 sita_sit.
2544 5277 2649 5354 Sed
2677 5279 2992 5354 mirnm‘qui
3014 5289 3233 5354 sanctus
3256 5279 3454 5354 Doctor
3475 5275 3666 5354 verbaa
3689 5269 3847 5354 Joanne

2310 5350 2496 5406 audita
2529 5350 2623 5405 lib.
2657 5367 2729 5419 vr,
2759 5367 2815 5406 n.
2845 5336 2932 5418 19;
2963 5351 3225 5419 proferat,
3258 5354 3328 5405 uti
3352 5366 3417 5408 ea
3443 5349 3684 5420 habemus
3704 5336 3848 5420 init}!-

2311 5433 2434 5494 gata
2479 5424 2666 5477 Matth.
2713 5409 2789 5483 in.
2823 5409 3079 5489 “(libro
3109 5409 3286 5479 autem
3317 5437 3432 5496 vni,
3463 5439 3537 5496 n._
3667 5409 3844 5496 ςιβιιὼὶτ

2313 5485 2492 5564 qualia
2520 5496 2652 5565 psal.
2677 5511 2736 5558 ιι,
2767 5496 2820 5561 7,
2864 5485 3108 5557 existant.
3154 5510 3217 5550 ac
3276 5485 3488 5550 tandem
3524 5485 3848 5565 hicAutijacenl

2313 5559 2666 5630 biatthfxvu,
2697 5565 2750 5620 5.
2779 5559 2981 5621 Deinde
3013 5576 3249 5632 paterna:
3281 5565 3427 5621 vocis
3466 5560 3846 5632 signiﬁrationetn
3928 5559 3929 5632 ᾖ

2312 5639 2367 5692 in
2397 5638 2575 5694 audita
2610 5629 2760 5709 vace,
2789 5654 2910 5708 qnte
2953 5629 3147 5692 Filium
3195 5637 3599 5709 demonstrarit,
3637 5629 3848 5709 contineri

2309 5710 2468 5782 docet
2498 5728 2512 5766 :
2543 5711 2667 5781 quia
2693 5701 2838 5765 ﬁlius
2859 5709 3152 5781 signiﬁcari
3174 5710 3377 5782 nequit,
3409 5709 3535 5780 quin
3561 5701 3706 5761 simul
3723 5701 3848 5768 signt-
3928 5719 3929 5782 ἦ

2310 5781 2782 5858 [ἰοᾳιιιιξθιλριιιετ.
2895 5853 2908 5858 _
3072 5855 3082 5858 _
3228 5853 3259 5858 _
3355 5852 3367 5858 _
3521 5847 3630 5858 ω’,
3699 5843 3709 5856 ο
3774 5847 3845 5858 ___A
3928 5781 3929 5840 ἕ

2383 5853 2466 5927 (d)
2493 5853 2550 5911 ln
2578 5847 2832 5912 Tractatu
2877 5853 2948 5912 de
2993 5855 3202 5914 unitate
3228 5852 3403 5912 Patris
3431 5860 3488 5912 et
3518 5847 3662 5917 Filii,
3697 5847 3742 5900 in
3766 5847 3847 5910 quo
