3988 6332
167 276 256 333 297

1360 275 1448 331 DE
1487 273 1859 334 TRINI'I‘ATE
1910 278 2110 336 LIBER
2151 279 2241 337 IX.

3346 276 3453 339 298

167 391 395 449 Christus
416 403 668 461 operans,
700 389 781 465 (α)
808 401 865 449 et
895 392 947 449 in
979 392 1097 464 ejus
1123 407 1289 461 opere
1316 394 1478 451 Pater
1506 405 1707 452 testans
1731 437 1745 461 ,
1778 401 1824 459 A
1861 399 2080 469 cipictis.
2118 400 2385 464 ριιοηιυιιο
2418 397 2624 470 potestis
2676 416 2761 454 vos
2805 398 3009 453 credere
3031 441 3045 465 ,
3084 399 3170 471 qui
3211 405 3457 455 honorem

168 485 242 560 (1)
279 482 1044 555 ostendunturinseparabilis
1089 486 1386 543 secundum
1418 488 1751 543 nativitatem

167 593 273 637 esse
298 586 539 646 natura};
594 594 718 636 cum
765 580 863 637 Dei
892 580 959 636 de
986 580 1203 637 Christo
1230 582 1597 639 testimonium
1624 624 1639 649 ,
1688 596 1752 638 ea

171 678 270 749 ipsa
292 672 493 730 Christi
515 689 637 731 esse
664 674 1000 748 signiﬁcetur
1034 675 1300 745 operatio.

132 806 141 815 .
229 765 315 821 2i.
345 765 523 822 ,Ιαάωί
554 765 767 822 Patrem
798 784 900 823 non
930 767 1168 823 uiderunt
1193 778 1283 824 aut
1305 768 1601 836 audierunt,
1634 769 1758 840 quia

173 858 359 916 Christo
405 876 510 917 non
546 861 897 917 crediderunt.
936 861 1072 917 Hinc
1099 872 1287 917 natura
1327 864 1588 934 utriusque
1627 878 1755 917 una.

170 949 362 1007 —-Non
393 962 522 1009 sunt
564 954 745 1025 itaque
788 963 951 1010 extra
993 965 1203 1011 reatum
1259 971 1367 1011 non
1412 954 1611 1027 cogniti
1656 954 1757 1010 sibi

177 1046 493 1114 testimonii;
517 1064 639 1104 cum
668 1063 807 1120 opus
831 1048 1031 1105 Christi
1060 1050 1434 1107 tesumonium
1464 1049 1534 1106 de
1559 1065 1627 1105 eo
1658 1050 1758 1105 Pa-

175 1144 259 1199 tris
280 1144 369 1199 sit.
396 1142 586 1216 Neque
616 1144 670 1199 in
701 1159 801 1214 eo,
835 1144 978 1216 quod
1020 1146 1270 1202 testantis
1308 1161 1498 1202 vocem
1526 1160 1633 1202 non
1664 1161 1760 1201 att-

172 1238 351 1294 dicrint
370 1280 389 1304 ,
411 1247 467 1293 et
496 1240 721 1310 ﬁguram
747 1254 853 1294 non
883 1239 1152 1308 viderint,
1178 1251 1230 1297 et
1254 1241 1474 1296 verbum
1504 1240 1620 1311 ejus
1649 1256 1760 1295 Ina-

172 1346 295 1387 ttens
332 1345 440 1387 non
475 1330 802 1399 habuerint,
858 1332 1063 1388 ideirco
1117 1333 1235 1390 sine
1295 1332 1583 1389 testimonii
1629 1323 1758 1390 sunt

172 1426 509 1482 conscientia.
541 1425 623 1482 Ad
659 1427 708 1482 id
733 1426 879 1483 enim
910 1426 987 1499 (b)
1014 1427 1158 1499 quod
1187 1427 1389 1485 dictum
1418 1438 1500 1485 est
1528 1447 1540 1482 :
1579 1426 1762 1501 Neque

173 1520 468 1590 vocenteius
510 1520 766 1585 audistis,
809 1536 970 1591 neque
1013 1523 1235 1595 ﬁguram
1281 1523 1395 1593 ejus
1435 1522 1669 1590 vidistis,
1716 1531 1763 1577 et

172 1614 367 1670 verbum
394 1616 509 1687 ejus
541 1631 643 1671 non
674 1615 869 1670 habetis
898 1615 953 1670 in
981 1616 1121 1671 vobis
1160 1631 1373 1671 manens
1427 1613 1563 1687 (Job
1592 1631 1624 1667 v
1650 1658 1664 1683 ,
1694 1615 1760 1670 57

174 1717 224 1762 ct
243 1708 365 1777 58);
389 1707 467 1781 (c)
497 1718 554 1764 ut
584 1724 706 1764 cum
748 1717 975 1764 testatus
1001 1709 1067 1765 de
1088 1725 1153 1765 eo
1178 1709 1337 1765 Pater
1359 1709 1570 1774 fuisset,
1603 1724 1763 1766 causa

177 1814 346 1861 tamen
390 1819 565 1874 neque
607 1803 757 1860 vocis
795 1804 1022 1868 audit-.0,
1075 1819 1251 1875 neque
1279 1804 1410 1859 visa:
1442 1806 1625 1875 ﬁgura:
1650 1844 1666 1871 ,
1709 1814 1765 1859 et

1859 494 1922 548 ab
1954 493 2245 550 hominibus
2266 496 2495 566 accipitis
2523 538 2535 561 ,
2565 505 2612 550 et
2640 495 2881 550 honorem
2915 496 3054 559 ejus,
3087 495 3173 567 qui
3204 505 3279 550 est
3317 496 3455 551 solus

1857 585 2020 653 Dens,
2054 605 2155 642 non
2179 588 2407 659 quaeritis
2437 587 2599 661 (Ibid.
2626 589 2696 645 ΔΟ
2727 597 2769 644 et
2792 586 2997 662 seqq)?
3029 587 3297 644 Honorem
3357 589 3457 644 im—

1866 681 2062 752 probat
2106 682 2383 737 hominum
2435 682 2599 753 :quia
2641 682 2816 738 honor
2845 683 3021 752 potius
3060 681 3382 753 qua-rendus
3429 699 3463 737 a

1860 775 1972 830 Deo
2004 784 2087 831 est
2110 817 2125 841 ,
2161 784 2216 832 ct
2243 774 2537 831 inﬁdelium
2572 788 2655 831 est
2686 774 2946 832 honorem
2975 774 3043 832 ab
3077 777 3335 832 alterutro
3369 790 3460 832 ac-

1860 869 2066 940 cipere.
2104 868 2241 936 Quid
2270 869 2411 926 enim
2456 870 2618 926 homo
2647 870 2851 926 homini
2890 869 3113 925 honoris
3145 869 3461 940 impertiat?

1858 964 2146 1037 Cognitum
2170 965 2357 1037 itaque
2388 964 2492 1021 sibi
2521 965 2613 1032 ait,
2648 965 2994 1021 dilectionem
3027 962 3121 1019 Dei
3149 966 3201 1019 in
3239 962 3323 1019 his
3352 979 3462 1022 non

1861 1078 1982 1119 esse
2013 1073 2105 1119 :et
2125 1079 2230 1118 non
2264 1064 2533 1119 manentis
2554 1063 2606 1118 in
2634 1063 2717 1118 his
2748 1061 3051 1117 dilectionis
3081 1060 3175 1115 Dei
3197 1060 3337 1117 hanc
3366 1060 3467 1117 do-

1864 1165 1950 1212 cet
1980 1171 2227 1225 eausam,
2260 1158 2382 1229 quia
2415 1172 2473 1212 se
2504 1156 2815 1212 venientem
2850 1154 2901 1209 in
2942 1152 3159 1208 nomine
3186 1154 3354 1223 patris
3380 1153 3466 1209 sui

1867 1266 1974 1307 non
2004 1252 2296 1322 accipiunt.
2330 1249 2467 1319 Quid
2496 1265 2627 1321 rogo
2654 1258 2769 1315 est,
2804 1248 2856 1303 in
2887 1248 3105 1303 nemine
3134 1246 3308 1301 Patris
3343 1262 3468 1301 eum

1864 1344 2096 1399 venire?
2126 1342 2397 1415 Numquid
2428 1343 2608 1410 aliud,
2651 1358 2812 1414 quam
2858 1341 2910 1395 itt
2944 1341 3159 1395 nomine
3192 1339 3322 1395 Dei?
3365 1342 3474 1393 Aut

1870 1438 2130 1510 numquid
2159 1454 2264 1492 non
2298 1436 2501 1493 idcirco
2529 1436 2580 1491 in
2604 1434 2689 1490 his
2717 1433 2935 1489 dilectio
2969 1431 3062 1488 Dei
3086 1448 3193 1490 non
3217 1440 3322 1500 est,
3346 1432 3473 1503 quia

1875 1545 1979 1583 non
2012 1538 2297 1600 susceptus
2326 1528 2395 1585 sit
2429 1528 2481 1583 in
2513 1529 2729 1583 nomine
2757 1526 2853 1582 Dei
2885 1525 3147 1581 veniens?
3178 1527 3283 1581 Aut
3310 1540 3471 1579 num-

1867 1621 1999 1693 quid
2031 1623 2082 1677 in
2111 1637 2171 1678 se
2193 1638 2299 1677 non
2323 1632 2378 1677 et
2408 1630 2651 1676 naturam
2680 1620 2771 1675 Dei
2803 1619 3216 1690 signiﬁcaverat,
3242 1617 3470 1675 dicens:

1870 1712 1995 1769 Non
2021 1715 2174 1770 vultis
2198 1715 2369 1769 venire
2392 1714 2461 1769 ad
2493 1731 2592 1780 me,
2620 1723 2673 1768 ut
2702 1713 2854 1767 vitam
2882 1711 3150 1767 habeatis?
3177 1711 3310 1768 Nam
3339 1722 3395 1769 et
3420 1711 3478 1768 in

1869 1809 2058 1866 eodem
2106 1809 2220 1879 ipse
2259 1825 2510 1869 sermone
2530 1810 2639 1880 jam
2674 1807 2884 1864 dixerat
2918 1824 2932 1864 :
2965 1809 3147 1875 Amen,
3180 1826 3327 1863 amen
3357 1808 3472 1863 dico

180 1897 319 1954 verbi
346 1898 397 1953 in
439 1896 523 1952 his
552 1913 660 1952 non
689 1899 960 1953 manentis
987 1907 1169 1969 posset
1201 1897 1463 1969 intelligi,
1506 1899 1763 1955 continuo
1794 1869 1840 1929 Β
1867 1902 2039 1965 vobis,
2074 1903 2315 1972 quoniam
2340 1903 2471 1955 vrm'l
2502 1902 2655 1967 hora,
2686 1912 2732 1955 et
2769 1917 2901 1957 nunc
2935 1912 3037 1965 est,
3068 1903 3118 1973 in
3144 1918 3243 1972 qua
3265 1901 3478 1954 audient

178 1990 422 2061 subjecit,
447 1988 613 2063 274
638 1990 897 2059 Quoniam
921 2006 1070 2060 quem
1102 1990 1237 2044 misit
1266 1989 1376 2055 ille,
1415 1990 1534 2043 huic
1555 2005 1641 2045 vos
1661 2006 1765 2044 non

181 2085 382 2140 creditis
404 2083 564 2154 (Ibid.
607 2082 702 2157 38)
731 2104 744 2139 :
768 2100 829 2141 se
857 2085 1096 2149 credito,
1130 2096 1184 2140 et
1208 2099 1397 2141 vocem
1426 2085 1520 2140 Dei
1547 2084 1769 2139 audien-

186 2178 326 2243 dam,
359 2187 411 2233 et
433 2177 645 2249 ﬁguram
676 2177 773 2234 Del
798 2176 1101 2242 videndam,
1132 2187 1188 2233 et
1210 2177 1433 2233 verbum
1461 2176 1579 2246 ejus
1607 2177 1660 2231 in
1685 2176 1770 2231 his

184 2271 271 2342 qui
299 2270 578 2327 crederent
605 2270 787 2327 inesse
811 2269 1221 2338 demonstrans;
1255 2285 1376 2326 cum
1418 2285 1516 2340 per
1556 2278 1766 2325 natura:

178 2364 497 2420 unitatemin
519 2379 580 2421 se
597 2364 756 2420 Pater
780 2373 836 2421 et
866 2364 1201 2436 loqueretur,
1220 2372 1277 2420 et
1297 2364 1590 2432 videretur,
1615 2362 1694 2436 (ά)
1717 2371 1775 2419 et

175 2456 482 2514 haberetur.
515 2457 783 2529 Numquid
818 2472 924 2514 non
966 2467 1023 2515 et
1067 2458 1284 2515 Patrem
1334 2458 1621 2530 signiﬁcat,
1649 2472 1772 2515 cum

176 2551 373 2607 missus
405 2551 474 2607 ab
505 2566 573 2607 eo
608 2553 730 2607 est?
769 2550 1042 2623 Numquid
1073 2566 1134 2608 se
1163 2566 1260 2623 per
1294 2550 1531 2623 aliquam
1567 2562 1775 2608 natura:

176 2645 538 2703 diﬂ'erentiam
581 2661 613 2702 a
642 2646 803 2703 Patre
842 2646 1136 2716 discernit,
1167 2662 1289 2704 cum
1331 2648 1404 2719 (e)
1450 2647 1575 2703 hinc
1617 2647 1778 2705 Pater

176 2748 378 2799 testans
406 2742 478 2799 de
505 2757 572 2800 eo
592 2784 608 2810 ,
652 2758 828 2814 neque
857 2742 1073 2799 auditus
1096 2784 1113 2812 ,
1146 2758 1323 2814 neque
1351 2742 1498 2798 visus
1525 2742 1636 2809 sit,
1669 2756 1769 2799 nec

178 2836 491 2895 intellectus
513 2837 620 2905 sit,
649 2840 771 2908 quia
798 2838 969 2894 misso
991 2854 1019 2890 a
1052 2836 1212 2893 Patre
1242 2836 1342 2892 sibi
1374 2851 1483 2893 non
1506 2835 1771 2893 creditum

176 2932 276 2987 sit?
300 2930 431 2989 Non
455 2945 517 2987 se
545 2946 674 3002 ergo
698 2931 1005 3003 unigenitus
1034 2929 1178 2986 Deus
1205 2945 1232 2983 a
1257 2929 1370 2985 Deo
1399 2939 1613 3000 separat
1638 2970 1652 2994 ,
1678 2944 1773 3000 pa-

180 3034 309 3083 trem
324 3026 504 3082 Deum
518 3025 900 3082 conﬁtenszsed
916 3039 1011 3095 per
1022 3022 1471 3095 signiﬁcationem
1488 3022 1657 3094 patris
1672 3022 1782 3079 Deo

176 3131 325 3192 patre
347 3123 749 3187 demonstrato,
767 3134 827 3176 se
839 3133 1052 3191 quoque
1070 3117 1122 3173 in
1142 3116 1237 3174 Dei
1261 3115 1464 3173 honore
1480 3116 1782 3177 constituit.

242 3215 334 3271 2‘2.
371 3214 569 3270 Honor
596 3232 630 3270 a
655 3213 767 3271 Deo
793 3213 1125 3285 queerendus.
1167 3209 1268 3266 Dei
1295 3210 1567 3267 dilectione
1609 3220 1781 3267 carent

1865 1995 2055 2049 mortui
2075 2011 2242 2050 vocem
2255 1993 2639 2068 ﬁlii2750ei;
2662 2007 2706 2048 et
2719 1996 3094 2067 quiaadierint,
3116 1995 3280 2050 virent
3308 1992 3357 2066 (I
3365 1994 3473 2048 bid.

1869 2102 1922 2154 ν,
1953 2084 2071 2159 55).
2101 2086 2237 2143 Cum
2270 2088 2322 2142 in
2358 2090 2574 2143 nomine
2598 2087 2776 2143 Patris
2806 2088 2988 2152 Venit;
3023 2103 3198 2156 neque
3229 2086 3345 2158 ipse
3370 2086 3473 2142 Pa-

1871 2191 1953 2237 ter
1979 2188 2063 2236 est
2086 2223 2102 2249 ,
2135 2197 2233 2236 nec
2276 2189 2453 2235 tamen
2498 2194 2602 2236 non
2634 2179 2688 2234 in
2721 2197 2784 2235 ea
2831 2191 2912 2236 est
2943 2179 3245 2236 divinitatis
3276 2191 3467 2236 natura

1871 2290 1978 2347 qua
2004 2275 2167 2330 Pater
2192 2282 2276 2331 est
2313 2291 2326 2328 :
2352 2274 2476 2346 quia
2514 2284 2565 2328 et
2594 2272 2731 2328 Filio
2764 2284 2811 2327 ct
2840 2273 2951 2328 Deo
2978 2274 3250 2343 proprium
3299 2280 3383 2328 est
3425 2272 3479 2327 in

1873 2367 2094 2426 nomine
2150 2369 2247 2424 Dei
2301 2369 2468 2439 patris
2499 2368 2706 2423 venire.
2742 2367 2949 2423 Deinde
3002 2368 3348 2439 accipiendas
3398 2379 3485 2425 est

1875 2460 2013 2518 alius
2037 2463 2089 2516 in
2119 2460 2340 2516 nomine
2381 2460 2573 2516 eodem
2602 2461 2845 2516 veniens.
2895 2459 3002 2516 Sed
3045 2460 3133 2515 hic
3173 2460 3333 2517 homo
3357 2472 3481 2530 est,

1878 2571 1909 2611 a
1936 2571 2042 2627 quo
2068 2555 2174 2611 sibi
2209 2552 2284 2628 (g)
2314 2554 2580 2611 honorem
2614 2554 2863 2611 homines
2903 2553 3233 2623 Sperahttnt,
3292 2564 3348 2611 et
3396 2556 3486 2612 eui

1879 2648 2143 2706 honorem
2172 2648 2402 2705 reddent
2430 2648 2705 2713 vicissim;
2740 2662 2862 2703 cum
2911 2659 3085 2703 tamen
3134 2663 3193 2704 se
3234 2648 3374 2704 idem
3428 2650 3483 2705 in

1879 2742 2098 2799 nomine
2132 2741 2305 2798 Patris
2332 2742 2545 2798 venisse
2567 2740 2736 2796 fallet.
2769 2739 2836 2796 Et
2867 2740 2954 2795 hic
2982 2741 3200 2812 quidem
3230 2740 3307 2815 (It)
3336 2742 3483 2797 anti-

1881 2835 2140 2893 christnm
2195 2836 2485 2908 signiﬁcari
2549 2820 2653 2890 nan
2707 2835 2996 2891 obscurum
3047 2845 3169 2903 est,
3201 2836 3486 2893 mendacio

1885 2930 2095 3001 paterni
2125 2930 2359 2985 nominis
2403 2929 2746 3001 gloriantem.
2801 2927 2868 2982 Et
2906 2942 3028 2983 cum
3062 2927 3204 2983 hunc
3244 2928 3485 2984 honora-

1886 3024 2018 3080 hunt
2039 3067 2051 3088 ,
2082 3032 2243 3094 atque
2270 3022 2340 3078 ab
2378 3038 2443 3079 eo
2495 3021 2905 3078 honorabnntnr
2934 3020 3111 3093 (hunc
3161 3022 3303 3077 enim
3333 3023 3494 3094 Spiri-

1889 3129 1999 3176 tum
2031 3120 2233 3176 erroris
2263 3120 2535 3191 excipient
2556 3120 2610 3190 );
2644 3103 2907 3174 honorem
2939 3117 3056 3188 ejus
3093 3116 3182 3188 qui
3224 3127 3308 3174 est
3338 3119 3490 3174 solus

1888 3211 2031 3268 Deus
2061 3227 2166 3267 non
2199 3219 2463 3283 qumrcnt.

176 3304 453 3366 Christum
473 3309 527 3363 in
567 3307 772 3364 nomine
798 3265 896 3363 Dei
926 3323 1031 3362 non
1058 3306 1411 3379 suscipientes.
1439 3336 1513 3347 —
1542 3304 1786 3377 Namque
1810 3265 1856 3329 Ο
1962 3308 2053 3365 25.
2088 3304 2187 3362 Dei
2215 3265 2262 3362 et
2283 3306 2477 3364 Christi
2500 3306 2667 3361 honor
2691 3305 3070 3379 inseparabilis.
3102 3305 3344 3363 ——Anne
3364 3322 3489 3363 cum

176 3402 230 3459 in
251 3402 360 3462 hoc
388 3404 514 3475 ipso
549 3402 848 3474 eodemque
872 3417 1148 3470 sermone,
1179 3402 1233 3458 in
1263 3417 1371 3474 quo
1399 3401 1653 3473 operibus
1674 3401 1788 3458 suis

178 3499 367 3558 testari
398 3514 465 3555 se
493 3499 670 3571 ipsum
696 3514 729 3554 a
756 3498 919 3555 Patre
948 3498 1173 3553 missum
1215 3511 1335 3553 esse
1363 3496 1558 3563 docet,
1587 3506 1643 3554 et
1683 3496 1788 3552 Pa-

178 3600 313 3649 trem
342 3600 643 3650 testantem
665 3592 808 3662 quod
837 3591 905 3647 ab
932 3607 998 3648 eo
1023 3590 1221 3648 missus
1244 3589 1318 3646 sit
1341 3589 1628 3662 signiﬁcat,
1662 3604 1784 3647 cum

175 3685 410 3745 dixisset
437 3706 456 3742 :
484 3686 552 3743 Et
580 3687 824 3742 honorent
866 3689 978 3760 ejus
1001 3728 1016 3752 ,
1045 3686 1134 3755 qui
1162 3694 1235 3741 est
1274 3686 1417 3741 solus
1458 3684 1601 3740 Deus
1624 3727 1639 3753 ,
1683 3700 1788 3739 non

175 3784 410 3854 qum-itis
452 3781 626 3855 (Ibid.
657 3780 762 3854 44)
789 3822 804 3845 ,
855 3778 927 3855 (f)
962 3796 1069 3836 non
1102 3789 1281 3837 tamen
1312 3780 1510 3837 dictum
1549 3779 1653 3836 hoc
1690 3795 1791 3834 nu-

172 3874 327 3943 dum,
360 3885 426 3933 et
460 3889 568 3931 non
597 3883 755 3931 antea
784 3874 850 3931 ad
881 3873 1100 3930 unitatis
1130 3873 1290 3930 ﬁdem
1318 3883 1674 3946 praeparatum
1705 3889 1794 3929 re-

175 3967 358 4039 liquit.
407 3966 675 4038 Superius
719 3966 863 4023 enim
896 3966 968 4021 ita
996 3965 1072 4020 ait
1116 3983 1129 4020 :
1174 3964 1299 4021 Non
1328 3966 1480 4021 uultis
1524 3967 1694 4021 venire
1721 3965 1791 4021 ad

172 4076 276 4127 me,
307 4070 372 4115 ut
401 4060 567 4116 vitam
592 4058 840 4115 habeatis.
875 4055 1141 4114 Honorem
1161 4057 1224 4113 ab
1250 4058 1537 4114 hominibus
1572 4075 1677 4114 non
1695 4074 1786 4113 ae-

173 4155 355 4226 cipio;
381 4153 484 4212 sed
519 4154 735 4229 cognoui
763 4169 881 4222 vos,
917 4154 1160 4225 quoniam
1188 4154 1513 4210 dilectionem
1548 4152 1648 4210 Dei
1688 4171 1792 4211 non

172 4249 385 4306 habetis
415 4250 474 4305 in
498 4249 658 4305 vobis.
691 4247 805 4322 Ego
828 4251 942 4305 ueni
971 4250 1025 4305 in
1047 4250 1252 4306 nomine
1275 4251 1436 4323 patris
1460 4251 1595 4319 mei,
1620 4259 1668 4306 et
1691 4267 1794 4306 non

173 4343 467 4416 accepistis
496 4359 578 4397 me
605 4360 618 4396 :
646 4343 689 4398 si
711 4343 846 4400 alius
871 4343 1063 4399 venerit
1088 4343 1142 4400 in
1174 4344 1380 4400 nomine
1401 4360 1516 4413 stto,
1547 4344 1694 4400 illum
1715 4360 1797 4400 re--

246 4460 338 4535 (l)
376 4457 697 4515 Ostendam.

174 4550 268 4609 hic
300 4552 458 4609 liber
479 4551 594 4607 fere
622 4559 766 4606 totus
785 4551 1090 4623 exscriptus
1112 4560 1192 4607 est
1212 4592 1226 4618 ,
1251 4550 1644 4623 intelligendum
1674 4567 1802 4607 esse.
1831 4551 1888 4616 D

169 4623 232 4680 In
260 4642 378 4682 ms.
420 4623 548 4678 Vat.
578 4623 725 4697 bas.,
746 4640 877 4680 ea...
908 4621 1098 4697 natura
1131 4621 1489 4697 intelligenda.
1523 4623 1650 4680 Haec
1678 4623 1808 4697 abs-

180 4712 296 4765 que
354 4695 704 4752 obscuritate
735 4697 805 4750 ita
836 4696 1033 4766 legeris
1061 4713 1073 4749 :
1103 4711 1221 4751 eam
1248 4695 1472 4752 necesse
1499 4706 1583 4752 est
1608 4696 1805 4751 intelli-

168 4783 384 4840 gamus
420 4778 673 4840 naturam
698 4770 913 4840 operari
940 4768 990 4823 in
1021 4767 1257 4823 Christo.

247 4841 337 4916 (α)
377 4839 676 4916 Vetustior
697 4837 1014 4916 nis._Colb.,
1048 4848 1095 4894 et
1115 4840 1170 4893 in
1191 4841 1301 4909 ejus
1326 4855 1499 4916 Opera.
1532 4839 1666 4916 Tres
1686 4837 1808 4916 alii,

176 4926 225 4970 et
259 4911 390 4989 ejus
416 4926 601 4982 opera.
630 4911 749 4989 hiox
776 4911 1050 4989 plerique,
1082 4924 1180 4989 pro
1209 4913 1587 4989 ostenduntur,
1610 4911 1814 4966 habent

170 4982 483 5043 mum
508 5000 528 5038 :
557 4984 648 5038 cui
690 4982 855 5039 verbo
886 4983 940 5039 in
985 4983 1081 5040 lib.
1123 4982 1194 5039 de
1224 4985 1362 5038 nnit.
1397 4982 1682 5056 subjicitur
1719 4998 1816 5038 vo-

167 5059 300 5115 cula
331 5073 423 5112 se.
532 5058 541 5063 ’

248 5127 340 5203 (b)
378 5129 651 5203 Erasmus
677 5138 880 5203 temere
901 5124 1075 5203 hiede
1114 5140 1214 5203 suo
1243 5127 1447 5203 adjecit
1477 5126 1701 5182 verbum
1725 5141 1807 5182 re-

182 5197 399 5275 fertur,
440 5200 588 5275 quod
612 5209 794 5270 postea
817 5197 886 5253 ab
915 5197 1359 5275 aliiseditorihus
1384 5209 1654 5275 retentum
1677 5207 1805 5275 est.,

172 5269 255 5329 At
286 5269 662 5344 perspicuum
691 5279 775 5344 est
794 5285 953 5344 voces
978 5269 1047 5323 ad
1068 5270 1464 5344 idgrelerendas
1488 5285 1608 5327 esse
1629 5270 1696 5326 ad
1721 5285 1809 5327 se-

177 5341 492 5418 quentes,
509 5341 731 5418 puta_ad
762 5342 1003 5396 continuo
1031 5341 1266 5413 subjecit.

253 5416 344 5492 (ς)
381 5411 539 5492 Editi
564 5456 581 5481 ,
614 5411 689 5492 Et
725 5430 842 5468 cum
879 5411 1156 5468 testatus...
1201 5423 1257 5468 ut
1286 5431 1441 5492 causa
1466 5421 1634 5492 tamen
1658 5456 1674 5482 ,
1710 5413 1806 5469 Hi-

173 5485 618 5547 larii'oratione
641 5486 867 5553 abrupta
890 5500 1110 5555 prorsus
1131 5495 1292 5555 atque
1303 5486 1547 5542 confusa.
1575 5486 1665 5542 Sic
1689 5500 1813 5546 Dos-

173 5501 312 5547 lartt
344 5501 618 5543 oratione
641 5501 867 5553 abrupta
890 5501 1110 5555 prorsus
1131 5501 1180 5539 at
1226 5501 1547 5542 uecontnsa.
1575 5501 1665 5542 διε
1689 5501 1813 5546 Dos-

173 5573 272 5621 set
306 5567 448 5615 tota
484 5559 568 5613 illa
602 5557 817 5629 phrasis
852 5556 1091 5613 ordinari
1119 5574 1133 5611 :
1170 5501 1239 5613 θι
1280 5575 1393 5611 cum
1434 5567 1643 5612 testatus
1673 5558 1735 5611 de
1757 5573 1814 5612 eo

175 5632 367 5689 Pater
393 5630 588 5703 fuisset
610 5671 635 5703 ,ν
654 5645 831 5703 causa
859 5638 1028 5703 tamen
1068 5646 1228 5703 neque
1266 5630 1403 5685 vocis
1437 5629 1653 5703 audias,
1681 5640 1813 5696 etc.,

168 5714 376 5779 posset
395 5700 641 5779 intelligi
674 5717 693 5755 :
718 5700 788 5755 ad
815 5700 869 5755 id
893 5701 1027 5779 quod
1056 5701 1247 5779 dictum
1271 5711 1345 5779 est
1380 5700 1608 5779 :ANeque
1645 5715 1818 5755 vocem

166 5773 303 5851 an;
334 5773 741 5851 (indistincte.
772 5814 787 5839 ,
815 5773 1056 5851 continuo
1077 5774 1317 5851 _subjecit
1348 5790 1362 5828 :
1394 5773 1649 5844 Quoniam
1669 5788 1819 5846 quem

168 5845 333 5908 misit
366 5845 511 5911 ille,
539 5846 660 5900 huic
679 5861 766 5901 vos
788 5861 887 5900 non
909 5845 1136 5903 creditis.

511 5940 788 6005 ΡΑΤιιοι.
873 5940 960 6003 Χ.

1890 3401 1962 3458 ob
1989 3400 2095 3458 hoc
2120 3400 2471 3457 dilectionem
2524 3400 2619 3456 Dei
2662 3416 2769 3454 non
2806 3399 3083 3467 habeant,
3116 3399 3238 3471 quia
3272 3402 3494 3455 venien-

1894 3507 2003 3553 tem
2029 3512 2088 3553 se
2119 3497 2170 3551 in
2205 3497 2423 3553 nomine
2450 3494 2628 3552 Patris
2662 3510 2769 3550 non
2802 3494 3142 3565 acceperint,
3181 3503 3234 3549 et
3274 3509 3491 3551 rursum

1891 3590 2198 3647 venientem
2246 3589 2411 3644 alium
2444 3587 2496 3643 in
2527 3587 2719 3645 eodem
2765 3586 2982 3643 nomine
3029 3586 3392 3657 recipientes,
3437 3597 3493 3644 ct

1895 3685 2159 3743 honorem
2186 3685 2255 3740 ab
2285 3685 2544 3741 alterutro
2571 3681 2900 3753 accipientes
2920 3723 2935 3749 ,
2963 3680 3221 3736 honorem
3255 3681 3373 3752 ejus
3401 3680 3495 3751 qui

1895 3781 2044 3838 solus
2065 3778 2210 3835 Deus
2239 3788 2323 3834 est
2367 3793 2474 3833 non
2506 3774 2782 3848 requirant
2808 3817 2824 3843 ,
2855 3790 3109 3845 separare
3157 3790 3215 3829 se
3244 3772 3493 3829 Christus

1894 3876 1964 3932 ab
2001 3874 2208 3932 honore
2238 3872 2398 3928 unius
2445 3872 2537 3928 Dei
2570 3872 2771 3943 poterit
2814 3870 3075 3941 intelligi;
3122 3885 3243 3924 cum
3298 3869 3501 3925 idcirco

1896 3986 2003 4027 non
2055 3976 2330 4039 quaeratur
2358 3965 2535 4021 honor
2578 3963 2746 4020 solius
2779 3963 2912 4032 Dei,
2955 3963 3076 4034 quia
3125 3961 3495 4018 antichristum

1899 4061 2249 4135 suscipiendo
2300 4076 2406 4116 non
2455 4060 2527 4115 sit
2571 4058 2662 4114 ille
2692 4055 3013 4127 susceptus?
3052 4054 3184 4111 Nam
3216 4055 3367 4126 cujus
3414 4070 3502 4112 rc-

1897 4156 2173 4228 pudiatio,
2223 4152 2449 4209 honoris
2495 4150 2664 4207 solius
2700 4150 2793 4205 Dei
2838 4148 3225 4221 praetermissio
3272 4163 3386 4217 eSt;
3444 4150 3501 4207 in

1900 4250 2060 4323 hujus
2090 4248 2297 4305 honore
2321 4260 2549 4304 necesse
2578 4254 2661 4302 est
2686 4243 2951 4300 honorem
2985 4243 3157 4301 solius
3201 4243 3298 4302 Dei
3341 4260 3497 4315 esse,

1905 4344 1959 4401 in
1989 4343 2144 4417 cujus
2188 4344 2231 4400 si
2260 4342 2607 4414 susceptione
2655 4339 3019 4406 mansissent,
3049 4338 3311 4398 honorem
3339 4341 3505 4399 solius

1985 4546 2061 4621 (ἀ)
2108 4545 2165 4602 ltt
2210 4559 2313 4621 tus.
2344 4541 2533 4621 Colb.,
2562 4541 2718 4621 d_e_est
2761 4552 2810 4598 et
2838 4538 3111 4621 {eniteretur
3141 4560 3159 4599 :
3188 4545 3341 4621 cujus
3389 4546 3510 4602 loco

1916 4614 2058 4679 male
2087 4615 2386 4690 praeferunt
2425 4615 2542 4670 bas.
2585 4614 2705 4690 Vat.
2740 4629 2804 4669 ac
2841 4615 3051 4690 hlartin.
3080 4624 3190 4690 ,Uet
3218 4614 3505 4674 audiretur.

1918 4695 2069 4749 Sicut
2090 4686 2238 4745 enim
2266 4689 2557 4755 loqueretur
2577 4686 2834 4741 advocent
2869 4688 2982 4758 ejus
3012 4688 3260 4749 audistis,
3290 4699 3343 4744 et
3368 4691 3511 4746 uide-

1918 4776 2058 4822 retur
2104 4761 2170 4817 ad
2219 4775 2378 4829 neque
2412 4758 2769 4830 ﬁgurameius
2812 4758 3145 4830 vidistis:ita
3194 4761 3260 4815 ad
3307 4762 3513 4818 verbum

1924 4839 2037 4910 ejus
2058 4850 2161 4910 non
2186 4828 2383 4910 habetis
2407 4828 2608 4910 rectius
2636 4828 2844 4910 referas
2862 4829 3163 4910 _huberett_n_-_.
3188 4832 3308 4910 Mox
3333 4833 3387 4888 in
3415 4851 3511 4890 eo-

1923 4899 2045 4966 dem
2079 4904 2201 4959 Vat.
2232 4903 2345 4958 bas.
2380 4899 2592 4974 codice,
2625 4900 2872 4974 numquid
2901 4903 3184 4969 separabile
3210 4905 3387 4974 aliqua
3415 4924 3514 4962 na-

1923 4992 2052 5036 tura:
2077 4975 2379 5050 differentia
2405 4990 2424 5028 :
2458 4973 2511 5028 in
2542 4972 2759 5028 Martin.
2784 4974 3033 5043 numquid
3056 4972 3334 5046 κραναῡὶιὲ
3359 4994 3515 5049 quam

1914 5061 2130 5117 naturae,
2165 5058 2272 5104 etc.

1987 5145 2059 5217 (ε)
2105 5140 2237 5198 illud
2266 5139 2389 5193 hinc
2414 5139 2595 5217 aptius
2624 5137 2926 5217 coluereret
2950 5139 3129 5217 verbis
3166 5157 3327 5217 neque
3359 5142 3515 5217 audi-

1917 5209 2005 5274 tus
2022 5209 2050 5272 ε’
2064 5221 2190 5286 puta
2211 5254 2241 5292 ,_
2258 5228 2374 5266 cum
2404 5209 2564 5266 Pater
2592 5218 2783 5292 testans
2809 5211 2873 5266 de
2896 5227 2954 5266 eo
2981 5254 2995 5277 ,
3028 5212 3148 5292 hinc
3175 5212 3319 5292 __(seu
3354 5213 3512 5292 ideo)

1915 5283 2077 5361 neque
2118 5285 2325 5342 auditus
2354 5325 2372 5352 ,
2417 5299 2578 5355 neque
2621 5283 2799 5351 visus,
2852 5298 3016 5354 neque
3060 5283 3347 5339 intellectus
3395 5283 3511 5355 sit',

1913 5363 2058 5434 quia,
2090 5374 2199 5417 etc.

1989 5452 2077 5527 (ι’)
2103 5451 2223 5507 Vat.
2247 5449 2362 5507 bas.
2390 5463 2493 5504 ms.
2516 5463 2620 5503 non
2645 5458 2813 5504 tamen
2834 5445 3159 5502 nesciendum
3182 5445 3280 5502 hoc
3301 5448 3514 5521 dictum,

1919 5538 1967 5583 et
1991 5542 2116 5591 non,
2145 5532 2276 5588 etc.,
2294 5529 2569 5592 corrupte.

1998 5616 2077 5692 (g)
2106 5615 2255 5687 Lips.
2288 5621 2344 5671 et
2366 5613 2516 5681 Par.,
2549 5612 2791 5666 honorem
2818 5610 3059 5667 hominis.

1925 5708 2079 5839 εὴ(ζα)
2108 5708 2379 5767 Scribitur
2422 5713 2737 5763 constanter
2782 5705 2834 5760 in
2863 5705 3100 5777 antiquis
3144 5706 3299 5766 libris
3323 5751 3340 5781 ,
3380 5723 3522 5769 ante.

1993 5791 2193 5839 rtstttnt.

1993 5791 2193 5840 riuum.

2894 5931 2973 5997 10
