3988 6332
544 285 652 346 999

1729 282 1974 348 SANCTI
2008 289 2263 353 HlLARll
2302 292 2611 361 EPISCOPI
3695 323 3773 381 300

546 404 644 504 Dei
664 402 1011 504 quaesissent.
1038 402 1117 479 (a)
1244 401 1334 460 hic
1357 401 1499 504 idem
1531 402 1646 475 ipse
1666 419 1848 504 sermo
1882 408 2037 504 testis
2062 419 2149 467 est
2175 414 2229 473 A
2255 424 2422 475 ternae
2443 428 2680 491 naturas,
2716 424 2878 481 unius
2907 424 3005 484 Dei
3036 426 3197 484 ﬁdem
3240 442 3348 484 non
3378 432 3690 504 convellens,
3716 439 3775 493 lo-

550 497 742 565 nohis,
773 498 825 553 in
858 497 1011 570 cujus
1034 497 1255 555 exordio
1279 498 1626 554 continetur:
1669 497 1738 555 Ut
1776 516 1951 557 omnes
1973 502 2141 556 Itono-

542 591 748 661 riﬁcent
769 589 991 658 Filium,
1017 590 1151 646 sicut
1183 591 1527 661 honoriﬁcam
1559 601 1776 661 patrem.
1813 593 2035 663 Quinon
2053 595 2146 651 lto—

549 684 786 755 noriﬁcat
833 683 1001 754 ﬁlium
1053 700 1157 739 non
1188 682 1495 754 honori/icat
1544 683 1753 740 Patrem
1787 687 1875 758 qui
1910 687 2048 742 misit
2082 686 2149 742 il-

551 776 657 831 lum
688 775 869 852 (Joan.
902 792 959 845 v,
991 775 1110 850 23).
1142 776 1217 851 (b)
1242 776 1544 850 Numquam
1574 778 1678 835 nisi
1698 781 1962 835 naturalia
2002 796 2148 838 exae—

552 879 787 944 quantur
813 871 866 926 in
912 869 1120 927 honore
1145 889 1158 925 :
1192 887 1368 943 neque
1395 881 1704 943 estequatus
1735 871 1908 929 honor
1929 882 2149 944 separat

549 964 916 1022 honorandos.
951 963 1086 1022 Cum
1126 975 1465 1022 sacramento
1493 974 1669 1021 tamen
1717 966 2014 1025 nativitatis
2051 982 2147 1039 po-

547 1059 717 1115 scitur
766 1057 988 1115 honoris
1040 1057 1450 1133 tequalitas..(c)
1479 1057 1614 1115 Cum
1652 1059 1825 1116 Filius
1873 1060 1944 1116 ita
1972 1059 2147 1117 hono-

545 1153 744 1210 randus
769 1161 830 1209 ut
861 1153 1021 1209 Pater
1049 1154 1152 1221 sit,
1185 1163 1239 1210 et
1268 1168 1388 1209 cum
1409 1151 1548 1225 ejus,
1581 1153 1673 1225 qui
1695 1154 1844 1210 solus
1866 1162 1952 1210 est
1978 1155 2142 1222 Deus,

546 1246 723 1302 honor
752 1261 859 1303 non
880 1245 1179 1318 quaeritur;
1206 1261 1314 1303 non
1343 1254 1429 1302 est
1468 1256 1620 1303 extra
1650 1246 1820 1303 solius
1842 1247 1939 1303 Dei
1968 1250 2143 1304 hono-

545 1354 659 1395 rem
682 1380 695 1404 ,
729 1338 885 1410 cujus
917 1338 1089 1395 honor
1119 1338 1261 1395 idem
1289 1346 1452 1411 atque
1477 1354 1616 1395 unus
1646 1347 1702 1395 et
1726 1339 1824 1396 Dei
1865 1348 1949 1396 est
1976 1357 1989 1395 :
2019 1340 2147 1411 quia

549 1443 743 1490 utnon
770 1432 1138 1490 bonoriﬁcans
1176 1432 1369 1490 Filium
1390 1475 1405 1498 ,
1439 1449 1549 1491 non
1590 1433 1910 1490 ltonoriﬁcat
1949 1444 2005 1491 et
2037 1434 2144 1490 Pa-

545 1538 685 1584 trem
714 1524 942 1601 (Ibid.);
976 1527 1045 1583 ita
1084 1535 1141 1584 et
1176 1527 1345 1584 solius
1390 1526 1489 1583 Dei
1532 1528 1792 1583 honorem
1852 1543 1958 1583 non
1992 1543 2143 1598 quaa-

545 1636 710 1688 rens,
766 1636 873 1676 non
924 1619 1118 1692 quaerit
1172 1628 1229 1676 et
1277 1620 1496 1676 Christi.
1526 1618 1908 1691 Inseparabilis
1963 1620 2146 1693 itaque

543 1722 625 1768 est
648 1729 675 1767 a
707 1712 799 1768 Dei
829 1712 1035 1769 honore
1065 1712 1240 1768 honor
1267 1711 1488 1769 ChriSti.
1520 1712 1589 1769 Et
1615 1728 1776 1785 quam
1801 1728 1961 1781 unus,
1985 1723 2147 1785 atque

2249 512 2414 567 cavit.
2447 512 2821 588 Interrogatus
2850 521 2994 576 enim
3028 521 3097 577 ab
3125 522 3334 585 Scriba,
3361 524 3494 595 quod
3519 527 3565 582 in
3592 528 3688 601 lege
3712 549 3776 589 es-

2251 616 2332 662 set
2377 608 2677 680 principale
2726 616 3038 673 mandatum
3064 658 3082 687 ,
3104 618 3383 690 respondit
3410 636 3423 674 :
3452 621 3589 689 Audi,
3617 623 3773 694 Israel,

2254 698 2513 758 Dominus
2542 704 2627 778 (5)
2655 705 2797 763 Deus
2824 709 2901 783 (ί)
2924 720 3100 767 noster
3122 711 3371 767 Dominus
3397 729 3521 771 unus
3542 727 3606 772 est
3624 734 3641 773 :
3660 730 3696 774 et
3718 722 3778 776 dt-

2251 797 2376 870 liges
2397 797 2676 855 Dominum
2702 800 2874 859 Deum
2896 815 3042 860 tuum
3067 822 3132 862 ea:
3159 818 3264 863 toto
3286 810 3434 864 corde
3454 820 3552 878 tuo,
3571 823 3613 867 et
3635 832 3686 870 ea:
3704 826 3780 874 tota

2250 890 2425 945 anima
2449 899 2556 956 tua,
2582 903 2629 947 et
2655 909 2719 949 ea:
2742 897 2862 951 totis
2884 898 3162 957 uisceribus
3183 901 3283 955 tuis
3306 944 3320 967 ,
3360 912 3407 957 et
3448 920 3505 959 ex
3531 915 3621 960 tota
3642 907 3778 965 virtuts

2251 992 2363 1041 tua.
2393 984 2511 1040 Hoc
2529 996 2603 1042 est
2629 989 2852 1058 primum
2875 992 3194 1051 mandatum.
3229 994 3518 1052 Secundum
3536 1000 3680 1055 simile
3691 1004 3780 1059 illi:

2250 1072 2451 1148 Diliges
2463 1079 2755 1147 proximum
2767 1092 2909 1136 tuum
2927 1094 3189 1157 tamquam
3225 1097 3271 1143 te
3282 1088 3468 1159 ipsum.
3485 1087 3641 1164 Majas
3652 1103 3781 1148 autem

2250 1167 2431 1223 horum
2444 1171 2742 1228 mandatum
2757 1191 2860 1230 non
2878 1186 2951 1232 est
2972 1176 3168 1253 (Marc.
3192 1196 3293 1249 xu,
3314 1180 3385 1239 ΞΒ
3417 1194 3461 1236 et
3488 1186 3654 1256 seqq.).
3670 1185 3781 1244 Alie-

2250 1275 2411 1317 nasse
2439 1278 2498 1319 se
2521 1279 2553 1319 a
2581 1275 2768 1322 natura
2789 1276 2843 1323 et
2864 1269 3123 1341 religione
3159 1274 3313 1329 unius
3354 1274 3448 1331 Dei
3485 1277 3779 1348 existimatur,

2250 1368 2370 1410 cum
2387 1357 2697 1429 principalis
2714 1362 2951 1443 mandati
2967 1364 3081 1420 hmo
3092 1366 3161 1421 sit
3177 1366 3438 1439 professio
3457 1386 3469 1422 :
3486 1370 3626 1438 Audi,
3642 1369 3781 1438 Israel,

2252 1446 2505 1506 Dominus
2530 1449 2673 1507 Deus
2699 1464 2868 1511 noster
2904 1455 3154 1515 Dominus
3178 1476 3312 1517 unus
3331 1470 3447 1517 est:
3465 1461 3640 1519 deinde
3659 1462 3780 1538 (sup-

2250 1544 2354 1613 ple,
2382 1548 2537 1616 cum)
2568 1560 2638 1603 ne
2666 1547 2719 1603 in
2741 1554 3124 1622 consequentis
3143 1568 3203 1610 se
3229 1555 3441 1627 quidem
3465 1556 3673 1613 mandati
3692 1558 3784 1614 reli-

2251 1637 2413 1705 gione
2439 1640 2773 1708 constituat,
2804 1658 2928 1699 eum
2960 1645 3029 1701 ad
3073 1648 3302 1717 proximi
3354 1663 3454 1705 nos
3501 1647 3784 1706 dilectionem

2251 1729 2337 1788 les
2362 1773 2377 1799 ,
2404 1732 2546 1789 sicut
2571 1735 2641 1791 ad
2673 1737 2834 1793 unius
2875 1738 2951 1813 (g)
2980 1741 3191 1799 Domini
3238 1741 3401 1801 ﬁdem
3423 1788 3438 1812 ,
3493 1754 3702 1802 voearet.
3738 1746 3785 1802 Et

544 1806 711 1880 276
730 1805 872 1862 idem
894 1804 1178 1877 utriusque
1203 1805 1312 1874 sit,
1339 1804 1500 1862 etiam
1523 1822 1587 1862 ex
1619 1822 1685 1862 eo
1712 1805 1891 1875 docet,
1919 1822 2043 1863 cum
2073 1807 2140 1861 ait

2253 1826 2469 1897 quidem
2494 1832 2779 1902 responsio
2802 1804 3009 1891 Sci-ibas
3039 1852 3146 1892 non
3173 1847 3259 1895 est
3282 1804 3618 1914 negligenda,
3649 1843 3784 1900 dicen-

549 1900 795 1953 nuntiata
835 1898 938 1955 sibi
979 1896 1171 1953 Lazari
1197 1896 1515 1954 inﬁrmitate
1548 1917 1560 1954 :
1592 1895 1879 1969 Inﬁrmitas
1920 1899 2019 1955 ista
2048 1916 2150 1955 non

543 1999 618 2045 est
642 2006 801 2062 usque
824 1990 894 2045 ad
921 1999 1155 2057 mortem,
1183 1991 1274 2047 sed
1299 2008 1394 2064 pro
1423 1991 1590 2066 gloria
1615 1989 1714 2047 Dei
1751 2004 1865 2062 est,
1899 2002 1951 2046 ut
1982 1990 2150 2048 Itono-

538 2085 771 2155 riﬁcetur
794 2084 936 2155 ﬁlius
974 2083 1073 2139 Dei
1098 2101 1189 2156 per
1210 2101 1326 2141 eum
1370 2082 1661 2159 (100mm,
1690 2086 1773 2154 4).
1822 2085 1929 2142 Pro
1975 2086 2149 2157 gloria

540 2179 636 2236 Dei
674 2182 909 2237 Lazarus
957 2181 1191 2238 moritur
1218 2223 1233 2249 ,
1277 2189 1332 2237 ut
1361 2181 1505 2237 ﬁlius
1556 2183 1650 2238 Dei
1680 2183 2015 2254 gloriﬁcetnr
2051 2199 2149 2256 per

538 2276 826 2334 Lazarum.
856 2277 1124 2351 Numquid
1147 2279 1459 2352 ambigitur,
1490 2277 1544 2335 in
1571 2278 1741 2351 gloria
1772 2279 1872 2335 ﬁlii
1898 2280 1993 2336 Dei
2022 2295 2147 2337 esse

538 2371 763 2444 gloriam
807 2371 936 2441 Dei;
984 2389 1108 2431 cum
1158 2389 1305 2430 mors
1352 2373 1576 2442 Lazari,
1607 2390 1731 2445 quin
1757 2374 1871 2430 Deo
1924 2374 1994 2430 sit
2035 2375 2152 2447 glo—

535 2465 702 2534 riosa,
735 2467 960 2537 gloriam
988 2467 1060 2523 sit
1089 2466 1186 2522 Dei
1214 2466 1326 2522 ﬁlio
1348 2466 1428 2540 (1)
1458 2467 1692 2538 paritura
1724 2466 1842 2542 (d)?
1870 2470 2045 2541 Atque
2074 2470 2150 2526 ita

541 2568 600 2618 et
628 2559 891 2617 naturalis
914 2577 1011 2633 per
1039 2561 1373 2618 nativitatem
1398 2563 1574 2617 unitas
1594 2562 1693 2618 Dei
1718 2564 1884 2633 patris
1906 2564 1959 2619 in
1986 2564 2147 2621 Chri—

535 2661 622 2710 sto
648 2653 876 2711 docetur
901 2696 917 2723 ,
946 2668 1069 2710 cum
1121 2652 1408 2710 inﬁrmitas
1456 2654 1645 2711 Lazari
1677 2670 1776 2727 pro
1822 2654 1919 2712 Dei
1965 2656 2138 2728 gloria

540 2758 625 2806 est
647 2765 663 2816 ;
688 2758 743 2806 et
770 2758 1174 2805 sacramentum
1204 2747 1329 2804 ﬁdei
1360 2750 1626 2806 retinetur
1646 2792 1663 2818 ,
1691 2764 1814 2807 cum
1843 2765 1942 2822 per
1979 2751 2149 2810 Laza-

536 2862 659 2902 rum
698 2844 1089 2918 gloriﬁcandus
1116 2853 1202 2901 est
1230 2844 1329 2902 Dei
1356 2846 1498 2902 ﬁlius
1531 2862 1545 2899 :
1579 2844 1662 2919 (2)
1702 2846 1817 2903 Deo
1865 2844 1935 2920 (e)
1969 2863 2066 2920 per
2093 2849 2149 2906 id

542 2937 638 2993 Dei
670 2936 783 2993 ﬁlio
809 2935 1195 3008 intelligendo,
1236 2952 1412 3008 neque
1438 2938 1512 2993 ita
1534 2936 1648 2994 Deo
1676 2937 2024 3010 intelligendo
2042 2980 2060 3009 ,
2084 2948 2146 2998 ut

544 3044 656 3085 non
681 3028 842 3085 etiam
871 3027 969 3085 Dei
995 3027 1106 3086 tilio
1132 3027 1443 3085 conﬁtendo
1468 3046 1484 3097 ;
1516 3044 1638 3086 cum
1660 3030 2017 3103 gloriﬁcando
2046 3050 2146 3107 per

539 3122 803 3180 Lazarum
831 3121 965 3188 Deo,
997 3121 1094 3179 Dei
1121 3123 1193 3178 sit
1220 3122 1361 3179 ﬁlius
1381 3122 1670 3195 gloriosus.

606 3216 698 3273 24,
723 3216 961 3318 alii-istas
982 3216 1052 3272 ibi
1071 3215 1343 3318 88.:De-lfm,
1370 3217 1456 3272 ubi
1477 3218 1684 3318 nonnisi
1708 3235 1871 3318 unum
1891 3238 2000 3278 esse
2020 3239 2140 3318 pro-
2168 3220 2217 3286 C
2248 3232 2405 3288 disset
2423 3275 2438 3301 ,
2471 3233 2603 3290 dixit
2630 3234 2747 3292 illi:
2776 3235 2901 3293 Non
2930 3254 2982 3293 es
3010 3239 3159 3313 longe
3182 3215 3215 3296 ἀ
3240 3258 3402 3316 regno
3421 3215 3520 3301 Dei
3546 3243 3594 3318 (1
3602 3215 3777 3313 ιὶὀίδι)

537 3310 733 3380 litetur.
765 3308 911 3364 Deus
940 3325 1094 3364 unus.
1123 3308 1310 3364 Scriba
1330 3309 1626 3365 assentitur.
1656 3339 1727 3353 -ο
1762 3312 2143 3384 lnseparabiiis

532 3410 877 3458 sacramento
902 3400 1102 3457 divinae
1131 3408 1339 3457 natura:
1368 3409 1454 3458 est
1478 3403 1710 3459 viventis
1731 3419 1764 3458 a
1790 3406 2007 3464 vivente
2034 3423 2136 3464 na-

537 3495 720 3551 tivitas
737 3537 753 3565 ,
786 3510 886 3552 nec
910 3493 1336 3551 demutationem
1364 3495 1581 3566 generis
1606 3497 1805 3569 accipit
1826 3497 1971 3556 ﬁlius
1996 3501 2133 3569 Dei,

532 3603 605 3645 ne
631 3602 738 3644 non
769 3588 825 3643 in
859 3603 927 3644 eo
956 3595 1195 3659 paterna:
1232 3595 1439 3644 natura:
1476 3588 1677 3645 veritas
1719 3599 1955 3647 maneat.
2001 3592 2135 3650 Nam

468 3752 473 3757 ,
531 3692 589 3739 et
615 3680 698 3738 his
735 3682 867 3754 ipsis
912 3679 1437 3756 signiﬁcationibus,
1485 3681 1681 3753 quibus
1724 3684 1979 3744 confesso
2025 3705 2140 3746 uno

531 3787 741 3834 tantum
780 3777 925 3846 Deo,
980 3778 1285 3849 abnegasse
1322 3777 1378 3832 in
1409 3791 1469 3833 se
1494 3775 1592 3835 Dei
1626 3789 1875 3838 naturam
1923 3784 2138 3844 videtur

530 3871 634 3929 sub
659 3872 828 3929 solius
858 3869 1342 3941 demonstratione,
1375 3869 1429 3927 in
1461 3871 1667 3931 unitate
1702 3889 1763 3934 se
1813 3884 1995 3936 tamen
2040 3896 2140 3954 pa—

633 4039 657 4093 1
723 4035 1000 4093 Paratum.

604 4037 686 4185 ὃ)
718 4109 1215 4186 ﬂune_locum_it_a
1256 4107 1483 4186 cuilibet
1512 4109 1700 4186 cedes
1756 4109 2121 4186 Veronensis,

532 4178 705 4256 Deum
753 4198 841 4251 per
868 4182 940 4256 id
980 4183 1050 4256 ing
1088 4180 1187 4237 Dei
1236 4181 1351 4251 ﬁlio
1397 4181 1768 4256 intelligendo,
1827 4198 1990 4256 neque
2053 4178 2130 4244 ita

533 4253 704 4380 [Depim
749 4253 1114 4329 intelligendo,
1154 4262 1210 4308 ut
1250 4268 1356 4307 non
1397 4254 1555 4309 etiam
1607 4253 1705 4310 Dei
1754 4253 1925 4326 ﬁlium
1964 4263 2131 4331 con/i-

557 4342 615 4381 en
657 4342 709 4382 ο.

606 4469 681 4541 (α)
709 4467 955 4538 Quinque
982 4465 1161 4536 proba:
1189 4474 1332 4521 notas
1359 4479 1493 4541 mss.
1526 4464 1619 4519 etsi
1649 4466 1913 4541 Insident.

608 4537 686 4614 (b)
720 4537 911 4595 ExcuSi
944 4580 956 4603 ,
987 4554 1261 4614 numquam
1295 4538 1432 4591 enim
1462 4546 1648 4590 natura
1674 4537 1873 4614 aliu.__T
1878 4556 1969 4595 um
1996 4542 2128 4598 Bad.

537 4623 595 4670 ct
626 4608 743 4677 Eia,
772 4618 1081 4673 exsequatur.
1109 4608 1457 4679 Castigantttr
1479 4623 1542 4663 ex
1564 4623 1708 4680 mss.
1732 4608 1992 4680 __Idipstttn
2025 4615 2135 4670 alio

540 4685 704 4738 modo
733 4682 809 4737 sic
840 4681 1156 4738 enuntiatur
1206 4677 1300 4751 lib.
1338 4696 1444 4745 XII,
1476 4678 1594 4751 ".7
1645 4694 1663 4734 :
1716 4677 2017 4751 Numquam
2056 4688 2137 4740 di-

542 4758 752 4810 versitas
790 4769 960 4808 rerum
994 4752 1092 4805 nisi
1123 4760 1166 4805 et
1195 4752 1251 4805 in
1279 4750 1473 4806 honore
1502 4750 1705 4807 diverso
1736 4763 1808 4807 est
1837 4750 1967 4811 tres
1998 4759 2136 4813 enim

539 4827 727 4882 eisdem
753 4823 1090 4880 uenerationis
1120 4823 1349 4893 ejusdem
1378 4833 1497 4893 sunt
1520 4866 1533 4887 ,
1565 4832 1674 4878 etc.

615 4897 689 4969 (ε)
723 4898 846 4952 time
871 4892 1172 4969 sententia,
1206 4911 1323 4949 cum
1364 4892 1542 4969 Filius
1562 4901 1678 4969 etc.
1730 4894 1903 4951 videri
1955 4909 2136 4968 potest

542 4965 835 5038 superioris
866 4965 1111 5039 probatio
1142 4983 1154 5018 :
1180 4977 1229 5020 et
1262 4965 1486 5036 perinde
1525 4966 1593 5020 ab
1620 4967 1708 5021 illa
1736 4965 1980 5039 separati
2023 4990 2129 5027 non

541 5036 760 5097 debere.
786 5036 1277 5111 litterpunctionetn
1305 5047 1484 5093 tamen
1509 5036 1816 5109 vulgatam,
1837 5058 1938 5110 qua
1963 5058 2135 5111 capu-

540 5113 752 5187 labatur
779 5126 901 5167 cum
935 5109 1296 5187 praecedente,
1325 5116 1382 5164 et
1402 5124 1429 5162 a
1459 5112 1822 5187 subsequente
1851 5109 2132 5187 disiunge-

540 5186 700 5239 hatut'
722 5224 737 5250 ,
766 5181 1078 5255 mutandam
1123 5179 1376 5235 duximus
1400 5221 1423 5255 ,_
1447 5195 1556 5255 quo
1586 5179 1756 5255 magis
1788 5179 2132 5255 perspectﬁm

538 5258 609 5312 sit
640 5254 825 5311 llilatii
855 5261 1230 5324 argumentum
1279 5267 1346 5307 ex
1391 5251 1604 5324 duobus
1648 5251 1945 5323 Scriptura:
1998 5258 2133 5314 locis

536 5339 694 5383 acute
716 5322 1025 5383 collectum.
1060 5322 1130 5377 Et
1147 5338 1217 5378 ex
1240 5338 1350 5377 uno
1377 5323 1598 5391 quidem
1629 5322 1853 5381 conﬁcit
1882 5327 2058 5385 Patris
2078 5341 2137 5386 et

538 5398 661 5453 Filii
695 5401 952 5455 honorem
996 5408 1117 5450 esse
1163 5393 1605 5465 inseparabilem;
1639 5411 1703 5451 ex
1736 5400 1909 5454 altero
1944 5411 2127 5457 autem

536 5469 799 5526 honorem
826 5468 1039 5535 utrique
1063 5465 1303 5521 delatum
1339 5465 1425 5537 vel
1444 5476 1726 5537 negatum,
1761 5470 1864 5524 Soli
1900 5472 2009 5527 Deo
2032 5474 2131 5530 tle-

536 5541 701 5595 latmn
731 5556 851 5597 esse
889 5534 981 5595 aut
1020 5548 1293 5608 negatum.
1338 5534 1494 5592 Unde
1532 5534 1778 5609 Sequitur
1818 5540 2032 5598 Patrem
2073 5555 2129 5600 et

534 5611 733 5667 Filium
766 5627 929 5669 unum
958 5624 1081 5668 esse
1115 5624 1179 5665 ac
1205 5609 1378 5665 solum
1412 5609 1580 5664 Deum
1604 5651 1618 5676 ,
1648 5610 1773 5667 licet
1798 5627 1907 5669 non
1943 5616 2132 5672 solita—

534 5699 694 5737 fini“.

612 5756 692 5879 ad)
726 5754 780 5809 In
812 5752 907 5810 lib.
948 5751 1017 5808 de
1046 5752 1185 5835 nuit.
1230 5752 1403 5841 Patris
1425 5759 1485 5809 et
1525 5748 1680 5819 Filii,
1727 5765 2017 5827 operatum.
2070 5757 2131 5816 In

612 5850 615 5867 ›
642 5825 718 5879 1)..
748 5823 960 5879 Germ..
987 5824 1227 5879 Martm..
1261 5825 1423 5879 μοι-1).
1454 5832 1586 5879 etc..
1619 5838 1888 5879 auratura.

537 5823 718 5894 Colb.,
748 5823 960 5895 Germ.,
987 5824 1227 5893 Martin.,
1261 5825 1423 5882 Corb.
1454 5832 1586 5895 etc.,
1618 5823 1888 5898 paratum.

2255 1921 2324 1977 tis
2357 1939 2372 1976 :
2404 1922 2547 1980 Bene
2576 1926 2779 1995 dixisti,
2812 1931 3058 2002 magister
3083 1933 3135 1987 in
3164 1936 3398 2005 ueritate,
3443 1938 3573 2010 quod
3600 1935 3665 2012 (4)
3689 1957 3786 1994 unus

2251 2018 2319 2073 sit
2340 2017 2506 2085 Deus,
2531 2037 2624 2076 nec
2650 2032 2725 2077 est
2749 2024 2887 2079 alius
2914 2034 3098 2094 praeter
3133 2027 3283 2083 illum
3314 2046 3333 2085 :
3364 2030 3439 2087 ita
3471 2030 3722 2106 diligendus
3742 2051 3786 2089 es

2255 2120 2360 2165 toto
2385 2111 2541 2167 corde
2565 2122 2616 2168 et
2646 2131 2709 2169 ea:
2735 2117 2856 2170 totis
2880 2117 3042 2191 277
3070 2120 3261 2176 viribus
3282 2132 3328 2177 et
3355 2139 3421 2178 ex
3439 2133 3539 2179 tota
3557 2126 3702 2179 anima
3725 2132 3787 2181 :et

2254 2204 2468 2277 diligere
2496 2208 2789 2276 proximum
2820 2219 3081 2284 tamquam
3118 2230 3173 2267 se
3204 2215 3400 2284 ipsum.
3434 2215 3544 2273 Hoc
3568 2218 3710 2284 maius
3735 2227 3786 2273 est

2253 2300 2493 2355 omnibus
2521 2302 2978 2361 holocaustomatis
3007 2312 3055 2361 et
3105 2309 3380 2378 sacriﬁciis
3410 2309 3602 2386 (Marc.
3627 2328 3716 2378 sn,
3738 2310 3788 2368 52

2252 2402 2307 2450 et
2335 2394 2449 2466 55).
2478 2396 2790 2466 Responsio
2813 2398 3023 2456 Seribm
3047 2402 3262 2459 videtur
3295 2420 3421 2461 cum
3446 2407 3597 2462 dictis
3628 2407 3787 2462 Domini

2251 2503 2351 2545 con
2361 2489 2566 2556 venire,
2582 2491 2740 2573 uni‘ns
2759 2494 2854 2549 Dei
2869 2495 3191 2552 charitatem
3216 2498 3461 2555 intimam
3485 2500 3789 2573 internamque

2254 2580 2584 2651 proﬁtentis,
2616 2559 2701 2656 (ἢ
2747 2585 2841 2640 sed
2886 2586 2968 2659 (It)
3013 2586 3365 2646 dilectionem
3411 2593 3625 2664 proximi
3649 2559 3788 2648 secuti.

2252 2673 2379 2728 dum
2432 2675 2673 2744 proprias
2715 2676 3032 2735 dilectionis
3081 2682 3373 2740 veritatem
3418 2685 3719 2755 pollicentis,
3754 2691 3792 2739 et

2252 2782 2418 2838 supra
2471 2769 2867 2826 sacriﬁciorum
2916 2771 3380 2831 ltolocaustomata
3428 2779 3716 2834 citaritatem
3750 2776 3788 2831 in

2252 2857 2424 2916 Deum
2456 2869 2616 2933 atque
2644 2863 2697 2917 in
2731 2863 3007 2922 hominem
3030 2882 3152 2925 esse
3173 2869 3547 2944 intelligentis.
3574 2869 3668 2928 Sed
3693 2867 3784 2943 quid

2252 2963 2536 3025 sequatur,
2566 2956 2857 3014 videndum
2880 2969 2984 3016 est.

2321 3046 2412 3102 25.
2458 3046 2563 3103 Hic
2587 3065 2691 3105 non
2719 3050 2870 3123 longe
2891 3062 2925 3107 a
2948 3068 3110 3126 regno
3135 3050 3264 3122 Dei,
3294 3055 3424 3111 dum
3455 3056 3605 3113 tendit
3627 3056 3684 3113 ad
3703 3057 3792 3112 clte-

2249 3139 2473 3196 ritatem.
2497 3170 2571 3183 —
2595 3141 2788 3199 Videas
2813 3155 2981 3201 autem
3007 3146 3161 3203 lesus
3189 3149 3328 3220 quod
3358 3153 3609 3223 sapienter
3632 3166 3793 3223 respon-

2248 3326 2388 3395 Quid
2427 3328 2530 3384 sibi
2568 3329 2685 3385 vult
2723 3340 2832 3387 tam
2860 3332 3155 3390 moderata:
3184 3339 3556 3408 responsionis
3585 3336 3793 3409 professio

2251 3420 2500 3493 (supple,
2530 3422 2620 3496 ut)
2640 3464 2655 3492 ,
2685 3438 2807 3479 cum
2838 3424 3116 3482 hominem
3147 3428 3215 3484 ad
3242 3431 3506 3488 caelorum
3536 3445 3726 3503 regnum
3747 3427 3792 3483 li-

2250 3513 2348 3570 des
2389 3514 2489 3570 ista
2528 3526 2902 3585 consummet,
2943 3535 3109 3575 unum
3150 3521 3322 3579 Deum
3363 3525 3614 3593 credere,
3641 3535 3794 3580 etcum

2252 3614 2365 3663 tota
2413 3608 2589 3665 anima
2632 3619 2689 3666 et
2730 3612 2857 3668 totis
2883 3612 3090 3670 viribus
3125 3624 3181 3670 et
3218 3624 3334 3674 toto
3382 3619 3548 3676 corde
3591 3616 3796 3689 diligere.

2251 3701 2559 3771 proximum
2585 3718 2800 3776 quoque
2826 3705 2900 3761 ita
2932 3716 2989 3762 ut
3014 3722 3075 3764 se
3099 3706 3278 3780 ipsum
3306 3724 3515 3780 amare,
3554 3710 3714 3769 Scriba
3735 3708 3796 3763 hic

2250 3810 2359 3851 non
2383 3796 2496 3865 jam
2525 3796 2581 3853 in
2610 3812 2779 3869 regno
2808 3798 2905 3857 Dei
2926 3800 3029 3869 sit,
3061 3802 3157 3859 scd
3183 3819 3292 3860 non
3325 3805 3487 3878 longe
3514 3820 3544 3862 a
3572 3820 3712 3878 regno
3728 3801 3797 3858 Dei

2252 3889 2363 3945 sit?
2401 3890 2522 3947 Alia
2551 3891 2695 3949 istud
2723 3892 3118 3966 signiﬁcatione
3145 3897 3350 3955 nudum
3382 3902 3738 3967 vestientibtts,
3760 3903 3801 3952 et

2241 4046 2564 4177 “fatgem
2586 4062 2725 4124 tuus,
2755 4063 2814 4113 et
2835 4056 2909 4114 ita
2937 4057 3094 4115 infra.
3126 4059 3361 4130 Deinde,
3378 4063 3589 4133 visibus,
3611 4059 3797 4119 nonsu-

2284 4192 2579 4280 “(dlnﬂnus
2604 4207 2676 4253 est
2702 4196 2861 4280 Deus;
2892 4211 3099 4276 postea,
3127 4208 3245 4264 totis
3271 4206 3569 4280 virtutibus;
3600 4219 3647 4265 et
3667 4204 3722 4262 ita
3740 4200 3798 4260 le-

2246 4266 2321 4335 git
2347 4266 2576 4322 ittlerius
2599 4286 2750 4326 num.
2777 4272 2869 4329 25.

2320 4336 2400 4411 (5)
2434 4338 2499 4395 Et
2522 4342 2878 4401 dilectionem.

2166 4441 2229 4542 Di
2322 4476 2393 4562 (ε)
2439 4480 2771 4565 ittuvnlgatis
2794 4528 2807 4552 ,
2854 4489 3082 4565 perinde.
3118 4492 3186 4548 At
3218 4492 3269 4548 in
3304 4510 3437 4551 mss.
3470 4510 3559 4565 per
3584 4486 3801 4565 id:qttotl

2236 4556 2436 4635 .ntlagis
2465 4554 3058 4635 llil:tria_ntttn.__Deintle
3098 4566 3345 4620 nonnulli
3371 4554 3620 4627 codices,
3649 4566 3692 4618 in
3710 4554 3800 4614 'Det'

2411 4629 2631 4705 At_vero
2662 4629 2933 4705 basaVat.
2975 4650 2987 4685 :
3020 4633 3187 4690 Deum
3209 4654 3299 4705 per
3326 4638 3385 4693 id
3410 4641 3463 4693 in
3503 4639 3593 4693 Dei
3614 4622 3799 4705 'ﬁlioin-

2249 4695 2561 4779 (flligendo,
2594 4718 2755 4779 neque
2780 4702 2853 4779 ita
2887 4702 3051 4779 D_eunt
3077 4695 3448 4779 intelligendo,
3483 4719 3541 4765 ut
3560 4695 3653 4764 uois
3686 4706 3801 4759 etim

2251 4765 2349 4820 Dei
2364 4765 2544 4835 ‘ﬁtium
2566 4765 2877 4833 conﬁtendo.
2908 4776 3024 4831 Etsi
3049 4780 3205 4843 dura,
3230 4765 3355 4835 v'era
3385 4765 3562 4837 tamen
3582 4789 3659 4835 e-t
3677 4779 3802 4833 lectio

2252 4854 2411 4917 quam
2442 4842 2760 4917 retinemus,
2788 4863 2906 4915 qua:
2939 4848 3010 4902 ita
3048 4842 3260 4917 planior
3296 4854 3601 4910 cmcietttr:
3631 4850 3697 4905 Ex
3721 4861 3802 4914 «1110

2258 4911 2447 4992 iit_,_ttt
2476 4912 2573 4992 Dei
2618 4916 2763 4992 ﬁlius
2807 4911 3193 4990 intelligendus
3238 4925 3310 4979 sit
3343 4924 3524 4990 Deus,
3576 4911 3801 4992 nequo“!

2256 4982 2639 5106 :inltﬁlligendus
2671 4988 2810 5043 Deus
2831 5030 2847 5055 ,
2887 4998 2945 5046 ttt
2965 4982 3070 5047 rion
3093 4996 3258 5050 etiam
3289 4982 3625 5052 conﬁtendus
3650 4982 3710 5049 sit
3734 4987 3803 5044 Dei

2318 5072 2329 5106 ι
2376 5070 2418 5106 s.

2277 5070 2418 5108 HIUS.

2322 5147 2408 5218 (ι’)
2442 5148 2582 5232 Etliti
2635 5150 2721 5206 hic
2766 5163 2823 5210 et
2873 5154 3021 5233 infra
3057 5173 3179 5213 cum
3235 5160 3511 5233 plerisque
3550 5153 3803 5233 mss._De_m

2245 5228 2368 5273 tuus
2396 5235 2414 5274 :
2443 5222 2789 5293 corriguntur
2815 5229 3137 5285 auctoritate
3168 5222 3299 5286 mss.
3346 5222 3533 5288 Germ.
3580 5243 3630 5287 et
3676 5225 3796 5281 Colli-

2242 5292 2626 5375 consentiente
2640 5311 2821 5365 graeco
2841 5298 3003 5355 Marci
3029 5311 3185 5375 textu
3207 5321 3219 5356 :
3243 5318 3307 5357 ex
3328 5321 3443 5375 quo
3466 5301 3649 5375 deinde
3675 5311 3800 5375 repo-

2253 5362 2430 5445 nimus
2472 5362 2724 5421 Domitius
2754 5386 2887 5424 unus
2907 5412 2921 5439 ,
2955 5374 3228 5442 quomodo
3256 5362 3397 5430 infra
3432 5376 3621 5445 legitur
3641 5374 3686 5427 in
3702 5362 3802 5445 ῥῐιιο

2250 5436 2403 5518 ribus
2434 5453 2567 5518 mss.
2594 5453 2717 5493 cum
2741 5436 3030 5518 utrobique
3075 5446 3126 5500 in
3165 5447 3397 5518 vulgatis
3439 5436 3670 5503 obtineat
3693 5438 3802 5494 De!“

2250 5515 2388 5560 unus
2419 5523 2437 5560 :
2468 5517 2522 5561 ct
2553 5510 2606 5564 in
2631 5526 2734 5568 ms.
2764 5510 2983 5569 Martin.
3013 5523 3226 5574 tantum
3250 5510 3404 5574 unus.

2327 5597 2402 5673 (g)
2437 5600 2599 5670 liditi,
2635 5604 2705 5659 ad
2740 5608 2890 5662 unius
2928 5607 3029 5666 Dei
3063 5612 3218 5680 ﬁdem
3248 5629 3268 5669 :
3299 5608 3673 5670 reluctantibus
3694 5616 3800 5662 mss.

2327 5692 2408 5764 (Ιι)
2437 5692 2607 5761 Editi,
2661 5707 2711 5753 et
2758 5698 3105 5760 dilectionem.
3157 5705 3503 5762 Preia‘imus
3545 5717 3655 5762 ωω
3693 5710 3798 5754 russo

2242 5760 2420 5851 (loli).
2437 5775 2485 5819 et
2517 5760 2703 5851 Germ.
2729 5771 2852 5851 sed,
2878 5789 2983 5845 qua
3286 5760 3497 5851 aptius
3518 5760 3802 5849 signiﬁcatur

2250 5842 2453 5891 amoris
2484 5842 2768 5913 utriusque
2791 5842 3175 5919 discrepantia.
