3988 6332
214 325 308 385 5⁸1

1436 319 1526 387 DE
1564 318 1937 389 TRINI’I‘ATE
1987 321 2192 387 LIBER
2231 320 2322 385 IX.

3403 316 3511 377 δθὲ

210 437 529 501 esurientem
585 434 884 502 alentibus,
937 443 991 491 et
1033 435 1304 495 sitientem
1354 436 1698 507 potantibus,
1749 446 1804 494 et
1829 447 1877 511 Α
1908 440 2037 508 ﬁlio,
2064 448 2125 499 ut
2146 439 2200 497 in
2227 437 2307 513 (Ι)
2328 437 2487 497 unius
2506 436 2719 499 Domini
2741 442 3082 495 sacramento
3102 442 3509 500 maneret,non

209 540 465 603 :rgrotum
506 528 887 596 \‘isitantibns,
929 539 983 586 et
1026 528 1265 585 clausum
1297 544 1519 587 carcere
1547 530 1809 602 frequen-

1914 536 2143 608 relinqui
2199 535 2520 600 videbatur;
2579 534 2822 591 Scribam
2880 531 3509 611 admonetpquomodo

212 624 445 680 tantibus
468 620 661 678 datur:
696 618 892 688 Venite,
916 620 1167 679 benedicti
1198 624 1355 691 patris
1385 623 1486 678 mei
1507 664 1522 689 ,
1555 623 1814 695 possidete
1910 627 2183 689 Christum
2215 627 2382 685 David
2414 627 2583 685 ﬁlium
2615 642 2738 687 esse
2764 626 3006 693 diceret,
3037 640 3159 682 cum
3192 625 3355 680 David
3384 640 3509 680 eum

210 725 552 787 prmparatum
576 713 711 768 vobis
732 729 943 787 regnum
966 730 999 769 a
1020 713 1377 771 constitutione
1393 713 1569 769 mundi
1593 712 1810 788 (Matth.

209 824 332 874 xxv,
363 805 493 879 54).
526 805 627 867 Vel
660 805 764 863 illis
794 806 988 877 quibus
1017 807 1132 863 hmc
1164 803 1243 878 (1)
1289 805 1539 877 pauperis
1572 806 1650 882 (α)
1697 807 1811 878 Spi-

1915 725 2203 785 Dotninutn
2232 739 2390 783 suum
2417 731 2569 781 esset
2594 721 2903 794 professus;
2931 734 3034 778 nec
3056 728 3248 779 natura
3275 722 3509 785 sineret,

1913 828 1972 877 ut
1996 820 2089 891 qui
2108 828 2257 879 tanto
2280 817 2598 890 patriarcha:
2616 827 2759 874 esset
2784 816 2930 873 ﬁlius
2946 858 2960 880 ,
2983 823 3130 873 esset
3151 824 3206 870 et
3226 813 3509 871 Dominus.

210 902 344 957 ritus
389 915 597 958 merces
643 909 761 955 est:
808 897 957 954 Beati
1006 914 1258 971 pauperes
1302 900 1523 971 spiritu,
1571 900 1814 973 quoniam

1946 914 2030 971 loc
2055 914 2197 978 ideo,
2228 921 2288 969 nt
2312 910 2386 985 (ο)
2409 926 2470 968 se
2496 910 2685 968 Scriba
2703 949 2719 978 ,
2748 907 3043 965 secundum
3069 922 3288 965 carnem
3310 914 3367 960 et
3393 920 3516 975 par,

209 994 438 1067 ipsorum
464 1002 538 1050 est
566 1008 780 1069 regnum
808 992 1052 1047 culorum
1082 990 1159 1065 (Μ
1168 992 1294 1053 attlt.
1332 1008 1379 1059 ν,
1411 992 1492 1065 ὅ).
1530 991 1814 1053 Perfectus

1946 1024 2026 1065 um
2052 1007 2231 1065 Maria
2255 1022 2377 1078 qua:
2397 1021 2463 1063 ex
2486 1003 2653 1061 David
2675 1010 2817 1060 esset
2836 1003 3010 1058 solum
3034 1017 3156 1058 eum
3185 1000 3512 1071 intelligens,

211 1090 295 1146 hie
321 1089 530 1147 fructus
556 1096 674 1157 est,
704 1098 758 1145 et
784 1087 1028 1143 absoluta
1059 1090 1331 1160 pOSSCSSlO
1362 1096 1448 1145 est.
1469 1131 1484 1159 ,
1514 1097 1571 1149 et
1602 1105 1814 1165 praepa-

210 1184 306 1240 rati
340 1184 487 1254 regni
518 1198 625 1238 non
669 1183 869 1238 incerta
915 1182 1131 1241 traditio
1172 1181 1381 1255 (Marc.
1442 1200 1505 1251 χ,
1538 1184 1663 1258 20).
1707 1185 1819 1245 Aut

212 1275 467 1353 numquid
498 1275 819 1337 adolescens
853 1277 1031 1335 minus
1058 1277 1260 1346 aliquid
1292 1276 1486 1335 horum
1519 1279 1816 1337 conﬁteba-

212 1369 332 1425 tur?
361 1367 494 1427 Nam
524 1377 799 1439 exaequata
828 1366 893 1433 ad
924 1384 1165 1431 amorem
1193 1386 1350 1429 suum
1381 1370 1671 1433 dilectione
1693 1387 1819 1443 pro-

211 1464 338 1521 ximi
359 1506 375 1532 ,
417 1462 544 1536 quid
573 1462 641 1519 de
671 1462 797 1521 boni
827 1463 1010 1535 Operis
1041 1464 1509 1525 consummatione
1538 1480 1645 1525 non
1688 1479 1816 1536 ege-

211 1560 328 1617 rat?
351 1557 626 1619 interdum
653 1559 797 1615 enim
822 1558 1188 1631 indulgentem
1234 1558 1647 1635 ofﬁciosnmque
1672 1575 1816 1629 esse,

214 1668 319 1707 non
353 1650 606 1725 perfectae
633 1660 710 1707 est
744 1650 1023 1707 charitatis
1060 1668 1073 1705 :
1109 1649 1344 1722 perfecta
1373 1663 1552 1711 autem
1580 1653 1818 1709 chariton

215 1762 372 1803 oiune
417 1744 492 1820 (ιι)
535 1745 797 1819 cujusque
838 1744 981 1803 modi
1024 1744 1375 1818 indulgentia:
1420 1747 1661 1821 implevit
1694 1746 1817 1804 ofﬁ-

1921 1101 2209 1159 Dominum
2239 1100 2439 1172 potius,
2470 1096 2768 1154 secundum
2796 1094 3056 1163 Spiritum
3083 1136 3097 1159 ,
3127 1093 3293 1150 David
3321 1091 3514 1148 memi-

1916 1196 2086 1255 niSset
2110 1209 2256 1260 esse,
2279 1208 2438 1263 quam
2461 1190 2662 1256 ﬁlium;
2686 1199 2742 1247 et
2763 1188 2816 1245 id
2837 1186 2979 1259 quod
3005 1186 3204 1243 dictum
3223 1195 3337 1242 est:
3360 1184 3516 1247 Audi,

1914 1288 2110 1355 Israel,
2148 1286 2402 1343 Dominus
2434 1283 2573 1343 Deus
2600 1293 2772 1340 noster
2801 1280 3056 1339 Dominus
3082 1295 3215 1334 unus
3233 1288 3308 1333 est
3325 1276 3520 1351 (Dore.

1916 1399 2024 1453 xu,
2055 1382 2163 1447 29)
2186 1422 2203 1449 ,
2232 1397 2264 1437 a
2298 1379 2509 1441 Domini
2538 1379 2700 1435 unius
2728 1382 3071 1433 sacramento
3099 1373 3370 1429 Christum
3412 1387 3518 1427 non

1915 1482 2222 1546 separaret,
2253 1488 2376 1531 cum
2401 1480 2581 1530 tantus
2607 1468 2910 1541 patriarcha
2946 1476 3003 1525 et
3036 1466 3330 1539 praphetes
3352 1480 3474 1521 eum
3498 1504 3514 1531 ,

1918 1568 2009 1640 qui
2036 1583 2102 1625 es
2134 1574 2288 1623 utere
2320 1563 2535 1623 Domini
2566 1571 2693 1618 ante
2721 1559 3004 1619 luciferum
3042 1558 3258 1629 genitus
3296 1556 3484 1613 fuisset
3505 1598 3519 1621 ,

1925 1660 2209 1721 Dominum
2237 1658 2339 1721 sibi
2372 1656 2750 1728 proﬁteretur:
2782 1668 2888 1713 non
2918 1652 3104 1724 utique
3130 1651 3417 1708 immemor
3445 1649 3524 1704 le-

1922 1755 2041 1827 gis,
2086 1768 2262 1825 neque
2302 1752 2560 1823 ignorans
2600 1748 2889 1806 Dominum
2930 1746 3095 1803 alium
3124 1758 3232 1801 non
3263 1742 3530 1800 conﬁten—

215 1842 376 1907 cium,
417 1855 541 1896 cum
591 1855 696 1895 non
756 1837 1037 1911 reliquerit
1079 1840 1217 1911 quod
1255 1841 1409 1897 alteri
1451 1841 1648 1899 debeat
1671 1884 1687 1909 ,
1730 1840 1821 1914 qui
1852 1844 1900 1913 Β
1926 1847 2090 1914 dum,
2120 1845 2217 1903 scd
2243 1861 2402 1911 eum,
2432 1844 2524 1915 qui
2556 1841 2817 1898 naturalis
2843 1847 3188 1897 sacramento
3227 1836 3524 1892 nativitatis

219 1947 422 1992 tantunt
451 1934 609 1993 alteri
637 1946 896 2008 quantum
938 1935 1039 1993 sibi
1083 1936 1291 1995 reddat.
1337 1936 1447 1994 Sed
1488 1937 1822 2013 ignoratione

219 2032 578 2091 consummati
620 2031 941 2088 sacramenti
968 2030 1244 2089 detentum
1290 2031 1556 2098 Scribam,
1593 2030 1673 2105 (2)
1700 2046 1825 2103 pro-

229 2124 509 2183 fessionem
541 2122 611 2197 (c)
641 2123 764 2179 ﬁdei
794 2124 1053 2181 Dominus
1078 2124 1423 2191 Collaudatis,
1452 2133 1509 2183 et
1535 2140 1643 2183 non
1670 2126 1827 2199 longe

234 2237 353 2279 eum
383 2236 411 2279 a
441 2220 530 2277 Dei
560 2234 730 2289 regno
757 2234 879 2275 esse
908 2219 1243 2289 restiondens
1266 2260 1282 2287 ,
1330 2235 1437 2277 non
1480 2226 1661 2279 tamen
1702 2234 1825 2276 eum

232 2316 282 2373 in
324 2316 429 2387 ipsa
467 2314 576 2384 jam
617 2312 792 2370 beata:
831 2312 946 2384 spei
979 2312 1325 2383 possessione
1351 2310 1654 2369 constituit.
1687 2311 1828 2371 Ten-

223 2407 384 2467 debat
430 2406 573 2464 euim
604 2406 686 2481 (ά)
720 2405 861 2463 felici
889 2421 1051 2463 cursu
1073 2448 1088 2472 ,
1118 2406 1218 2462 etsi
1249 2404 1559 2479 ignoranti,
1589 2412 1647 2461 et
1684 2419 1827 2477 prac-

224 2500 330 2559 lata
380 2500 632 2560 omnibus
680 2498 972 2557 dilectione
1019 2498 1151 2567 Dei,
1198 2506 1253 2555 et
1291 2498 1555 2557 eharitate
1598 2495 1828 2569 proximi

220 2610 331 2655 suae
365 2594 534 2667 ipsius
572 2592 849 2650 dilectioni
890 2602 1189 2663 cxmquata.
1235 2590 1370 2647 Cum
1418 2601 1595 2647 tamen
1640 2591 1688 2646 ei
1731 2588 1832 2661 ipsi

220 2687 451 2762 proximi
481 2685 733 2743 cbaritati
760 2701 999 2741 amorem
1032 2685 1122 2741 Dei
1154 2685 1504 2756 pra-tulisset,
1528 2685 1639 2758 jam
1667 2685 1834 2759 278

220 2797 324 2837 non
385 2780 908 2837 holucaustomatum
961 2787 1017 2836 et
1060 2778 1451 2836 sacriﬁciorum
1503 2779 1833 2851 praescriptis

220 2872 624 2929 continebatur.
657 2872 773 2928 Non
803 2879 919 2928 erat
947 2871 1104 2943 longe
1136 2871 1271 2927 istud
1300 2872 1368 2928 ab
1396 2872 1707 2945 evangelico
1746 2886 1835 2927 sa-

219 2976 525 3026 cremento.

288 3061 386 3119 26.
424 3058 679 3115 Nondum
710 3068 782 3115 est
810 3059 864 3114 in
892 3075 1051 3132 regno
1082 3055 1216 3125 Dei,
1247 3058 1367 3130 quia
1397 3056 1623 3113 nandum
1650 3058 1704 3113 in
1734 3057 1839 3127 ﬁde

222 3155 419 3214 Christi
446 3153 565 3211 Dei.
594 3154 755 3213 —Et
781 3168 878 3213 cur
906 3170 1013 3209 non
1068 3153 1226 3223 longe
1278 3170 1308 3211 tt
1358 3151 1453 3208 Dei
1503 3168 1671 3225 regno
1726 3152 1835 3219 sit,

1925 1958 1993 2000 ex
2015 1939 2370 2012 incorporalis
2408 1939 2502 1996 Dei
2527 1945 2680 1995 utero
2701 1933 3031 1993 substitisset
3048 1978 3061 1995 ,
3087 1932 3291 2003 absque
3313 1930 3532 1985 violata:

1925 2032 2061 2105 legis
2088 2033 2194 2091 ﬁde
2220 2032 2509 2091 Dominum
2538 2043 2660 2087 esse
2687 2026 3123 2099 intelligendum;
3151 2039 3274 2083 cum
3303 2036 3442 2079 unus
3466 2037 3535 2078 ex

1929 2143 2055 2195 uno,
2087 2142 2184 2198 per
2210 2126 2370 2180 unius
2398 2122 2610 2179 Domini
2640 2129 2921 2188 naturam,
2954 2118 3181 2175 haberet
3205 2116 3261 2172 in
3287 2129 3349 2173 se
3376 2124 3534 2172 natu-

1927 2220 2043 2279 rate
2068 2218 2214 2291 quod
2242 2216 2503 2277 Dominus
2527 2225 2631 2271 est.

2000 2312 2092 2369 27.
2127 2308 2407 2382 Epilogus.
2430 2337 2503 2348 ——-
2526 2306 2659 2376 Quis
2685 2320 2818 2377 ergo
2845 2314 2929 2363 est
2959 2303 3036 2387 (ὅ)
3064 2303 3175 2374 jam
3205 2316 3349 2361 nunc
3376 2300 3538 2357 relic-

1933 2414 2020 2471 tus
2046 2403 2353 2474 ambigendi
2385 2402 2578 2459 locus?
2604 2401 2870 2459 Dominus
2895 2400 3013 2471 ipse
3038 2397 3364 2468 praecipuum
3390 2410 3545 2453 mnti-

1930 2500 2118 2554 datum
2143 2496 2280 2567 legis
2301 2496 2355 2553 in
2380 2496 2539 2553 unius
2559 2493 2773 2550 Domini
2796 2491 3141 2551 confessione
3163 2507 3228 2548 ac
3253 2489 3546 2549 dilectione

1934 2591 2138 2649 docens
2180 2603 2334 2657 esse,
2380 2603 2493 2644 non
2529 2603 2629 2645 suo
2669 2586 2736 2643 ad
2763 2586 2927 2659 379
2950 2585 3230 2651 Scribam.
3268 2583 3367 2643 sed
3407 2583 3546 2643 Pro-

1938 2685 2117 2757 pheta:
2142 2682 2453 2739 testimonio
2478 2696 2607 2739 usus
2632 2690 2717 2739 est
2737 2722 2751 2748 .
2780 2695 2905 2741 esse
2924 2695 2987 2737 se
3005 2679 3332 2739 Dominum:
3362 2676 3551 2735 Domi-

1937 2796 2065 2837 num
2094 2794 2153 2835 se
2182 2789 2360 2834 tamen
2390 2792 2611 2848 semper
2652 2791 2747 2847 per
2788 2775 2877 2842 id;
2916 2772 3062 2848 quod
3103 2772 3201 2833 Dei
3244 2771 3384 2831 ﬁlius
3423 2780 3541 2839 est,

1938 2888 2063 2931 esse
2087 2872 2421 2944 signiﬁcans.
2449 2870 2553 2927 Per
2576 2869 2627 2926 id
2654 2869 2801 2925 enim
2824 2869 2880 2927 in
2908 2878 3252 2925 sacramento
3272 2866 3368 2923 Dei
3392 2866 3553 2922 unius

1941 2983 2038 3038 per
2077 2965 2419 3023 nativitatem
2460 2972 2679 3032 manet,
2708 2964 2833 3034 quia
2862 2963 2957 3021 Dei
2986 2963 3042 3019 in
3068 2979 3129 3019 se
3159 2972 3407 3019 naturam
3449 2960 3546 3017 Dei

1941 3060 2198 3119 antistitas
2226 3067 2438 3124 tenens,
2470 3058 2523 3117 in
2549 3056 2719 3115 Deum
2744 3057 2979 3117 alterum
3008 3053 3451 3127 non(4)excedas
3473 3055 3554 3111 di-

1942 3154 2203 3219 versitate
2240 3162 2479 3235 natura;
2521 3162 2578 3207 et
2616 3151 2814 3211 vetitas
2852 3150 3222 3223 generationis
3260 3165 3362 3207 aee
3403 3149 3553 3207 Patri

228 3250 294 3321 (ε)
322 3264 492 3321 quam
519 3248 730 3303 futurus
752 3247 921 3318 magis
943 3248 995 3301 in
1029 3247 1123 3301 Dei
1155 3260 1322 3317 regno
1340 3246 1432 3311 sit,
1452 3261 1514 3299 es
1535 3245 1666 3317 ipsis
1683 3244 1843 3305 dictis
1866 3241 1914 3306 C
1944 3247 2148 3307 adimat
2174 3262 2246 3305 ne
2275 3261 2382 3302 non
2412 3244 2490 3316 (lt)
2518 3245 2781 3302 Dominus
2810 3244 2914 3312 sit,
2945 3259 3049 3301 nec
3079 3242 3217 3302 Filio
3247 3258 3355 3299 non
3389 3244 3555 3313 perﬁ-

225 3342 442 3399 Domini
486 3339 894 3415 intelligendum
935 3349 1037 3396 est.
1080 3339 1336 3411 Sequitur
1372 3338 1551 3395 enim:
1588 3336 1653 3395 Et
1692 3356 1838 3395 nemo

215 3439 330 3511 jam
374 3432 600 3491 audebat
646 3448 762 3488 eum
808 3433 1143 3505 interrogare.
1192 3430 1258 3486 Et
1322 3431 1637 3502 respondens
1683 3429 1840 3488 Jesus

224 3530 356 3585 dixit
389 3529 578 3582 docens
608 3527 662 3581 in
687 3524 906 3597 templo:
939 3524 1208 3590 Quomodo
1235 3523 1410 3578 dicunt
1438 3523 1640 3579 Scriba:
1686 3522 1842 3580 Chri-

225 3634 358 3681 stum
385 3622 557 3693 filium
583 3637 689 3676 esse
713 3618 925 3675 David?
955 3617 1075 3691 Ipse
1092 3622 1232 3673 enim
1263 3615 1432 3673 Dauid
1471 3617 1593 3673 dicit
1640 3618 1693 3672 in
1719 3617 1845 3689 Spi-

223 3718 326 3771 ritu
373 3724 586 3773 sattcto:
618 3712 760 3771 Dixit
790 3711 1045 3768 Dominus
1079 3710 1302 3767 Domino
1332 3727 1464 3777 meo,
1497 3711 1633 3767 Sede
1659 3730 1691 3767 α
1719 3712 1845 3769 dex-

227 3810 318 3864 tris
350 3808 514 3875 meis,
541 3807 705 3861 donec
733 3821 919 3875 ponam
946 3804 1183 3863 inimicos
1208 3813 1321 3860 tuos
1347 3802 1626 3861 scabellutn
1656 3804 1846 3877 pedum

228 3912 442 3957 tuorum
460 3896 636 3970 (Psal.
667 3914 757 3957 ctx
779 3939 792 3960 ,
822 3897 895 3969 l).
917 3896 1041 3967 Ipse
1066 3895 1230 3951 David
1252 3896 1374 3953 dicit
1396 3912 1510 3953 eum
1532 3895 1842 3965 Dominum;

227 4006 272 4051 et
302 3994 446 4053 unde
472 4003 544 4052 est
570 3993 715 4065 [ilius
740 3996 853 4068 ejus
880 3988 1072 4069 (Marc.
1105 4007 1181 4047 xu
1203 4033 1218 4060 ,
1248 3988 1342 4064 3t)
1367 3992 1387 4045 ?
1421 3990 1538 4047 Non
1562 3991 1722 4065 longe
1745 3992 1847 4069 igi-

228 4100 315 4147 tur
342 4106 376 4145 a
410 4086 506 4145 Dei
535 4104 704 4160 regno
734 4096 818 4147 est
845 4086 1033 4147 Scriba
1061 4102 1223 4145 unum
1252 4086 1421 4145 Deum
1445 4087 1733 4155 eanﬁtens,
1755 4088 1847 4160 qui

230 4184 373 4243 ultra
403 4182 583 4239 omnia
615 4192 762 4239 esset
791 4180 1120 4253 diligendus.
1153 4179 1257 4239 Sed
1288 4178 1611 4243 admonetur
1637 4196 1731 4239 sua
1762 4184 1845 4251 ip-

229 4276 344 4332 sius
376 4274 751 4348 professione,
784 4288 880 4331 cur
912 4284 1310 4335 sacrauit-nium
1342 4272 1476 4343 legis
1506 4273 1751 4345 ignoret,
1794 4280 1851 4329 et

229 4366 511 4425 Christum
544 4367 832 4422 Dominum
869 4365 1033 4421 lilium
1069 4365 1164 4425 Dei
1196 4366 1400 4423 nesciat
1428 4383 1526 4439 per
1555 4368 1850 4427 nativitatis

232 4475 488 4521 naturam
523 4459 573 4515 in
610 4460 711 4515 title
746 4459 902 4517 unius
934 4460 1145 4515 Domini
1177 4459 1567 4517 conﬁtendum.
1615 4460 1685 4516 Et
1723 4462 1846 4532 quia

230 4570 332 4629 per
355 4554 520 4610 unius
547 4552 756 4609 Domini
782 4552 1077 4610 secundum
1104 4552 1277 4625 legem
1305 4552 1728 4625 professionem,
1752 4554 1845 4610 Dei

330 4696 393 4763 i)
430 4693 685 4768 Daupsris
711 4695 899 4768 spiritu
924 4695 1105 4753 mercis
1131 4704 1227 4751 est.

330 4698 393 4763 i)
430 4698 685 4768 Pauperis
711 4698 899 4768 spiritu
924 4712 940 4749 ι

300 4698 394 4915 3‘2)
426 4766 531 4853 [fer
553 4771 940 4839 professionem.

331 4839 390 4913 5)
428 4838 599 4894 ltttam
621 4856 780 4897 nunc.

331 4839 390 4913 5)
428 4838 599 4894 Etiam
621 4838 780 4897 nunc.

306 4953 393 5029 (α)
421 4955 817 5029 Λιὶψιοιᾼιιιεδ.
862 4954 1108 5026 pauperis
1152 4954 1362 5026 spiritu.
1414 4953 1669 5011 Nonnulli
1721 4955 1847 5022 alii,

232 5026 558 5102 paupetjbns
592 5027 798 5102 spiritu.

310 5100 395 5172 (ὸ)
424 5097 647 5164 Excusi,
675 5097 1025 5167 huiuscemodi
1049 5097 1379 5170 indulgentiae
1402 5098 1659 5170 implebit:
1683 5100 1848 5155 casti-

230 5180 440 5247 gantur
464 5186 533 5226 ex
554 5185 691 5247 mss.

313 5242 480 5370 (agn
511 5242 769 5313 vulgatis,
796 5258 887 5313 per
913 5243 1313 5316 professionem:
1348 5242 1718 5317 expunximus
1756 5259 1847 5314 per

474 5329 606 5369 mss.

236 5331 306 5374 0‘
338 5329 449 5370 ιιαο
474 5329 606 5369 MSS.

315 5386 400 5460 (ά)
433 5386 567 5460 Sola
600 5385 765 5441 editio
800 5385 961 5460 Pa_r._,
1002 5385 1142 5455 ﬁdeli
1170 5402 1357 5460 cursu.
1377 5385 1512 5460 Tum
1552 5400 1679 5440 mss.
1719 5384 1839 5440 Vat.

240 5457 389 5515 bas.
418 5467 474 5513 et
522 5457 733 5514 Martin.
783 5458 877 5531 etsi
906 5458 1176 5531 ignorata.
1227 5458 1397 5531 Magis
1442 5459 1677 5528 placeret
1719 5472 1844 5531 cum

238 5532 404 5595 (ζου).
434 5531 525 5586 etsi
543 5532 768 5599 ignorati
786 5572 801 5595 ,
832 5529 878 5585 si
906 5528 1024 5589 hinc
1045 5528 1152 5585 duo
1179 5529 1435 5587 vocabula
1466 5541 1591 5599 post
1629 5530 1848 5598 prcluta

241 5603 520 5667 dilectione
538 5600 635 5659 Dei
659 5612 949 5661 esst-arent.
974 5601 1169 5674 Verum
1187 5600 1307 5658 ideo
1332 5602 1584 5674 ignorans
1613 5601 1703 5674 ille
1726 5616 1849 5674 cur-

241 5691 368 5739 sus,
395 5677 516 5743 quia
545 5673 774 5733 hominis
803 5674 1095 5744 ignorantis
1118 5672 1323 5743 Deum,
1352 5672 1643 5735 secundum
1675 5672 1800 5728 illud
1832 5714 1847 5739 ,

244 5747 352 5805 lib.
382 5761 470 5815 ut,
512 5765 567 5805 n.
594 5746 684 5801 l7:
719 5745 883 5801 Deum
912 5762 1073 5815 nemo
1094 5745 1290 5808 noscit,
1324 5745 1427 5800 nisi
1459 5744 1766 5815 conﬁteatur
1801 5753 1851 5800 et

248 5817 467 5873 Patrem
508 5827 700 5887 patrons
738 5817 985 5888 unigeniti
1027 5814 1189 5883 Filii,
1233 5818 1278 5872 et
1322 5816 1520 5875 Filium
1544 5814 1565 5883 ,ί
1602 5825 1705 5873 etc.
1750 5815 1849 5872 Illa

249 5891 402 5946 enim
438 5889 611 5945 Patris
651 5900 705 5945 ct
756 5889 875 5945 Filii
925 5889 1161 5961 cognitio
1196 5897 1625 5953 consummatum
1667 5902 1845 5946 sacra-

1866 4698 1919 4763 D

1945 3341 2054 3397 eiat
2080 3355 2150 3401 ue
2177 3354 2287 3397 non
2313 3338 2387 3395 sit
2409 3346 2464 3395 et
2484 3339 2768 3397 Dominus.
2799 3338 2978 3408 Atque
3004 3337 3078 3395 ita
3104 3352 3282 3408 neque
3309 3338 3553 3397 auctori-

1948 3445 2113 3497 tatem
2147 3436 2307 3493 Pater
2331 3432 2565 3500 amittit,
2597 3448 2698 3490 nec
2738 3441 2986 3491 naturam
3023 3430 3193 3489 Filius
3221 3446 3328 3487 non
3359 3439 3549 3488 tenet:

1946 3545 2046 3602 per
2067 3528 2212 3601 quod
2239 3542 2340 3585 nec
2365 3526 2508 3585 Deus
2538 3535 2688 3597 pater
2716 3541 2825 3582 non
2849 3525 3114 3587 Dominus
3142 3540 3281 3580 unus
3308 3534 3394 3581 est
3414 3566 3429 3589 .
3456 3540 3555 3582 ne-

1945 3639 2052 3696 que
2081 3621 2389 3693 unigenitus
2427 3621 2494 3691 (i)
2525 3619 2666 3677 Deus
2696 3619 2959 3677 Dominus
2992 3628 3280 3689 separatur
3307 3618 3377 3674 ab
3404 3633 3512 3674 uno
3537 3633 3554 3684 ;

1946 3734 2070 3777 cum
2097 3732 2164 3775 ex
2186 3730 2295 3773 uno
2321 3715 2551 3773 Domino
2575 3729 2714 3771 unus
2732 3714 2850 3785 ipse
2870 3714 3129 3771 sulsistat
3152 3713 3204 3769 in
3229 3712 3553 3769 Diminuam:

1948 3812 2237 3871 hominum
2290 3824 2454 3869 unum
2498 3809 2571 3867 ita
2606 3823 2679 3865 ex
2722 3808 2841 3879 lege
2878 3806 3113 3873 docens,
3157 3814 3216 3863 ut
3250 3820 3313 3862 se
3338 3819 3559 3878 quoque

1948 3905 2238 3969 Dominum
2269 3901 2538 3974 Propheta
2568 3901 2650 3974 (5)
2683 3908 2824 3959 teste
2850 3900 3141 3957 conﬁrmet
3172 3897 3367 3972 (Dauid
3391 3898 3542 3956 Pal.

1947 4015 2032 4059 eis
2047 3997 2089 4071 ).

2020 4093 2113 4151 28.
2140 4089 2227 4146 Ea:
2250 4090 2376 4159 ipsis
2400 4089 2762 4147 hereticorum
2785 4087 2996 4158 objectis
3020 4086 3358 4157 conﬁrmatur
3378 4084 3477 4141 Dei
3500 4087 3557 4140 in

1952 4183 2155 4239 Christo
2184 4193 2393 4243 natura.
2420 4180 2802 4239 Hoereticorum
2833 4180 3107 4246 obiectum.
3139 4179 3436 4237 —'l‘ettdat
3458 4194 3555 4250 per

1952 4285 2176 4333 caeteras
2204 4276 2353 4353 impii
2384 4275 2581 4335 furoris
2622 4273 3024 4346 propositiones
3061 4272 3188 4330 ﬁdei
3227 4273 3558 4343 evangelica

1952 4370 2265 4437 responsio,
2297 4378 2353 4427 et
2379 4368 2466 4426 bis
2497 4368 2629 4439 ipsis
2654 4366 2853 4438 quibus
2880 4366 3230 4438 imiiugnstur
3258 4376 3554 4438 repugnet:

1952 4470 2009 4517 et
2044 4462 2210 4517 artnis
2249 4462 2446 4521 excidii
2485 4461 2570 4517 sui
2612 4462 2870 4526 vincens,
2915 4460 3072 4517 unius
3100 4458 3334 4531 Spiritus
3374 4461 3516 4518 dicta
3541 4498 3557 4528 ,

1950 4556 2115 4617 unius
2130 4572 2347 4628 quoque
2368 4556 2492 4621 ﬁdei
2523 4556 2858 4615 demonstret
2882 4567 3007 4615 esse
3024 4553 3347 4611 doctrinm.
3371 4550 3560 4627 Neque

2017 4699 2099 4775 (ιι)
2131 4701 2370 4775 (incidat.

2018 4773 2102 4846 (5)
2131 4773 2387 4830 Testante.

1946 4965 2191 5086 attentum
2219 4966 2329 5021 est,
2359 4955 2513 5026 cujus
2536 4952 2873 5026 ignoratione
2896 4953 3145 5010 detentus
3177 4952 3363 5011 Scriba
3388 4955 3552 5015 modo

1993 5045 2073 5085 tce
2111 5039 2250 5084 atur.

1993 5039 2250 5083 tcebatur.

2009 5044 2250 5085 cenatur.

2023 5098 2094 5186 (ε)
2124 5100 2179 5156 ln
2208 5098 2567 5186 excusistqui
2589 5098 2796 5186 futurus
2822 5115 2840 5154 :
2878 5113 3059 5169 prave.
3087 5098 3291 5155 Sensus
3319 5108 3429 5186 est.
3457 5119 3551 5159 cur

1950 5170 2243 5245 mo‘gis.seu
2270 5187 2366 5227 cur
2392 5170 2597 5242 potius,
2618 5188 2718 5227 non
2741 5170 2893 5245 longe
2913 5189 2945 5226 a
2968 5188 3143 5244 regno,
3170 5188 3320 5243 quant
3343 5171 3554 5242 futurus

1948 5246 2004 5302 in
2029 5262 2185 5320 regno
2211 5245 2438 5303 dicatur.

2023 5337 2099 5422 (ι’)
2130 5336 2311 5394 Codex
2339 5335 2461 5394 Vat.
2491 5336 2605 5395 bas.
2628 5352 2756 5394 eun
2785 5334 3024 5404 Merlin,
3046 5333 3344 5393 uniusDei:
3370 5340 3551 5397 minus

1944 5426 2456 5556 cogiililgcabulum
2500 5497 2555 5537 se
2595 5480 2648 5536 in
2691 5479 2921 5554 vulgatis
2946 5478 3203 5539 omissum
3244 5481 3546 5545 reStituitur

1949 5570 2015 5611 ex
2044 5569 2176 5611 MSS.

2028 5646 2107 5720 (lt)
2132 5645 2297 5710 Editi.
2324 5663 2388 5720 ne
2416 5663 2518 5703 non
2542 5643 2777 5720 De_us_sit
2794 5659 2813 5697 :
2840 5643 3230 5720 reluctantibus
3258 5662 3389 5711 mss.
3413 5653 3550 5711 Tum

1955 5714 2223 5777 Vatfbas.
2252 5719 2422 5779 codex
2441 5761 2456 5787 ,
2485 5735 2575 5775 nec
2604 5714 2744 5772 Filio
2768 5732 2872 5771 non
2897 5715 3154 5787 proﬁn'at.

2022 5812 2086 5887 (i)
2109 5811 2237 5892 Mnes.
2252 5808 2416 5892 (scrib.
2432 5810 2715 5892 etC-erm,
2733 5809 3024 5892 unigenitus
3061 5806 3335 5892 Dominus,
3356 5814 3555 5868 omissa

1956 5878 2087 5942 voce
2116 5881 2279 5939 Deus.
2307 5882 2428 5940 Vat.
2452 5882 2594 5951 bas.,
2623 5878 2917 5954 unigenitus
2942 5878 3080 5937 Deus
3108 5878 3349 5941 Domino.

2968 5972 2993 6003 4'
