3988 6332
490 306 601 370 $03

1695 299 1939 363 SANCTI
1979 298 2237 361 HILARII
2277 296 2586 361 EPISCOPI

3649 299 3736 364 301

492 425 638 483 enim
668 421 805 480 alius
830 418 1112 487 Christus,
1140 433 1303 491 quam
1331 418 1422 493 qui
1449 426 1532 475 est
1563 418 1919 489 praedicatus,
1950 418 2094 475 Deus
2120 415 2171 478 A
2200 417 2589 473 monstratioue
2615 414 2787 474 fuerat
2816 416 3081 483 elocutus,
3108 416 3318 476 dicens:
3356 416 3449 473 Vos
3476 435 3548 474 me
3569 423 3738 491 amatis,

493 519 701 575 scilicet
735 532 930 583 verus,
972 524 1026 573 et
1077 516 1131 572 in
1169 516 1262 571 Dei
1295 516 1456 572 unius
1483 514 1598 571 veri
1637 516 1804 588 gloria
1837 529 2094 571 manens:

495 621 553 667 et
576 611 714 668 sicut
738 626 799 667 se
823 609 1108 666 Dominum
1135 624 1206 666 ex
1230 609 1350 681 lege
1370 651 1385 677 ,
1416 609 1545 665 dum
1577 624 1778 681 negare
1802 609 2097 677 videretur,

493 702 806 775 professus;
833 702 905 757 ita
931 710 989 758 et
1012 702 1067 758 in
1092 701 1403 774 Evangeliis
1427 718 1616 759 verum
1644 717 1703 758 se
1732 704 1903 758 Deum
1921 744 1936 770 ,
1969 702 2099 757 dum

494 813 607 854 non
651 796 902 854 conﬁteri
947 795 1287 853 existimatur
1329 794 1642 853 ostendens.
1690 795 1805 851 Hoc
1847 794 1993 851 enim
2042 809 2103 850 se

491 890 644 947 dicto
683 889 833 961 ejus,
882 905 951 947 ne
996 904 1119 946 eum
1147 905 1332 946 verum
1361 891 1530 946 Deum
1557 903 1678 946 esse
1709 887 1943 945 haeretici
1971 901 2105 943 con-

498 984 775 1053 ﬁteantur,
818 990 1115 1039 excusant:
1162 981 1291 1040 Htec
1332 992 1406 1040 est
1444 992 1613 1038 autem
1648 982 1754 1037 vita
1780 993 2006 1047 teterna,
2047 991 2106 1036 ut

500 1078 670 1132 sciant
701 1084 748 1132 te
775 1076 944 1131 solum
976 1092 1150 1131 verum
1191 1075 1358 1131 Deum
1378 1116 1394 1143 ,
1439 1086 1486 1131 et
1515 1092 1662 1145 quem
1693 1075 1878 1131 misisti
1924 1074 2106 1131 Iesum

503 1169 769 1227 Christum
802 1171 984 1245 (Joan.
1017 1187 1155 1240 xvtt,
1186 1170 1262 1245 3).
1297 1170 1356 1227 In
1386 1185 1453 1226 eo
1481 1185 1717 1243 namque
1745 1170 1887 1242 quod
1920 1169 2031 1237 ait,
2061 1179 2110 1225 te

500 1265 667 1321 solum
707 1281 881 1320 verum
917 1263 1117 1332 Deum,
1162 1278 1422 1335 separare
1450 1279 1511 1320 se
1540 1279 1571 1319 a
1600 1264 1829 1320 veritate
1874 1264 1970 1320 Dei
2013 1278 2109 1333 per

503 1358 879 1429 exceptionem
910 1357 1138 1413 solitarii
1176 1357 1551 1425 existimatur;
1595 1372 1717 1414 cum
1750 1357 1902 1414 solus
1948 1370 2111 1413 verus

503 1450 652 1508 Dens
681 1451 786 1508 nisi
824 1467 885 1508 se
927 1460 1139 1508 tantum
1177 1452 1478 1509 solitarium
1512 1453 1682 1510 Deum
1725 1469 1835 1509 non
1875 1454 2111 1524 patiatur

513 1542 764 1615 intelligi.
798 1544 863 1599 Et
890 1560 1019 1601 vere
1047 1544 1193 1601 istud
1222 1544 1353 1601 ﬁdes
1382 1546 1678 1616 apostolica
1727 1562 1836 1602 non
1882 1545 2107 1618 patitur,

505 1636 644 1693 duos
686 1653 847 1695 veros
875 1638 1009 1696 deos
1036 1639 1221 1707 credi;
1252 1641 1377 1712 quia
1408 1648 1617 1696 natura:
1650 1643 1813 1697 unius
1846 1640 1941 1698 Dei
1974 1640 2109 1697 nihil

485 1729 746 1786 alienum
786 1740 995 1786 naturae
1035 1731 1277 1802 ejusdem
1327 1732 1720 1804 exrequandum
1768 1733 1838 1789 sit
1875 1732 2110 1789 veritati.

2202 521 2250 568 et
2276 513 2482 567 creditis
2506 512 2752 584 quoniam
2772 528 2803 565 a
2825 510 2935 568 Deo
2960 512 3113 577 exivi,
3141 520 3188 568 et
3216 530 3246 567 a
3266 511 3422 568 Patre
3441 514 3544 569 veni
3564 516 3609 569 in
3634 517 3740 570 hunc

2201 605 2454 663 nitendum
2479 606 2644 677 (Ibid.
2668 606 2741 663 27
2760 615 2806 662 et
2829 606 2947 678 28).
2971 606 3016 662 A
3038 606 3198 662 Patre
3225 607 3364 663 enim
3392 607 3441 663 in
3468 605 3597 663 hunc
3616 625 3740 664 mun-

2203 700 2329 756 dum
2358 709 2611 765 venerat,
2646 698 2726 774 (ἓ)
2758 700 2881 772 quia
2923 714 2953 756 a
2994 701 3107 757 Dro
3147 701 3371 757 exierat.
3411 700 3537 756 Nam
3562 709 3614 756 ut
3637 702 3746 757 nati-

2206 797 2426 851 vitatem
2458 810 2611 851 suam
2645 795 2696 850 in
2728 796 2972 852 exitione
3011 793 3345 866 signiﬁcasse
3385 793 3745 866 intelligeretur,

2204 887 2434 959 subjecit
2477 901 2537 944 se
2579 903 2606 941 a
2650 886 2811 944 Patre
2854 887 3088 944 venisse.
3148 888 3359 943 Etcum
3388 902 3478 957 per
3501 885 3549 941 id
3574 902 3599 941 a
3627 886 3749 945 Patre

2206 980 2455 1047 venerit,
2488 980 2614 1052 quia
2643 994 2672 1036 a
2703 980 2816 1036 Deo
2844 980 3035 1038 exierit
3060 995 3076 1047 ;
3108 979 3277 1037 exitio
3301 980 3416 1050 ejus
3445 995 3473 1035 a
3500 976 3603 1036 Deo
3625 980 3751 1036 abso-

2212 1075 2325 1132 luta
2353 1076 2601 1131 nativitas
2626 1084 2731 1145 est,
2760 1092 2920 1148 quam
2950 1076 3159 1148 paterni
3184 1075 3413 1132 nominis
3433 1084 3510 1131 est
3528 1075 3751 1132 confessio

2208 1182 2518 1228 consecuta.
2563 1171 2992 1244 lntelligentibns
3034 1172 3214 1244 itaque
3241 1168 3506 1241 Apostolis
3544 1169 3633 1226 hoc
3663 1171 3753 1225 exi-

2210 1265 2373 1323 tionis
2403 1275 2799 1321 sacramentum
2819 1307 2833 1331 ,
2867 1264 2982 1321 lure
3009 1264 3224 1320 locutus
3249 1273 3366 1320 est:
3397 1262 3546 1317 Modo
3569 1263 3751 1317 creditis.

2217 1358 2348 1415 Ecce
2371 1359 2502 1414 venit
2531 1359 2691 1425 hora,
2723 1368 2771 1414 et
2799 1356 2881 1432 (ὃ)
2909 1374 3048 1413 nunc
3089 1356 3164 1431 (b)
3201 1356 3367 1423 venit,
3398 1364 3452 1410 ut
3488 1354 3757 1428 dispergam

2213 1452 2553 1523 unusquisque
2605 1451 2659 1506 in
2709 1466 2802 1507 sua
2828 1492 2842 1517 ,
2895 1459 2944 1506 et
2991 1467 3071 1506 me
3119 1450 3290 1505 solum
3338 1447 3648 1515 relinquatis:
3688 1447 3756 1502 sed

2212 1565 2315 1603 non
2342 1563 2455 1603 sum
2477 1547 2638 1611 solus,
2665 1547 2911 1617 quoniam
2939 1544 3100 1601 Pater
3125 1561 3323 1601 mecum
3351 1553 3425 1599 est
3457 1542 3606 1616 (Ibid.
3627 1542 3687 1600 3?.
3720 1552 3758 1597 et

2213 1643 2339 1715 55).
2370 1641 2443 1699 Ut
2467 1640 2759 1698 exitionem
2788 1640 2959 1707 illam,
2982 1653 3087 1695 non
3114 1637 3497 1694 alienationem
3520 1650 3545 1689 a
3570 1635 3664 1692 Deo
3685 1651 3756 1704 pa-

2217 1744 2301 1792 tre
2338 1734 2562 1791 doceret
2586 1749 2707 1791 esse
2729 1776 2742 1799 ,
2772 1732 2865 1789 sed
2899 1732 3229 1789 nativitatem
3263 1740 3507 1788 naturam
3537 1729 3584 1784 in
3609 1743 3659 1785 se
3687 1727 3758 1784 Dei

505 1822 626 1880 Non
656 1823 762 1879 erit
788 1824 933 1880 enim
973 1824 1026 1879 in
1070 1824 1166 1880 Dei
1207 1825 1364 1881 ttnius
1403 1827 1635 1882 veritate
1679 1826 1818 1882 Deus
1861 1840 2001 1882 unus
2023 1867 2038 1893 ,
2068 1824 2114 1882 si
2144 1824 2193 1886 B
2219 1831 2388 1903 patris
2427 1828 2703 1886 nascendo
2744 1828 3103 1891 retinentem;
3156 1825 3388 1897 subjecit
3417 1840 3519 1881 non
3547 1838 3601 1880 se
3626 1822 3759 1879 solum

507 1926 661 1973 extra
704 1924 950 1973 naturam
995 1918 1154 1973 unius
1193 1918 1290 1974 Dei
1333 1919 1487 1985 veri,
1534 1918 1756 1975 alterius
1797 1916 2013 1990 generis
2058 1926 2115 1974 ct

508 2028 620 2069 non
662 2012 962 2069 secundum
993 2012 1327 2069 nativitatem
1361 2014 1624 2071 naturalis
1648 2013 1749 2071 sibi
1784 2015 1927 2071 Deus
1954 2029 2116 2071 verus

508 2106 755 2164 exsistat.

578 2199 675 2257 ‘29.
705 2198 792 2256 Ea:
815 2199 1075 2272 adjunctis
1102 2199 1265 2255 verbis
1310 2200 1548 2257 diluitur.
1591 2197 1758 2257 Deum
1789 2216 1852 2257 ea:
1876 2197 1987 2255 Deo
2016 2214 2117 2254 na-

509 2305 625 2351 tura
662 2294 921 2351 Christum
959 2305 1241 2369 agnoscunt
1273 2296 1528 2367 Apostoli.
1552 2326 1616 2337 —
1638 2296 1745 2352 Sed
1777 2304 1837 2351 ut
1867 2295 1969 2351 hoc
1998 2294 2118 2366 ipso

510 2389 702 2446 eodem
733 2389 881 2446 dicto
911 2404 1017 2446 non
1046 2389 1298 2461 ambigue
1326 2390 1445 2459 ipse
1484 2405 1545 2447 se
1585 2391 1641 2445 in
1682 2390 1840 2445 unius
1870 2389 1963 2444 Dei
2005 2387 2119 2445 veri

515 2492 710 2539 natura
753 2483 918 2540 Deum
970 2498 1158 2540 verum
1213 2482 1492 2553 professus
1530 2497 1652 2539 esse
1697 2481 2045 2553 intelligatur,
2087 2496 2119 2536 a

527 2576 934 2648 superioribus,
986 2575 1114 2631 huic
1167 2584 1345 2631 tamen
1395 2575 1540 2631 dicto
1583 2576 1911 2632 continuatis
1959 2585 2121 2645 atque

511 2669 754 2741 junctis,
806 2670 1233 2741 professionibus
1279 2668 1657 2741 responsionis
1700 2680 1900 2725 nostrae
1941 2684 2120 2726 sermo

514 2762 840 2820 descendat:
872 2772 929 2818 ut
959 2777 1057 2834 per
1082 2761 1282 2834 gradus
1324 2762 1708 2818 demonstrata:
1750 2762 1902 2830 ﬁdei,
1925 2762 2035 2834 jam
2067 2763 2118 2818 in

523 2857 644 2928 ipso
672 2856 826 2927 apice
855 2857 971 2912 veri
1003 2856 1095 2911 Dei
1138 2855 1339 2911 Christi
1383 2856 1648 2912 libertatis
1689 2865 1891 2911 nostra:
1930 2856 2121 2911 ﬁducia

518 2951 889 3023 conquiescat.
925 2950 1054 3007 Post
1084 2951 1250 3023 280
1277 2959 1675 3007 sacramentum
1708 2951 1887 3021 itaque
1916 2965 2125 3006 sermo-

519 3045 607 3101 nis
647 3046 766 3113 ejus
787 3085 802 3110 ,
834 3058 943 3113 quo
972 3043 1217 3099 dixerat:
1252 3043 1352 3111 Qui
1379 3060 1459 3097 nte
1488 3043 1613 3098 vidit
1642 3043 1766 3098 vidit
1796 3052 1844 3097 et
1874 3041 2124 3109 Patrem;

521 3150 606 3197 et:
643 3139 767 3195 Non
792 3138 999 3193 creditis
1025 3137 1187 3205 mihi,
1220 3137 1359 3204 quod
1383 3153 1478 3210 ego
1500 3137 1555 3192 in
1582 3135 1743 3193 Patre
1762 3179 1777 3205 ,
1805 3146 1853 3192 et
1883 3135 2040 3193 Pater
2070 3137 2125 3192 in

2219 1940 2379 1990 esse,
2412 1924 2507 1982 sed
2535 1924 2748 1979 Patrem
2776 1937 2958 1979 secum
2999 1936 3152 1989 esse,
3197 1921 3399 1976 virtute
3435 1919 3609 1990 utique
3639 1925 3760 1988 atque

2218 2020 2426 2075 unitate
2469 2027 2708 2074 naturae:
2738 2032 2859 2071 cum
2888 2031 3069 2073 secum
3098 2015 3258 2071 Pater
3286 2015 3342 2069 in
3372 2029 3432 2071 se
3474 2027 3671 2068 manens
3700 2023 3762 2065 es-

2219 2121 2331 2180 set,
2368 2111 2419 2165 in
2453 2110 2711 2181 loquente
2737 2124 2797 2165 sc
2821 2116 2983 2179 atque
3011 2118 3271 2179 operante
3300 2117 3357 2163 ct
3384 2122 3604 2177 aperans
3627 2112 3671 2161 et
3703 2103 3761 2158 lo-

2221 2218 2419 2276 quens.
2464 2202 2673 2259 Deinde
2712 2211 2769 2256 nt
2809 2217 3024 2258 causam
3067 2201 3232 2257 totius
3261 2199 3422 2271 hujus
3449 2200 3526 2254 sui
3553 2193 3764 2254 sermonis

2221 2298 2571 2365 ostenderet,
2600 2295 2800 2368 adjecit
2824 2314 2837 2350 :
2870 2295 2997 2352 Htec
3021 2297 3222 2351 locutus
3247 2311 3364 2350 sum
3390 2293 3555 2362 vobis,
3578 2300 3625 2347 ut
3647 2292 3688 2345 in
3708 2304 3767 2345 me

2220 2408 2393 2466 pacem
2420 2391 2665 2447 habeatis.
2696 2390 2763 2445 In
2792 2391 2887 2445 Itoc
2908 2399 3079 2446 autem
3105 2390 3297 2445 steculo
3325 2387 3675 2442 tribulationem
3696 2384 3765 2438 Ita-

2222 2485 2438 2541 bebitis:
2464 2483 2555 2540 sed
2603 2483 2676 2556 (c)
2718 2483 2990 2554 anitatequi
3029 2490 3218 2549 estote,
3258 2481 3384 2553 quia
3419 2480 3512 2536 vici
3546 2495 3625 2552 ego
3645 2475 3763 2550 281

2224 2578 2473 2634 mundum
2503 2576 2667 2651 (Ibid.
2693 2578 2810 2648 '55).
2843 2578 3080 2633 Locutus
3111 2590 3240 2647 ergo
3266 2577 3367 2632 ista
3398 2585 3507 2641 est,
3534 2583 3588 2630 nt
3609 2570 3765 2643 paciﬁci

2224 2673 2277 2730 in
2320 2690 2388 2731 eo
2434 2681 2755 2737 manerent,
2800 2687 2981 2749 neque
3019 2669 3424 2727 dissensionum
3463 2667 3627 2725 studio
3646 2679 3766 2736 super

2226 2767 2349 2824 ﬁdei
2377 2766 2854 2835 disceptationilms
2878 2758 3240 2831 dissiderent;
3275 2780 3400 2821 cum
3431 2764 3516 2835 qui
3553 2761 3679 2819 solus
3707 2772 3749 2814 re

2226 2862 2579 2933 linqueretur,
2622 2876 2726 2917 non
2756 2861 2903 2916 solus
2941 2869 3120 2929 esset;
3163 2869 3218 2916 et
3258 2859 3355 2928 qui
3392 2876 3422 2915 a
3448 2858 3556 2916 Deo
3579 2858 3763 2917 exisset.

2226 2971 2348 3013 enm
2391 2972 2419 3010 a
2465 2971 2571 3024 quo
2612 2955 2813 3011 exisset
2853 2954 3019 3009 Deum
3064 2954 3117 3009 in
3158 2968 3220 3011 se
3263 2953 3518 3009 haberet:
3544 2946 3763 3007 deindein

2225 3047 2422 3105 smcnlo
2453 3047 2629 3104 vexati
2654 3090 2670 3114 ,
2709 3047 2974 3115 patientes
3015 3046 3439 3117 promissionum
3467 3043 3576 3115 ejus
3600 3047 3763 3104 essent,

2228 3142 2319 3214 qui
2349 3141 2604 3197 mundum
2628 3156 2657 3196 a
2680 3141 2793 3197 Dco
2819 3139 3068 3197 exeundo
3093 3149 3149 3197 et
3171 3139 3345 3197 Deum
3371 3152 3550 3196 secum
3576 3130 3769 3192 habendo

520 3234 638 3289 me?
666 3232 743 3305 (i)
782 3231 952 3287 Verba
973 3271 989 3298 ,
1021 3247 1138 3302 qua:
1166 3246 1258 3302 ego
1288 3229 1469 3303 loquor
1498 3214 1670 3297 vobis,
1714 3248 1816 3286 non
1856 3248 1887 3285 a
1928 3248 2009 3287 me
2047 3232 2126 3287 lo—
2152 3234 2199 3299 C
2229 3234 2469 3290 vicisset.

520 3342 683 3398 quor;
703 3325 793 3381 sed
820 3323 1002 3391 Pater,
1024 3324 1111 3393 qui
1132 3326 1187 3378 in
1213 3340 1293 3379 me
1317 3334 1487 3379 manet
1504 3368 1519 3390 ,
1547 3325 1657 3395 ipse
1682 3325 1803 3396 facit
1826 3341 1984 3395 opera
2009 3341 2127 3381 sua.

528 3416 737 3473 Credite
770 3416 898 3471 mihi
918 3457 934 3484 ,
963 3416 1209 3488 quoniam
1249 3432 1341 3490 ego
1380 3417 1434 3471 in
1468 3415 1655 3486 Patre,
1687 3427 1737 3474 et
1769 3417 1929 3473 Pater
1961 3420 2018 3474 in
2053 3434 2133 3474 me

529 3520 603 3566 est
624 3527 643 3565 :
673 3511 754 3565 sin
782 3519 988 3578 autem,
1020 3511 1098 3565 vel
1124 3521 1332 3581 propter
1360 3528 1517 3583 opera
1540 3512 1655 3583 ipsa
1696 3513 1889 3569 credite
1927 3515 1945 3584 (
1969 3513 2127 3571 Joan.

526 3620 645 3674 xtv,
674 3605 708 3662 9
722 3615 770 3661 et
794 3604 979 3678 seqq.).
999 3604 1126 3661 Post
1151 3606 1500 3677 multiplicem
1520 3622 1650 3678 ergo
1667 3606 1809 3663 hunc
1836 3608 2131 3680 ingentium

528 3699 910 3773 mysteriorum
969 3712 1318 3769 sermonem,
1376 3701 1625 3772 sequitur
1680 3702 2129 3773 respondentium

529 3793 923 3865 discipulorum
973 3809 1157 3853 sermo
1207 3795 1346 3852 iste:
1405 3794 1563 3851 Nunc
1611 3812 1732 3869 ergo
1778 3797 1964 3853 sciurus
2012 3799 2137 3868 quia

532 3888 668 3944 nosti
695 3888 873 3944 omnia
896 3930 911 3954 ,
942 3898 988 3944 et
1017 3905 1120 3944 non
1149 3889 1302 3945 habes
1331 3906 1533 3946 necesse
1570 3899 1628 3945 ut
1666 3891 1854 3964 aliquis
1890 3901 1940 3949 te
1976 3892 2133 3948 inter-

529 3991 705 4055 roget;
732 3983 784 4037 in
807 3981 904 4037 Itoc
923 3981 1179 4038 credimus
1198 3983 1443 4053 quoniam
1466 4000 1496 4037 η
1517 3981 1629 4039 Deo
1651 3984 1806 4039 existi
1823 3984 2004 4057 (Joan.
2022 4001 2134 4054 xvt,

532 4077 605 4133 30
628 4088 677 4132 et
701 4076 818 4150 51).
850 4075 1152 4134 Virtutibus
1183 4077 1236 4133 in
1267 4093 1334 4134 eo
1365 4078 1497 4146 Dei,
1528 4089 1772 4135 naturam
1801 4095 2016 4151 quoque
2043 4080 2138 4137 Dei

532 4174 955 4231 intellexerunt:
988 4188 1162 4246 neque
1190 4174 1334 4230 enim
1365 4188 1527 4230 nosse
1564 4174 1778 4243 omnia,
1810 4183 1866 4232 et
1893 4175 2138 4231 cordium

536 4265 895 4338 cogitationes
931 4265 1107 4335 scire,
1150 4265 1299 4321 missi
1339 4266 1517 4335 potius
1542 4280 1572 4322 a
1605 4266 1714 4321 Deo
1754 4274 1945 4339 posset
1978 4281 2136 4335 esse,

537 4372 701 4430 quam
743 4358 876 4413 nati.
919 4357 976 4412 In
1011 4357 1113 4413 hoc
1143 4372 1273 4430 ergo
1302 4371 1362 4414 se
1389 4357 1615 4415 credere
1646 4358 1969 4429 proﬁtentur
1994 4359 2139 4431 quod

534 4464 568 4507 a
598 4434 712 4508 Deo
740 4449 969 4515 exierit,
1001 4450 1125 4520 quia
1157 4459 1366 4505 naturae
1396 4450 1449 4505 iu
1477 4465 1542 4505 eo
1568 4450 1664 4506 Dei
1697 4460 1846 4507 esset
1877 4461 2136 4519 potestas.

607 4541 701 4600 50.
730 4540 993 4597 Exitiom's
1022 4542 1228 4597 nomine
1255 4541 1309 4596 id
1337 4550 1455 4613 apte
1482 4542 1798 4613 signiﬁcant.
1844 4541 2020 4599 Exitio
2050 4544 2141 4600 illa

538 4635 854 4691 nativitatem
881 4634 1038 4700 dicit,
1071 4651 1175 4690 non
1199 4634 1559 4690 alienationem
1586 4651 1618 4690 a
1651 4632 1827 4691 Patre.
1849 4666 1920 4676 -—
1941 4635 2142 4693 Intelli-

2307 3328 2397 3384 51.
2432 3324 2625 3381 Filium
2656 3325 2917 3396 inﬁrmum
2948 3339 3051 3380 non
3076 3324 3256 3397 probat
3286 3324 3470 3396 gloriae
3497 3319 3671 3393 petitio,
3694 3330 3770 3371 non

2236 3421 2500 3491 potestatis
2530 3420 2777 3497 acceptio.
2821 3417 3055 3474 Potestas
3092 3418 3258 3473 omnis
3280 3415 3437 3472 Filio
3454 3425 3524 3473 est
3542 3408 3769 3485 congerite.

2233 3545 2308 3556 —
2331 3514 2612 3569 Postremo
2644 3512 2807 3567 totius
2828 3511 3068 3584 mysterii
3094 3510 3256 3566 ﬁdem
3288 3511 3580 3574 locuturus,
3602 3498 3773 3561 elevatis

2238 3607 2291 3661 in
2337 3606 2532 3662 cmlum
2561 3604 2735 3662 oculis
2760 3605 2835 3659 ait
2875 3622 2887 3658 :
2944 3601 3125 3671 Pater,
3168 3603 3304 3659 venit
3361 3604 3505 3667 liora,
3548 3593 3774 3664 honoriﬁca

2237 3697 2405 3768 [ilium
2433 3708 2596 3761 tuum,
2624 3707 2681 3752 ut
2708 3698 2847 3769 [ilius
2872 3696 2952 3770 (4)
2979 3707 3097 3751 tuus
3125 3695 3435 3766 honori/iret
3459 3704 3523 3750 te.
3566 3692 3692 3749 Sicut
3709 3686 3776 3740 dea

2239 3794 2363 3849 disti
2383 3794 2464 3849 illi
2488 3803 2793 3865 potestatem
2819 3792 2984 3847 omnis
3014 3791 3206 3857 carnis,
3236 3800 3293 3845 ut
3321 3806 3471 3847 omne
3489 3786 3613 3861 quod
3634 3777 3777 3840 dedisti

2206 3882 2207 3885 “
2237 3887 2340 3953 illi,
2369 3888 2450 3942 det
2479 3888 2523 3941 ei
2562 3887 2717 3942 vitam
2754 3895 3000 3941 cateruam
3041 3884 3225 3957 (Joan.
3275 3900 3411 3951 xvn,
3441 3884 3465 3940 i
3492 3891 3538 3938 et
3562 3878 3632 3953 2).
3657 3877 3774 3932 Anne

2242 3981 2338 4038 tibi
2366 3982 2616 4037 inlirmus
2642 3979 2876 4048 videtur,
2905 3993 3029 4036 cum
3062 3978 3412 4034 honoriﬁeari
3441 3992 3500 4034 se
3537 3970 3699 4046 rogati
3719 3965 3779 4022 Sit

2241 4073 2402 4146 plane
2433 4071 2704 4140 inﬁrmus,
2739 4071 2844 4127 nisi
2872 4070 3215 4127 honoriﬁcari
3262 4084 3325 4127 se
3355 4068 3550 4126 idcirco
3577 4061 3777 4137 postulat.

2241 4174 2302 4221 ut
2321 4166 2437 4237 ipse
2450 4164 2769 4221 honoriﬁcet
2793 4163 3173 4220 honorantem.
3198 4162 3276 4219 De
3293 4162 3503 4220 honore
3523 4150 3779 4229 accipiendo

2241 4271 2297 4317 et
2325 4259 2627 4328 reddendo,
2658 4260 2802 4316 libro
2827 4259 2936 4316 alio
2965 4258 3108 4331 (Lib.
3143 4275 3225 4326 nt,
3258 4277 3311 4314 η.
3348 4258 3439 4329 i2)
3473 4253 3777 4319 tractavimus,

2241 4365 2292 4412 et
2319 4354 2510 4412 eadem
2539 4354 2824 4412 revolvere
2843 4352 3132 4410 admodum
3155 4351 3235 4427 (ά)
3269 4354 3503 4409 otiosum
3546 4356 3638 4407 est.
3664 4341 3782 4399 Certe

2244 4464 2351 4504 non
2377 4448 2667 4521 ambigitur
2694 4448 2920 4519 gloriam
2961 4446 3160 4504 idcirco
3182 4446 3334 4518 posci
3358 4488 3374 4512 ,
3426 4454 3484 4501 ut
3515 4440 3784 4516 gloriﬁcetut

2247 4541 2587 4613 impertiens.
2631 4541 2738 4598 Sed
2767 4540 2905 4597 forte
2924 4542 2975 4597 in
3008 4555 3074 4597 eo
3103 4540 3408 4598 imbecillus
3433 4547 3514 4597 est
3531 4580 3547 4606 ,
3574 4531 3694 4608 quod
3714 4540 3785 4602 p0—

2249 4646 2500 4693 testatem
2531 4635 2709 4693 omnis
2737 4636 2916 4693 carnis
2946 4636 3174 4706 accepit.
3213 4634 3296 4691 Sit
3340 4645 3552 4705 quoque
3590 4620 3784 4695 acceptio

540 4730 780 4803 gentiam
813 4728 892 4802 (a)
951 4737 1128 4785 antem
1172 4745 1360 4786 eorum
1398 4728 1713 4787 collaudans
1755 4731 2014 4787 Dominus
2053 4748 2142 4788 re-
2167 4712 2221 4775 Ῑ)
2250 4733 2532 4802 potestatis
2564 4730 2854 4797 imbecilla,
2883 4730 2983 4785 nisi
3015 4738 3205 4801 potens
3233 4740 3315 4785 est
3358 4728 3483 4794 illis,
3522 4738 3642 4797 quos
3664 4728 3784 4774 acce-

539 4822 782 4895 spondit,
825 4838 933 4878 non
975 4824 1158 4890 utique
1189 4822 1330 4893 quod
1363 4823 1559 4879 missus
1586 4832 1750 4887 esset,
1794 4822 1889 4879 sed
1929 4823 2073 4895 quod
2111 4841 2141 4880 a

539 4918 656 4974 Deo
676 4918 910 4983 exisset,
937 4916 1235 4987 proiectum
1265 4916 1559 4973 nativitatis
1585 4932 1650 4972 ex
1681 4916 2001 4987 incorporali
2031 4917 2143 4974 Deo

539 5011 642 5068 sub
685 5009 934 5066 exitionis
978 5007 1370 5081 signiﬁcatione
1417 5018 1668 5085 testatum
1715 5008 1810 5081 (V.
1868 5009 2055 5076 lib.vt,
2087 5028 2140 5065 η.

537 5104 667 5178 ⁸50).
699 5103 832 5159 Nam
863 5112 918 5159 et
948 5103 1063 5174 ipse
1092 5096 1423 5160 nativitatem
1456 5120 1606 5159 suam
1637 5103 1738 5161 sub
1766 5103 2016 5161 exitionis
2044 5104 2143 5162 de-

608 5243 689 5318 (l)
720 5243 786 5298 Et
813 5241 984 5298 verba.
1017 5241 1181 5297 Paulo
1210 5251 1359 5318 post,
1384 5253 1430 5296 et
1461 5242 1621 5318 Pater
1644 5243 1698 5296 in
1722 5259 1803 5298 me
1826 5242 1945 5301 sine
1970 5244 2138 5301 verbo

536 5314 822 5392 est‘,_’juxta
849 5330 1084 5392 graecum
1105 5355 1120 5381 ,
1147 5316 1231 5371 καὶ
1260 5314 1286 5370 ὁ
1316 5320 1491 5392 πατὴρ
1519 5317 1571 5371 ἑν
1600 5317 1733 5388 ἐμοὶ.

612 5389 692 5462 (2)
720 5387 822 5457 Qui
847 5404 880 5442 a
906 5386 1041 5443 Deo.

612 5504 690 5577 (a)
718 5503 775 5559 in
801 5518 861 5559 ea
892 5501 1010 5577 scil.
1041 5499 1200 5577 sitam
1232 5499 1367 5577 title,
1399 5514 1502 5568 qua
1522 5513 1709 5577 canta
1743 5498 1851 5555 Deo
1872 5501 2050 5577 exisse
2077 5516 2138 5557 se

540 5570 764 5630 credere
791 5573 1128 5641 proﬁtentur,
1160 5572 1420 5627 Dominus
1451 5570 1725 5626 collaudat
1753 5580 1807 5626 et
1833 5572 2136 5638 conﬁrmat,

539 5661 662 5702 cum
681 5645 862 5701 statim
885 5645 1207 5715 respondet,
1234 5641 1393 5699 Modo
1414 5643 1638 5698 creditis.
1663 5642 1926 5715 Quocirca
1952 5644 2136 5712 verba,

542 5735 645 5773 non
671 5718 842 5788 utique
875 5712 1011 5787 quod
1036 5718 1220 5774 missus
1245 5727 1375 5772 esset
1399 5758 1413 5782 ,
1440 5715 1529 5771 sed
1552 5714 1690 5788 quod
1714 5731 1746 5768 a
1781 5712 1893 5788 Dea
1917 5717 2102 5788 exisset
2119 5757 2134 5783 ,

542 5806 650 5846 non
674 5789 739 5843 ad
758 5786 1028 5855 respendit
1047 5831 1062 5859 ,
1091 5788 1188 5847 sed
1213 5788 1283 5845 ad
1309 5786 1703 5861 intelligentiam
1727 5786 2029 5844 collaudatis
2054 5803 2139 5846 re-

542 5859 764 5918 ferenda
783 5867 928 5917 sunt.

541 5863 764 5920 ferenda
783 5867 928 5917 sunt.

2250 4826 2349 4897 pit,
2380 4824 2505 4879 vita:
2551 4823 2791 4878 tribucre
2837 4821 3212 4878 aeternitatem.
3247 4820 3355 4878 Sed
3388 4821 3441 4876 in
3467 4834 3531 4875 eo
3560 4818 3662 4887 ipso
3682 4821 3785 4880 quo:

2250 4932 2378 4988 que,
2412 4914 2557 4985 quod
2584 4915 2817 4984 accepit,
2848 4924 3056 4969 naturm
3077 4915 3254 4985 aliqua
3271 4912 3550 4968 inﬁrmitas
3570 4902 3784 4977 arguitur-

2253 5009 2337 5067 Sit
2368 5009 2526 5080 plane
2553 5009 2800 5079 acceptio
2828 5008 3134 5075 inﬁrmitas,
3164 5008 3266 5063 nisi
3289 5006 3531 5064 Christus
3552 5019 3610 5058 ex
3639 4992 3788 5055 nativi-

2252 5112 2364 5161 tate
2407 5105 2609 5177 potius,
2638 5119 2796 5176 quam
2837 5117 2903 5159 ex
2928 5102 3343 5159 innascibilitate
3371 5103 3509 5159 Deus
3528 5110 3671 5155 verus
3705 5094 3787 5147 est.

2318 5241 2399 5317 (5)
2425 5243 2543 5301 Vox
2581 5261 2716 5299 nunc
2753 5243 2908 5301 abest
2946 5260 2978 5301 a
3014 5243 3202 5302 codice
3241 5254 3448 5301 nostro.
3492 5236 3643 5297 Paulo
3664 5237 3786 5306 post:

2248 5316 2598 5387 dispari/att".

2320 5387 2400 5460 (4)
2430 5390 2589 5444 Deest
2619 5396 2757 5445 tuus.

2313 5500 2390 5573 (b)
2421 5500 2568 5572 Lips.
2595 5511 2649 5559 et
2689 5502 2814 5558 Par.
2841 5504 3006 5559 veniet
3033 5503 3181 5567 hora,
3221 5500 3597 5573 refragantibus
3615 5490 3713 5573 aliis
3735 5485 3787 5543 li-

2246 5566 2357 5629 bris
2371 5566 2438 5630 ἐι
2462 5566 2638 5643 graeco
2660 5574 2877 5653 ἔρχεται
2895 5578 3005 5655 ὥρα
3024 5618 3039 5643 ,
3063 5580 3149 5632 καὶ
3167 5566 3261 5632 viiii
3281 5566 3520 5636 ἐλήλυθεν.
3544 5566 3676 5625 Unde
3690 5573 3787 5687 ea!“

2249 5645 2461 5687 limtlztm
2487 5663 2620 5687 iiuna
2642 5662 2957 5687 rpmmnmnc
2983 5664 3047 5687 ιη
3076 5648 3199 5687 “ad,
3254 5647 3325 5687 ηι-
3370 5654 3418 5687 pl
3446 5658 3538 5687 me.
3568 5640 3666 5687 has.
3727 5638 3784 5685 at.

2249 5638 2620 5702 ticulrtmnnunc
2642 5638 2958 5704 revocamus
2983 5638 3048 5704 ex
3076 5648 3230 5711 Bad.,
3254 5647 3343 5702 Er.
3370 5654 3423 5703 et
3446 5658 3540 5698 ms.
3568 5640 3666 5695 bas.
3690 5638 3784 5711 Vill:

2321 5698 2392 5784 te)
2412 5698 2511 5792 1‘...
2523 5698 2699 5788 "Lips:
2718 5698 3048 5776 3.3357135;
3076 5698 3435 5792 ateriae
3479 5711 3618 5778 Bad.,
3662 5698 3785 5760 animi

2247 5792 2402 5862 (equi.
2439 5790 2560 5846 Par.
2591 5792 2999 5859 animatquiores.

2326 5860 2404 5934 (ιι)
2444 5862 2501 5918 In
2530 5877 2633 5919 tns.
2668 5862 2788 5920 Vat.
2820 5864 2962 5932 bas.,
2995 5864 3249 5921 odiosum.
