  <div class='ocr_page' id='page_1' title='image "/cluster/home/n/w/nwhite01/storage/ocr_20150623/10/hvd.32044015471279/158.png"; bbox 0 0 3988 6332; ppageno 0'>
   <div class='ocr_carea' id='block_1_1' title="bbox 227 317 328 376">
    <p class='ocr_par' dir='ltr' id='par_1_1' title="bbox 227 317 328 376">
     <span class='ocr_line' id='line_1_1' title="bbox 227 317 328 376; baseline -0.02 0"><span class='ocrx_word' id='word_1_1' title='bbox 227 317 328 376; x_wconf 70' lang='lat'><strong>505</strong></span> 
     </span>
    </p>
   </div>
   <div class='ocr_carea' id='block_1_2' title="bbox 1435 328 2311 393">
    <p class='ocr_par' dir='ltr' id='par_1_2' title="bbox 1435 328 2311 393">
     <span class='ocr_line' id='line_1_2' title="bbox 1435 328 2311 393; baseline 0.008 -9"><span class='ocrx_word' id='word_1_2' title='bbox 1435 328 1523 387; x_wconf 87' lang='lat' dir='ltr'><strong>DE</strong></span> <span class='ocrx_word' id='word_1_3' title='bbox 1560 328 1933 389; x_wconf 80' lang='lat' dir='ltr'><strong>TRINITATE</strong></span> <span class='ocrx_word' id='word_1_4' title='bbox 1984 332 2188 391; x_wconf 67' lang='lat' dir='ltr'><strong>LIBER</strong></span> <span class='ocrx_word' id='word_1_5' title='bbox 2220 335 2311 393; x_wconf 84' lang='lat' dir='ltr'><strong>IX.</strong></span> 
     </span>
    </p>
   </div>
   <div class='ocr_carea' id='block_1_3' title="bbox 3414 348 3521 409">
    <p class='ocr_par' dir='ltr' id='par_1_3' title="bbox 3414 348 3521 409">
     <span class='ocr_line' id='line_1_3' title="bbox 3414 348 3521 409; baseline 0.019 -2"><span class='ocrx_word' id='word_1_6' title='bbox 3414 348 3521 409; x_wconf 81' lang='lat'><strong>506</strong></span> 
     </span>
    </p>
   </div>
   <div class='ocr_carea' id='block_1_4' title="bbox 224 436 3519 524">
    <p class='ocr_par' dir='ltr' id='par_1_4' title="bbox 224 436 3519 524">
     <span class='ocr_line' id='line_1_4' title="bbox 224 436 3519 524; baseline 0.01 -33"><span class='ocrx_word' id='word_1_7' title='bbox 224 436 373 507; x_wconf 81' lang='lat' dir='ltr'><strong>Quod</strong></span> <span class='ocrx_word' id='word_1_8' title='bbox 401 436 445 492; x_wconf 87' lang='lat' dir='ltr'><strong>si</strong></span> <span class='ocrx_word' id='word_1_9' title='bbox 492 439 738 510; x_wconf 89' lang='lat' dir='ltr'><strong>acceptio</strong></span> <span class='ocrx_word' id='word_1_10' title='bbox 767 442 1067 510; x_wconf 70' lang='lat' dir='ltr'><strong>potestatis,</strong></span> <span class='ocrx_word' id='word_1_11' title='bbox 1102 443 1217 499; x_wconf 89' lang='lat' dir='ltr'><strong>sola</strong></span> <span class='ocrx_word' id='word_1_12' title='bbox 1247 452 1330 500; x_wconf 86' lang='lat' dir='ltr'><strong>est</strong></span> <span class='ocrx_word' id='word_1_13' title='bbox 1360 444 1683 517; x_wconf 83' lang='lat' dir='ltr'><strong>signiﬁcatio</strong></span> <span class='ocrx_word' id='word_1_14' title='bbox 1726 463 1815 503; x_wconf 54' lang='lat' dir='ltr'><strong>na.</strong></span> <span class='ocrx_word' id='word_1_15' title='bbox 1840 452 1896 514; x_wconf 81' lang='grc' dir='ltr'><strong>Α</strong></span> <span class='ocrx_word' id='word_1_16' title='bbox 1923 457 2034 507; x_wconf 88' lang='lat' dir='ltr'><strong>tum</strong></span> <span class='ocrx_word' id='word_1_17' title='bbox 2054 457 2649 523; x_wconf 78' lang='lat' dir='ltr'><strong>postremoomuialuee</strong></span> <span class='ocrx_word' id='word_1_18' title='bbox 2663 461 3103 521; x_wconf 80' lang='lat' dir='ltr'><strong>talisbsolutione</strong></span> <span class='ocrx_word' id='word_1_19' title='bbox 3127 462 3473 524; x_wconf 79' lang='lat' dir='ltr'><strong>concluderet</strong></span> <span class='ocrx_word' id='word_1_20' title='bbox 3502 486 3519 524; x_wconf 89' lang='lat'><strong>:</strong></span> 
     </span>
    </p>
   </div>
   <div class='ocr_carea' id='block_1_5' title="bbox 225 529 1816 608">
    <p class='ocr_par' dir='ltr' id='par_1_5' title="bbox 225 529 1816 608">
     <span class='ocr_line' id='line_1_5' title="bbox 225 529 1816 608; baseline 0.008 -23"><span class='ocrx_word' id='word_1_21' title='bbox 225 529 467 599; x_wconf 76' lang='lat' dir='ltr'><strong>tititatis,</strong></span> <span class='ocrx_word' id='word_1_22' title='bbox 495 531 547 586; x_wconf 90' lang='lat' dir='ltr'><strong>in</strong></span> <span class='ocrx_word' id='word_1_23' title='bbox 576 548 676 603; x_wconf 82' lang='lat' dir='ltr'><strong>qua</strong></span> <span class='ocrx_word' id='word_1_24' title='bbox 709 536 913 604; x_wconf 83' lang='lat' dir='ltr'><strong>accepit</strong></span> <span class='ocrx_word' id='word_1_25' title='bbox 937 535 988 591; x_wconf 88' lang='lat' dir='ltr'><strong>id</strong></span> <span class='ocrx_word' id='word_1_26' title='bbox 1015 537 1156 608; x_wconf 88' lang='lat' dir='ltr'><strong>quod</strong></span> <span class='ocrx_word' id='word_1_27' title='bbox 1181 546 1299 604; x_wconf 88' lang='lat' dir='ltr'><strong>est;</strong></span> <span class='ocrx_word' id='word_1_28' title='bbox 1325 553 1431 595; x_wconf 89' lang='lat' dir='ltr'><strong>non</strong></span> <span class='ocrx_word' id='word_1_29' title='bbox 1460 548 1546 596; x_wconf 90' lang='lat' dir='ltr'><strong>est</strong></span> <span class='ocrx_word' id='word_1_30' title='bbox 1587 540 1816 597; x_wconf 82' lang='lat' dir='ltr'><strong>inﬁrmi-</strong></span> 
     </span>
    </p>
   </div>
   <div class='ocr_carea' id='block_1_6' title="bbox 224 621 1812 698">
    <p class='ocr_par' dir='ltr' id='par_1_6' title="bbox 224 621 1812 698">
     <span class='ocr_line' id='line_1_6' title="bbox 224 621 1812 698; baseline 0.009 -22"><span class='ocrx_word' id='word_1_31' title='bbox 224 621 318 677; x_wconf 87' lang='lat' dir='ltr'><strong>tati</strong></span> <span class='ocrx_word' id='word_1_32' title='bbox 378 622 523 678; x_wconf 83' lang='lat' dir='ltr'><strong>datio</strong></span> <span class='ocrx_word' id='word_1_33' title='bbox 571 623 902 695; x_wconf 80' lang='lat' dir='ltr'><strong>deputanda,</strong></span> <span class='ocrx_word' id='word_1_34' title='bbox 953 643 1074 698; x_wconf 86' lang='lat' dir='ltr'><strong>quac</strong></span> <span class='ocrx_word' id='word_1_35' title='bbox 1132 638 1302 685; x_wconf 91' lang='lat' dir='ltr'><strong>totum</strong></span> <span class='ocrx_word' id='word_1_36' title='bbox 1353 630 1457 687; x_wconf 86' lang='lat' dir='ltr'><strong>hoc</strong></span> <span class='ocrx_word' id='word_1_37' title='bbox 1502 640 1812 690; x_wconf 78' lang='lat' dir='ltr'><strong>nascentem</strong></span> 
     </span>
    </p>
   </div>
   <div class='ocr_carea' id='block_1_7' title="bbox 221 719 1814 791">
    <p class='ocr_par' dir='ltr' id='par_1_7' title="bbox 221 719 1814 791">
     <span class='ocr_line' id='line_1_7' title="bbox 221 719 1814 791; baseline 0.009 -20"><span class='ocrx_word' id='word_1_38' title='bbox 221 726 554 772; x_wconf 80' lang='lat' dir='ltr'><strong>consummat</strong></span> <span class='ocrx_word' id='word_1_39' title='bbox 592 733 713 773; x_wconf 90' lang='lat' dir='ltr'><strong>esse</strong></span> <span class='ocrx_word' id='word_1_40' title='bbox 743 720 884 791; x_wconf 86' lang='lat' dir='ltr'><strong>quod</strong></span> <span class='ocrx_word' id='word_1_41' title='bbox 932 719 1076 779; x_wconf 80' lang='lat' dir='ltr'><strong>Dct&#39;is</strong></span> <span class='ocrx_word' id='word_1_42' title='bbox 1103 734 1202 779; x_wconf 89' lang='lat' dir='ltr'><strong>est.</strong></span> <span class='ocrx_word' id='word_1_43' title='bbox 1232 722 1365 779; x_wconf 92' lang='lat' dir='ltr'><strong>Cum</strong></span> <span class='ocrx_word' id='word_1_44' title='bbox 1393 726 1538 781; x_wconf 89' lang='lat' dir='ltr'><strong>enim</strong></span> <span class='ocrx_word' id='word_1_45' title='bbox 1578 727 1814 784; x_wconf 83' lang='lat' dir='ltr'><strong>innasci—</strong></span> 
     </span>
    </p>
   </div>
   <div class='ocr_carea' id='block_1_8' title="bbox 220 808 1814 883">
    <p class='ocr_par' dir='ltr' id='par_1_8' title="bbox 220 808 1814 883">
     <span class='ocr_line' id='line_1_8' title="bbox 220 808 1814 883; baseline 0.009 -18"><span class='ocrx_word' id='word_1_46' title='bbox 220 808 344 865; x_wconf 89' lang='lat' dir='ltr'><strong>bilis</strong></span> <span class='ocrx_word' id='word_1_47' title='bbox 373 810 517 865; x_wconf 86' lang='lat' dir='ltr'><strong>Deus</strong></span> <span class='ocrx_word' id='word_1_48' title='bbox 553 811 621 866; x_wconf 90' lang='lat' dir='ltr'><strong>ad</strong></span> <span class='ocrx_word' id='word_1_49' title='bbox 651 813 944 883; x_wconf 80' lang='lat' dir='ltr'><strong>perleCtam</strong></span> <span class='ocrx_word' id='word_1_50' title='bbox 977 815 1175 872; x_wconf 77' lang='lat' dir='ltr'><strong>divina:</strong></span> <span class='ocrx_word' id='word_1_51' title='bbox 1221 818 1573 878; x_wconf 81' lang='lat' dir='ltr'><strong>beatitudinis</strong></span> <span class='ocrx_word' id='word_1_52' title='bbox 1618 823 1814 879; x_wconf 86' lang='lat' dir='ltr'><strong>nativi-</strong></span> 
     </span>
    </p>
   </div>
   <div class='ocr_carea' id='block_1_9' title="bbox 220 907 1811 978">
    <p class='ocr_par' dir='ltr' id='par_1_9' title="bbox 220 907 1811 978">
     <span class='ocr_line' id='line_1_9' title="bbox 220 907 1811 978; baseline 0.011 -19"><span class='ocrx_word' id='word_1_53' title='bbox 220 913 382 961; x_wconf 83' lang='lat' dir='ltr'><strong>tatem</strong></span> <span class='ocrx_word' id='word_1_54' title='bbox 411 907 685 978; x_wconf 83' lang='lat' dir='ltr'><strong>unigenito</strong></span> <span class='ocrx_word' id='word_1_55' title='bbox 719 909 832 965; x_wconf 67' lang='lat' dir='ltr'><strong>Deo</strong></span> <span class='ocrx_word' id='word_1_56' title='bbox 860 922 1052 968; x_wconf 80' lang='lat' dir='ltr'><strong>auctor</strong></span> <span class='ocrx_word' id='word_1_57' title='bbox 1074 914 1164 977; x_wconf 87' lang='lat' dir='ltr'><strong>sit,</strong></span> <span class='ocrx_word' id='word_1_58' title='bbox 1201 926 1476 972; x_wconf 84' lang='lat' dir='ltr'><strong>auctorem</strong></span> <span class='ocrx_word' id='word_1_59' title='bbox 1516 918 1811 976; x_wconf 83' lang='lat' dir='ltr'><strong>nativitatis</strong></span> 
     </span>
    </p>
   </div>
   <div class='ocr_carea' id='block_1_10' title="bbox 217 1003 1807 1079">
    <p class='ocr_par' dir='ltr' id='par_1_10' title="bbox 217 1003 1807 1079">
     <span class='ocr_line' id='line_1_10' title="bbox 217 1003 1807 1079; baseline 0.009 -23"><span class='ocrx_word' id='word_1_60' title='bbox 217 1013 336 1056; x_wconf 86' lang='lat' dir='ltr'><strong>esse</strong></span> <span class='ocrx_word' id='word_1_61' title='bbox 381 1012 779 1058; x_wconf 90' lang='lat' dir='ltr'><strong>sacramentum</strong></span> <span class='ocrx_word' id='word_1_62' title='bbox 809 1003 887 1079; x_wconf 82' lang='grc' dir='ltr'>(η)</span> <span class='ocrx_word' id='word_1_63' title='bbox 919 1016 1199 1078; x_wconf 87' lang='lat' dir='ltr'><strong>paternum</strong></span> <span class='ocrx_word' id='word_1_64' title='bbox 1248 1019 1351 1066; x_wconf 89' lang='lat' dir='ltr'><strong>est.</strong></span> <span class='ocrx_word' id='word_1_65' title='bbox 1401 1008 1669 1069; x_wconf 80' lang='lat' dir='ltr'><strong>Caeterum</strong></span> <span class='ocrx_word' id='word_1_66' title='bbox 1700 1031 1807 1070; x_wconf 89' lang='lat' dir='ltr'><strong>non</strong></span> 
     </span>
    </p>
   </div>
   <div class='ocr_carea' id='block_1_11' title="bbox 218 1093 1816 1173">
    <p class='ocr_par' dir='ltr' id='par_1_11' title="bbox 218 1093 1816 1173">
     <span class='ocr_line' id='line_1_11' title="bbox 218 1093 1816 1173; baseline 0.013 -28"><span class='ocrx_word' id='word_1_67' title='bbox 218 1093 380 1150; x_wconf 89' lang='lat' dir='ltr'><strong>habet</strong></span> <span class='ocrx_word' id='word_1_68' title='bbox 424 1096 827 1165; x_wconf 87' lang='lat' dir='ltr'><strong>contumeliam,</strong></span> <span class='ocrx_word' id='word_1_69' title='bbox 858 1096 932 1173; x_wconf 89' lang='lat' dir='ltr'><strong>(b)</strong></span> <span class='ocrx_word' id='word_1_70' title='bbox 994 1116 1115 1171; x_wconf 75' lang='lat' dir='ltr'><strong>qua:</strong></span> <span class='ocrx_word' id='word_1_71' title='bbox 1172 1117 1232 1157; x_wconf 91' lang='lat' dir='ltr'><strong>se</strong></span> <span class='ocrx_word' id='word_1_72' title='bbox 1280 1106 1518 1161; x_wconf 89' lang='lat' dir='ltr'><strong>auctoris</strong></span> <span class='ocrx_word' id='word_1_73' title='bbox 1563 1108 1643 1161; x_wconf 90' lang='lat' dir='ltr'><strong>sui</strong></span> <span class='ocrx_word' id='word_1_74' title='bbox 1693 1123 1816 1166; x_wconf 87' lang='lat' dir='ltr'><strong>esse</strong></span> 
     </span>
    </p>
   </div>
   <div class='ocr_carea' id='block_1_12' title="bbox 216 1182 1814 1261">
    <p class='ocr_par' dir='ltr' id='par_1_12' title="bbox 216 1182 1814 1261">
     <span class='ocr_line' id='line_1_12' title="bbox 216 1182 1814 1261; baseline 0.012 -22"><span class='ocrx_word' id='word_1_75' title='bbox 216 1182 501 1256; x_wconf 75' lang='lat' dir='ltr'><strong>imaginem</strong></span> <span class='ocrx_word' id='word_1_76' title='bbox 547 1189 779 1261; x_wconf 79' lang='lat' dir='ltr'><strong>genuina</strong></span> <span class='ocrx_word' id='word_1_77' title='bbox 826 1191 1108 1248; x_wconf 74' lang='lat' dir='ltr'><strong>nativitate</strong></span> <span class='ocrx_word' id='word_1_78' title='bbox 1171 1207 1531 1253; x_wconf 82' lang='lat' dir='ltr'><strong>consummat.</strong></span> <span class='ocrx_word' id='word_1_79' title='bbox 1588 1199 1814 1258; x_wconf 71' lang='lat' dir='ltr'><strong>Dedisse</strong></span> 
     </span>
    </p>
   </div>
   <div class='ocr_carea' id='block_1_13' title="bbox 216 1279 1816 1353">
    <p class='ocr_par' dir='ltr' id='par_1_13' title="bbox 216 1279 1816 1353">
     <span class='ocr_line' id='line_1_13' title="bbox 216 1279 1816 1353; baseline 0.011 -21"><span class='ocrx_word' id='word_1_80' title='bbox 216 1279 359 1333; x_wconf 85' lang='lat' dir='ltr'><strong>enim</strong></span> <span class='ocrx_word' id='word_1_81' title='bbox 394 1288 716 1351; x_wconf 86' lang='lat' dir='ltr'><strong>potestatem</strong></span> <span class='ocrx_word' id='word_1_82' title='bbox 743 1285 919 1340; x_wconf 89' lang='lat' dir='ltr'><strong>omnis</strong></span> <span class='ocrx_word' id='word_1_83' title='bbox 942 1287 1141 1353; x_wconf 91' lang='lat' dir='ltr'><strong>carnis,</strong></span> <span class='ocrx_word' id='word_1_84' title='bbox 1190 1298 1243 1345; x_wconf 89' lang='lat' dir='ltr'><strong>et</strong></span> <span class='ocrx_word' id='word_1_85' title='bbox 1286 1289 1353 1344; x_wconf 90' lang='lat' dir='ltr'><strong>ad</strong></span> <span class='ocrx_word' id='word_1_86' title='bbox 1405 1290 1457 1346; x_wconf 89' lang='lat' dir='ltr'><strong>id</strong></span> <span class='ocrx_word' id='word_1_87' title='bbox 1501 1291 1718 1350; x_wconf 81' lang='lat' dir='ltr'><strong>dedisse</strong></span> <span class='ocrx_word' id='word_1_88' title='bbox 1759 1304 1816 1351; x_wconf 89' lang='lat' dir='ltr'><strong>ut</strong></span> 
     </span>
    </p>
   </div>
   <div class='ocr_carea' id='block_1_14' title="bbox 215 1369 1815 1459">
    <p class='ocr_par' dir='ltr' id='par_1_14' title="bbox 215 1369 1815 1459">
     <span class='ocr_line' id='line_1_14' title="bbox 215 1369 1815 1459; baseline 0.012 -33"><span class='ocrx_word' id='word_1_89' title='bbox 215 1369 305 1427; x_wconf 90' lang='lat' dir='ltr'><strong>det</strong></span> <span class='ocrx_word' id='word_1_90' title='bbox 328 1371 380 1428; x_wconf 89' lang='lat' dir='ltr'><strong>ei</strong></span> <span class='ocrx_word' id='word_1_91' title='bbox 408 1374 571 1429; x_wconf 85' lang='lat' dir='ltr'><strong>vitam</strong></span> <span class='ocrx_word' id='word_1_92' title='bbox 597 1386 876 1445; x_wconf 65' lang='lat' dir='ltr'><strong>aeternam,</strong></span> <span class='ocrx_word' id='word_1_93' title='bbox 908 1379 1072 1436; x_wconf 81' lang='lat' dir='ltr'><strong>habet</strong></span> <span class='ocrx_word' id='word_1_94' title='bbox 1096 1393 1152 1437; x_wconf 86' lang='lat' dir='ltr'><strong>et</strong></span> <span class='ocrx_word' id='word_1_95' title='bbox 1198 1382 1251 1437; x_wconf 90' lang='lat' dir='ltr'><strong>in</strong></span> <span class='ocrx_word' id='word_1_96' title='bbox 1293 1384 1456 1441; x_wconf 87' lang='lat' dir='ltr'><strong>dante</strong></span> <span class='ocrx_word' id='word_1_97' title='bbox 1491 1386 1633 1456; x_wconf 86' lang='lat' dir='ltr'><strong>quod</strong></span> <span class='ocrx_word' id='word_1_98' title='bbox 1660 1396 1815 1459; x_wconf 87' lang='lat' dir='ltr'><strong>pater</strong></span> 
     </span>
    </p>
   </div>
   <div class='ocr_carea' id='block_1_15' title="bbox 214 1467 1816 1543">
    <p class='ocr_par' dir='ltr' id='par_1_15' title="bbox 214 1467 1816 1543">
     <span class='ocr_line' id='line_1_15' title="bbox 214 1467 1816 1543; baseline 0.011 -22"><span class='ocrx_word' id='word_1_99' title='bbox 214 1475 317 1534; x_wconf 88' lang='lat' dir='ltr'><strong>est,</strong></span> <span class='ocrx_word' id='word_1_100' title='bbox 349 1476 406 1522; x_wconf 91' lang='lat' dir='ltr'><strong>et</strong></span> <span class='ocrx_word' id='word_1_101' title='bbox 434 1467 486 1523; x_wconf 91' lang='lat' dir='ltr'><strong>in</strong></span> <span class='ocrx_word' id='word_1_102' title='bbox 530 1468 833 1540; x_wconf 86' lang='lat' dir='ltr'><strong>accipiente</strong></span> <span class='ocrx_word' id='word_1_103' title='bbox 878 1472 1022 1543; x_wconf 89' lang='lat' dir='ltr'><strong>quod</strong></span> <span class='ocrx_word' id='word_1_104' title='bbox 1052 1474 1194 1530; x_wconf 89' lang='lat' dir='ltr'><strong>Dens</strong></span> <span class='ocrx_word' id='word_1_105' title='bbox 1227 1486 1309 1531; x_wconf 88' lang='lat' dir='ltr'><strong>est</strong></span> <span class='ocrx_word' id='word_1_106' title='bbox 1343 1495 1356 1531; x_wconf 90' lang='lat'><strong>:</strong></span> <span class='ocrx_word' id='word_1_107' title='bbox 1389 1492 1511 1533; x_wconf 90' lang='lat' dir='ltr'><strong>cum</strong></span> <span class='ocrx_word' id='word_1_108' title='bbox 1561 1488 1617 1536; x_wconf 89' lang='lat' dir='ltr'><strong>et</strong></span> <span class='ocrx_word' id='word_1_109' title='bbox 1665 1480 1717 1534; x_wconf 92' lang='lat' dir='ltr'><strong>in</strong></span> <span class='ocrx_word' id='word_1_110' title='bbox 1748 1496 1816 1539; x_wconf 90' lang='lat' dir='ltr'><strong>eo</strong></span> 
     </span>
    </p>
   </div>
   <div class='ocr_carea' id='block_1_16' title="bbox 213 1562 1816 1641">
    <p class='ocr_par' dir='ltr' id='par_1_16' title="bbox 213 1562 1816 1641">
     <span class='ocr_line' id='line_1_16' title="bbox 213 1562 1816 1641; baseline 0.009 -24"><span class='ocrx_word' id='word_1_111' title='bbox 213 1562 546 1632; x_wconf 84' lang='lat' dir='ltr'><strong>signiﬁcetur</strong></span> <span class='ocrx_word' id='word_1_112' title='bbox 572 1562 735 1622; x_wconf 87' lang='lat' dir='ltr'><strong>Pater</strong></span> <span class='ocrx_word' id='word_1_113' title='bbox 762 1580 903 1633; x_wconf 92' lang='lat' dir='ltr'><strong>esse,</strong></span> <span class='ocrx_word' id='word_1_114' title='bbox 935 1568 1076 1640; x_wconf 84' lang='lat' dir='ltr'><strong>quod</strong></span> <span class='ocrx_word' id='word_1_115' title='bbox 1108 1568 1355 1641; x_wconf 90' lang='lat' dir='ltr'><strong>dederit;</strong></span> <span class='ocrx_word' id='word_1_116' title='bbox 1385 1579 1439 1628; x_wconf 84' lang='lat' dir='ltr'><strong>et</strong></span> <span class='ocrx_word' id='word_1_117' title='bbox 1471 1572 1523 1627; x_wconf 91' lang='lat' dir='ltr'><strong>in</strong></span> <span class='ocrx_word' id='word_1_118' title='bbox 1551 1587 1617 1629; x_wconf 89' lang='lat' dir='ltr'><strong>eo</strong></span> <span class='ocrx_word' id='word_1_119' title='bbox 1643 1572 1816 1631; x_wconf 87' lang='lat' dir='ltr'><strong>Filius</strong></span> 
     </span>
    </p>
   </div>
   <div class='ocr_carea' id='block_1_17' title="bbox 216 1655 1816 1738">
    <p class='ocr_par' dir='ltr' id='par_1_17' title="bbox 216 1655 1816 1738">
     <span class='ocr_line' id='line_1_17' title="bbox 216 1655 1816 1738; baseline 0.008 -27"><span class='ocrx_word' id='word_1_120' title='bbox 216 1655 357 1712; x_wconf 89' lang='lat' dir='ltr'><strong>Deus</strong></span> <span class='ocrx_word' id='word_1_121' title='bbox 385 1667 625 1725; x_wconf 87' lang='lat' dir='ltr'><strong>maneat,</strong></span> <span class='ocrx_word' id='word_1_122' title='bbox 652 1658 794 1730; x_wconf 89' lang='lat' dir='ltr'><strong>quod</strong></span> <span class='ocrx_word' id='word_1_123' title='bbox 826 1661 948 1716; x_wconf 80' lang='lat' dir='ltr'><strong>vitae</strong></span> <span class='ocrx_word' id='word_1_124' title='bbox 962 1669 1180 1719; x_wconf 64' lang='lat' dir='ltr'><strong>aeterna:</strong></span> <span class='ocrx_word' id='word_1_125' title='bbox 1198 1662 1390 1721; x_wconf 66' lang='lat' dir='ltr'><strong>dandae</strong></span> <span class='ocrx_word' id='word_1_126' title='bbox 1411 1668 1816 1738; x_wconf 87' lang='lat' dir='ltr'><strong>sumpseritpo-</strong></span> 
     </span>
    </p>
   </div>
   <div class='ocr_carea' id='block_1_18' title="bbox 214 1749 1814 1831">
    <p class='ocr_par' dir='ltr' id='par_1_18' title="bbox 214 1749 1814 1831">
     <span class='ocr_line' id='line_1_18' title="bbox 214 1749 1814 1831; baseline 0.009 -27"><span class='ocrx_word' id='word_1_127' title='bbox 214 1756 483 1805; x_wconf 80' lang='lat' dir='ltr'><strong>testatem.</strong></span> <span class='ocrx_word' id='word_1_128' title='bbox 515 1749 785 1808; x_wconf 83' lang='lat' dir='ltr'><strong>Naturalis</strong></span> <span class='ocrx_word' id='word_1_129' title='bbox 813 1753 973 1826; x_wconf 81' lang='lat' dir='ltr'><strong>igitur</strong></span> <span class='ocrx_word' id='word_1_130' title='bbox 997 1754 1111 1811; x_wconf 87' lang='lat' dir='ltr'><strong>tilio</strong></span> <span class='ocrx_word' id='word_1_131' title='bbox 1138 1756 1233 1812; x_wconf 88' lang='lat' dir='ltr'><strong>Dei</strong></span> <span class='ocrx_word' id='word_1_132' title='bbox 1256 1766 1312 1813; x_wconf 90' lang='lat' dir='ltr'><strong>et</strong></span> <span class='ocrx_word' id='word_1_133' title='bbox 1332 1761 1615 1831; x_wconf 80' lang='lat' dir='ltr'><strong>congenita</strong></span> <span class='ocrx_word' id='word_1_134' title='bbox 1637 1761 1814 1818; x_wconf 91' lang='lat' dir='ltr'><strong>omnis</strong></span> 
     </span>
    </p>
   </div>
   <div class='ocr_carea' id='block_1_19' title="bbox 1921 545 3521 625">
    <p class='ocr_par' dir='ltr' id='par_1_19' title="bbox 1921 545 3521 625">
     <span class='ocr_line' id='line_1_19' title="bbox 1921 545 3521 625; baseline 0.008 -22"><span class='ocrx_word' id='word_1_135' title='bbox 1921 545 2053 603; x_wconf 59' lang='lat' dir='ltr'><strong>[late</strong></span> <span class='ocrx_word' id='word_1_136' title='bbox 2079 556 2152 602; x_wconf 84' lang='lat' dir='ltr'><strong>est</strong></span> <span class='ocrx_word' id='word_1_137' title='bbox 2196 560 2369 605; x_wconf 78' lang='lat' dir='ltr'><strong>autem</strong></span> <span class='ocrx_word' id='word_1_138' title='bbox 2418 554 2519 610; x_wconf 79' lang='lat' dir='ltr'><strong>vita</strong></span> <span class='ocrx_word' id='word_1_139' title='bbox 2544 565 2757 625; x_wconf 67' lang='lat' dir='ltr'><strong>(eterna,</strong></span> <span class='ocrx_word' id='word_1_140' title='bbox 2789 567 2846 613; x_wconf 82' lang='lat' dir='ltr'><strong>ut</strong></span> <span class='ocrx_word' id='word_1_141' title='bbox 2873 559 3043 614; x_wconf 85' lang='lat' dir='ltr'><strong>sciant</strong></span> <span class='ocrx_word' id='word_1_142' title='bbox 3068 569 3116 614; x_wconf 88' lang='lat' dir='ltr'><strong>te</strong></span> <span class='ocrx_word' id='word_1_143' title='bbox 3148 559 3315 615; x_wconf 88' lang='lat' dir='ltr'><strong>solum</strong></span> <span class='ocrx_word' id='word_1_144' title='bbox 3343 576 3521 617; x_wconf 79' lang='lat' dir='ltr'><strong>verum</strong></span> 
     </span>
    </p>
   </div>
   <div class='ocr_carea' id='block_1_20' title="bbox 1918 637 3523 724">
    <p class='ocr_par' dir='ltr' id='par_1_20' title="bbox 1918 637 3523 724">
     <span class='ocr_line' id='line_1_20' title="bbox 1918 637 3523 724; baseline 0.011 -31"><span class='ocrx_word' id='word_1_145' title='bbox 1918 637 2108 706; x_wconf 84' lang='lat' dir='ltr'><strong>Deum,</strong></span> <span class='ocrx_word' id='word_1_146' title='bbox 2138 652 2185 697; x_wconf 88' lang='lat' dir='ltr'><strong>et</strong></span> <span class='ocrx_word' id='word_1_147' title='bbox 2209 659 2358 714; x_wconf 83' lang='lat' dir='ltr'><strong>quem</strong></span> <span class='ocrx_word' id='word_1_148' title='bbox 2387 646 2571 702; x_wconf 88' lang='lat' dir='ltr'><strong>misisti</strong></span> <span class='ocrx_word' id='word_1_149' title='bbox 2591 647 2772 705; x_wconf 75' lang='lat' dir='ltr'><strong>Iesum</strong></span> <span class='ocrx_word' id='word_1_150' title='bbox 2799 648 3062 706; x_wconf 79' lang='lat' dir='ltr'><strong>Christum</strong></span> <span class='ocrx_word' id='word_1_151' title='bbox 3089 650 3255 724; x_wconf 81' lang='lat' dir='ltr'><strong>(ibid.</strong></span> <span class='ocrx_word' id='word_1_152' title='bbox 3290 668 3428 720; x_wconf 78' lang='lat' dir='ltr'><strong>xvn,</strong></span> <span class='ocrx_word' id='word_1_153' title='bbox 3460 653 3523 710; x_wconf 77' lang='grc'><strong>1-</strong></span> 
     </span>
    </p>
   </div>
   <div class='ocr_carea' id='block_1_21' title="bbox 1916 730 3522 816">
    <p class='ocr_par' dir='ltr' id='par_1_21' title="bbox 1916 730 3522 816">
     <span class='ocr_line' id='line_1_21' title="bbox 1916 730 3522 816; baseline 0.01 -28"><span class='ocrx_word' id='word_1_154' title='bbox 1916 730 2147 805; x_wconf 76' lang='lat' dir='ltr'><strong>5).Vita:</strong></span> <span class='ocrx_word' id='word_1_155' title='bbox 2175 744 2394 795; x_wconf 63' lang='lat' dir='ltr'><strong>internae</strong></span> <span class='ocrx_word' id='word_1_156' title='bbox 2420 738 2582 796; x_wconf 87' lang='lat' dir='ltr'><strong>ﬁdem</strong></span> <span class='ocrx_word' id='word_1_157' title='bbox 2616 743 2701 798; x_wconf 86' lang='lat' dir='ltr'><strong>vel</strong></span> <span class='ocrx_word' id='word_1_158' title='bbox 2729 744 2893 816; x_wconf 85' lang='lat' dir='ltr'><strong>loqui,</strong></span> <span class='ocrx_word' id='word_1_159' title='bbox 2929 744 3205 814; x_wconf 65' lang='lat' dir='ltr'><strong>ltseretice,</strong></span> <span class='ocrx_word' id='word_1_160' title='bbox 3238 746 3408 814; x_wconf 86' lang='lat' dir='ltr'><strong>disce,</strong></span> <span class='ocrx_word' id='word_1_161' title='bbox 3434 747 3522 804; x_wconf 89' lang='lat' dir='ltr'><strong>vel</strong></span> 
     </span>
    </p>
   </div>
   <div class='ocr_carea' id='block_1_22' title="bbox 1917 829 3520 912">
    <p class='ocr_par' dir='ltr' id='par_1_22' title="bbox 1917 829 3520 912">
     <span class='ocr_line' id='line_1_22' title="bbox 1917 829 3520 912; baseline 0.009 -28"><span class='ocrx_word' id='word_1_162' title='bbox 1917 829 2162 886; x_wconf 85' lang='lat' dir='ltr'><strong>credere.</strong></span> <span class='ocrx_word' id='word_1_163' title='bbox 2194 831 2263 887; x_wconf 85' lang='lat' dir='ltr'><strong>Et</strong></span> <span class='ocrx_word' id='word_1_164' title='bbox 2291 848 2480 905; x_wconf 89' lang='lat' dir='ltr'><strong>separa</strong></span> <span class='ocrx_word' id='word_1_165' title='bbox 2511 852 2542 893; x_wconf 91' lang='lat' dir='ltr'><strong>a</strong></span> <span class='ocrx_word' id='word_1_166' title='bbox 2570 837 2683 893; x_wconf 90' lang='lat' dir='ltr'><strong>Deo</strong></span> <span class='ocrx_word' id='word_1_167' title='bbox 2704 838 2998 908; x_wconf 86' lang='lat' dir='ltr'><strong>Christum,</strong></span> <span class='ocrx_word' id='word_1_168' title='bbox 3029 841 3074 895; x_wconf 89' lang='lat' dir='ltr'><strong>si</strong></span> <span class='ocrx_word' id='word_1_169' title='bbox 3097 850 3274 912; x_wconf 86' lang='lat' dir='ltr'><strong>potes,</strong></span> <span class='ocrx_word' id='word_1_170' title='bbox 3304 855 3334 895; x_wconf 88' lang='lat' dir='ltr'><strong>a</strong></span> <span class='ocrx_word' id='word_1_171' title='bbox 3356 841 3520 899; x_wconf 84' lang='lat' dir='ltr'><strong>Patre</strong></span> 
     </span>
    </p>
   </div>
   <div class='ocr_carea' id='block_1_23' title="bbox 1917 925 3517 1002">
    <p class='ocr_par' dir='ltr' id='par_1_23' title="bbox 1917 925 3517 1002">
     <span class='ocr_line' id='line_1_23' title="bbox 1917 925 3517 1002; baseline 0.006 -20"><span class='ocrx_word' id='word_1_172' title='bbox 1917 925 2137 995; x_wconf 87' lang='lat' dir='ltr'><strong>Filium,</strong></span> <span class='ocrx_word' id='word_1_173' title='bbox 2169 943 2197 982; x_wconf 88' lang='lat' dir='ltr'><strong>a</strong></span> <span class='ocrx_word' id='word_1_174' title='bbox 2229 928 2341 985; x_wconf 89' lang='lat' dir='ltr'><strong>Deo</strong></span> <span class='ocrx_word' id='word_1_175' title='bbox 2363 945 2490 986; x_wconf 86' lang='lat' dir='ltr'><strong>vero</strong></span> <span class='ocrx_word' id='word_1_176' title='bbox 2514 946 2676 1002; x_wconf 81' lang='lat' dir='ltr'><strong>super</strong></span> <span class='ocrx_word' id='word_1_177' title='bbox 2699 933 2878 989; x_wconf 88' lang='lat' dir='ltr'><strong>omnia</strong></span> <span class='ocrx_word' id='word_1_178' title='bbox 2899 933 3092 1001; x_wconf 91' lang='lat' dir='ltr'><strong>Deum,</strong></span> <span class='ocrx_word' id='word_1_179' title='bbox 3112 950 3142 989; x_wconf 92' lang='lat' dir='ltr'><strong>a</strong></span> <span class='ocrx_word' id='word_1_180' title='bbox 3189 935 3308 991; x_wconf 89' lang='lat' dir='ltr'><strong>solo</strong></span> <span class='ocrx_word' id='word_1_181' title='bbox 3349 950 3517 992; x_wconf 89' lang='lat' dir='ltr'><strong>unum</strong></span> 
     </span>
    </p>
   </div>
   <div class='ocr_carea' id='block_1_24' title="bbox 1920 1016 3518 1098">
    <p class='ocr_par' dir='ltr' id='par_1_24' title="bbox 1920 1016 3518 1098">
     <span class='ocr_line' id='line_1_24' title="bbox 1920 1016 3518 1098; baseline 0.008 -26"><span class='ocrx_word' id='word_1_182' title='bbox 1920 1016 2082 1092; x_wconf 90' lang='lat' dir='ltr'><strong>(unus</strong></span> <span class='ocrx_word' id='word_1_183' title='bbox 2109 1020 2253 1076; x_wconf 91' lang='lat' dir='ltr'><strong>enim</strong></span> <span class='ocrx_word' id='word_1_184' title='bbox 2284 1022 2548 1081; x_wconf 92' lang='lat' dir='ltr'><strong>Dominus</strong></span> <span class='ocrx_word' id='word_1_185' title='bbox 2573 1033 2656 1081; x_wconf 89' lang='lat' dir='ltr'><strong>est</strong></span> <span class='ocrx_word' id='word_1_186' title='bbox 2675 1025 2835 1083; x_wconf 85' lang='lat' dir='ltr'><strong>Jesus</strong></span> <span class='ocrx_word' id='word_1_187' title='bbox 2860 1026 3104 1084; x_wconf 86' lang='lat' dir='ltr'><strong>Christus</strong></span> <span class='ocrx_word' id='word_1_188' title='bbox 3126 1071 3145 1098; x_wconf 88' lang='lat'><strong>,</strong></span> <span class='ocrx_word' id='word_1_189' title='bbox 3185 1028 3208 1084; x_wconf 85' lang='grc' dir='ltr'>ι</span> <span class='ocrx_word' id='word_1_190' title='bbox 3248 1028 3369 1085; x_wconf 89' lang='lat' dir='ltr'><strong>Cor.</strong></span> <span class='ocrx_word' id='word_1_191' title='bbox 3400 1044 3518 1097; x_wconf 88' lang='lat' dir='ltr'><strong>vm,</strong></span> 
     </span>
    </p>
   </div>
   <div class='ocr_carea' id='block_1_25' title="bbox 1917 1112 3521 1196">
    <p class='ocr_par' dir='ltr' id='par_1_25' title="bbox 1917 1112 3521 1196">
     <span class='ocr_line' id='line_1_25' title="bbox 1917 1112 3521 1196; baseline 0.006 -26"><span class='ocrx_word' id='word_1_192' title='bbox 1917 1112 2016 1187; x_wconf 86' lang='lat'><strong>6);.</strong></span> <span class='ocrx_word' id='word_1_193' title='bbox 2036 1115 2080 1171; x_wconf 91' lang='lat' dir='ltr'><strong>si</strong></span> <span class='ocrx_word' id='word_1_194' title='bbox 2112 1115 2221 1171; x_wconf 87' lang='lat' dir='ltr'><strong>vita</strong></span> <span class='ocrx_word' id='word_1_195' title='bbox 2255 1126 2454 1173; x_wconf 60' lang='lat' dir='ltr'><strong>interna</strong></span> <span class='ocrx_word' id='word_1_196' title='bbox 2472 1129 2562 1175; x_wconf 88' lang='lat' dir='ltr'><strong>est</strong></span> <span class='ocrx_word' id='word_1_197' title='bbox 2600 1120 2652 1175; x_wconf 90' lang='lat' dir='ltr'><strong>in</strong></span> <span class='ocrx_word' id='word_1_198' title='bbox 2682 1120 2852 1176; x_wconf 89' lang='lat' dir='ltr'><strong>Deum</strong></span> <span class='ocrx_word' id='word_1_199' title='bbox 2894 1120 3067 1177; x_wconf 90' lang='lat' dir='ltr'><strong>solum</strong></span> <span class='ocrx_word' id='word_1_200' title='bbox 3108 1136 3295 1178; x_wconf 82' lang='lat' dir='ltr'><strong>verum</strong></span> <span class='ocrx_word' id='word_1_201' title='bbox 3341 1122 3521 1196; x_wconf 84' lang='lat' dir='ltr'><strong>credi—</strong></span> 
     </span>
    </p>
   </div>
   <div class='ocr_carea' id='block_1_26' title="bbox 1918 1205 3519 1284">
    <p class='ocr_par' dir='ltr' id='par_1_26' title="bbox 1918 1205 3519 1284">
     <span class='ocr_line' id='line_1_26' title="bbox 1918 1205 3519 1284; baseline 0.006 -24"><span class='ocrx_word' id='word_1_202' title='bbox 1918 1205 2064 1262; x_wconf 86' lang='lat' dir='ltr'><strong>disse</strong></span> <span class='ocrx_word' id='word_1_203' title='bbox 2103 1207 2182 1278; x_wconf 80' lang='lat' dir='ltr'><strong>(g)</strong></span> <span class='ocrx_word' id='word_1_204' title='bbox 2213 1208 2330 1264; x_wconf 88' lang='lat' dir='ltr'><strong>sine</strong></span> <span class='ocrx_word' id='word_1_205' title='bbox 2375 1209 2608 1265; x_wconf 88' lang='lat' dir='ltr'><strong>Christo.</strong></span> <span class='ocrx_word' id='word_1_206' title='bbox 2660 1211 2716 1268; x_wconf 85' lang='lat' dir='ltr'><strong>Si</strong></span> <span class='ocrx_word' id='word_1_207' title='bbox 2766 1226 2896 1268; x_wconf 87' lang='lat' dir='ltr'><strong>vero</strong></span> <span class='ocrx_word' id='word_1_208' title='bbox 2939 1222 3195 1284; x_wconf 89' lang='lat' dir='ltr'><strong>separato</strong></span> <span class='ocrx_word' id='word_1_209' title='bbox 3244 1211 3519 1270; x_wconf 87' lang='lat' dir='ltr'><strong>Christoa</strong></span> 
     </span>
    </p>
   </div>
   <div class='ocr_carea' id='block_1_27' title="bbox 1916 1299 3517 1368">
    <p class='ocr_par' dir='ltr' id='par_1_27' title="bbox 1916 1299 3517 1368">
     <span class='ocr_line' id='line_1_27' title="bbox 1916 1299 3517 1368; baseline 0.005 -13"><span class='ocrx_word' id='word_1_210' title='bbox 1916 1299 2034 1355; x_wconf 88' lang='lat' dir='ltr'><strong>solo</strong></span> <span class='ocrx_word' id='word_1_211' title='bbox 2061 1299 2176 1355; x_wconf 89' lang='lat' dir='ltr'><strong>Deo</strong></span> <span class='ocrx_word' id='word_1_212' title='bbox 2209 1317 2357 1368; x_wconf 77' lang='lat' dir='ltr'><strong>vero,</strong></span> <span class='ocrx_word' id='word_1_213' title='bbox 2409 1303 2461 1358; x_wconf 92' lang='lat' dir='ltr'><strong>in</strong></span> <span class='ocrx_word' id='word_1_214' title='bbox 2507 1302 2849 1361; x_wconf 77' lang='lat' dir='ltr'><strong>conteSsione</strong></span> <span class='ocrx_word' id='word_1_215' title='bbox 2888 1306 3058 1361; x_wconf 89' lang='lat' dir='ltr'><strong>solius</strong></span> <span class='ocrx_word' id='word_1_216' title='bbox 3100 1306 3198 1361; x_wconf 86' lang='lat' dir='ltr'><strong>Dei</strong></span> <span class='ocrx_word' id='word_1_217' title='bbox 3239 1306 3354 1363; x_wconf 90' lang='lat' dir='ltr'><strong>veri</strong></span> <span class='ocrx_word' id='word_1_218' title='bbox 3405 1308 3517 1363; x_wconf 86' lang='lat' dir='ltr'><strong>vita</strong></span> 
     </span>
    </p>
   </div>
   <div class='ocr_carea' id='block_1_28' title="bbox 1914 1396 3518 1472">
    <p class='ocr_par' dir='ltr' id='par_1_28' title="bbox 1914 1396 3518 1472">
     <span class='ocr_line' id='line_1_28' title="bbox 1914 1396 3518 1472; baseline 0.005 -25"><span class='ocrx_word' id='word_1_219' title='bbox 1914 1402 2120 1449; x_wconf 60' lang='lat' dir='ltr'><strong>aeterna</strong></span> <span class='ocrx_word' id='word_1_220' title='bbox 2166 1408 2272 1450; x_wconf 88' lang='lat' dir='ltr'><strong>non</strong></span> <span class='ocrx_word' id='word_1_221' title='bbox 2320 1396 2560 1466; x_wconf 83' lang='lat' dir='ltr'><strong>capitur;</strong></span> <span class='ocrx_word' id='word_1_222' title='bbox 2594 1412 2700 1453; x_wconf 86' lang='lat' dir='ltr'><strong>non</strong></span> <span class='ocrx_word' id='word_1_223' title='bbox 2730 1397 2972 1470; x_wconf 73' lang='lat' dir='ltr'><strong>intelligo</strong></span> <span class='ocrx_word' id='word_1_224' title='bbox 2999 1398 3271 1472; x_wconf 91' lang='lat' dir='ltr'><strong>quomodo</strong></span> <span class='ocrx_word' id='word_1_225' title='bbox 3300 1398 3457 1455; x_wconf 87' lang='lat' dir='ltr'><strong>nobis</strong></span> <span class='ocrx_word' id='word_1_226' title='bbox 3485 1415 3518 1456; x_wconf 86' lang='lat' dir='ltr'><strong>a</strong></span> 
     </span>
    </p>
   </div>
   <div class='ocr_carea' id='block_1_29' title="bbox 1914 1487 3519 1566">
    <p class='ocr_par' dir='ltr' id='par_1_29' title="bbox 1914 1487 3519 1566">
     <span class='ocr_line' id='line_1_29' title="bbox 1914 1487 3519 1566; baseline 0 -17"><span class='ocrx_word' id='word_1_227' title='bbox 1914 1487 2032 1549; x_wconf 83' lang='lat' dir='ltr'><strong>Deo</strong></span> <span class='ocrx_word' id='word_1_228' title='bbox 2063 1504 2193 1545; x_wconf 79' lang='lat' dir='ltr'><strong>vero</strong></span> <span class='ocrx_word' id='word_1_229' title='bbox 2222 1490 2556 1561; x_wconf 84' lang='lat' dir='ltr'><strong>separandos</strong></span> <span class='ocrx_word' id='word_1_230' title='bbox 2581 1492 2649 1549; x_wconf 91' lang='lat' dir='ltr'><strong>ad</strong></span> <span class='ocrx_word' id='word_1_231' title='bbox 2679 1492 2837 1550; x_wconf 86' lang='lat' dir='ltr'><strong>tidem</strong></span> <span class='ocrx_word' id='word_1_232' title='bbox 2869 1494 2957 1561; x_wconf 88' lang='lat' dir='ltr'><strong>sit,</strong></span> <span class='ocrx_word' id='word_1_233' title='bbox 2991 1495 3079 1566; x_wconf 92' lang='lat' dir='ltr'><strong>qui</strong></span> <span class='ocrx_word' id='word_1_234' title='bbox 3113 1508 3222 1551; x_wconf 92' lang='lat' dir='ltr'><strong>non</strong></span> <span class='ocrx_word' id='word_1_235' title='bbox 3262 1495 3334 1550; x_wconf 87' lang='lat' dir='ltr'><strong>sit</strong></span> <span class='ocrx_word' id='word_1_236' title='bbox 3362 1507 3519 1566; x_wconf 86' lang='lat' dir='ltr'><strong>sepa-</strong></span> 
     </span>
    </p>
   </div>
   <div class='ocr_carea' id='block_1_30' title="bbox 1918 1586 2468 1645">
    <p class='ocr_par' dir='ltr' id='par_1_30' title="bbox 1918 1586 2468 1645">
     <span class='ocr_line' id='line_1_30' title="bbox 1918 1586 2468 1645; baseline 0.004 -3"><span class='ocrx_word' id='word_1_237' title='bbox 1918 1586 2105 1643; x_wconf 90' lang='lat' dir='ltr'><strong>rabilis</strong></span> <span class='ocrx_word' id='word_1_238' title='bbox 2128 1587 2194 1642; x_wconf 90' lang='lat' dir='ltr'><strong>ad</strong></span> <span class='ocrx_word' id='word_1_239' title='bbox 2218 1589 2468 1645; x_wconf 88' lang='lat' dir='ltr'><strong>salutem.</strong></span> 
     </span>
    </p>
   </div>
   <div class='ocr_carea' id='block_1_31' title="bbox 1988 1682 3517 1756">
    <p class='ocr_par' dir='ltr' id='par_1_31' title="bbox 1988 1682 3517 1756">
     <span class='ocr_line' id='line_1_31' title="bbox 1988 1682 3517 1756; baseline 0.003 -18"><span class='ocrx_word' id='word_1_240' title='bbox 1988 1683 2079 1740; x_wconf 76' lang='grc'><strong>55.</strong></span> <span class='ocrx_word' id='word_1_241' title='bbox 2137 1682 2348 1756; x_wconf 81' lang='lat' dir='ltr'><strong>Objecto</strong></span> <span class='ocrx_word' id='word_1_242' title='bbox 2392 1684 2504 1739; x_wconf 80' lang='lat' dir='ltr'><strong>loco</strong></span> <span class='ocrx_word' id='word_1_243' title='bbox 2547 1683 2782 1741; x_wconf 77' lang='lat' dir='ltr'><strong>Christus</strong></span> <span class='ocrx_word' id='word_1_244' title='bbox 2815 1686 3046 1741; x_wconf 78' lang='lat' dir='ltr'><strong>inanitur</strong></span> <span class='ocrx_word' id='word_1_245' title='bbox 3083 1702 3233 1742; x_wconf 81' lang='lat' dir='ltr'><strong>uerus</strong></span> <span class='ocrx_word' id='word_1_246' title='bbox 3263 1685 3419 1743; x_wconf 86' lang='lat' dir='ltr'><strong>Deus.</strong></span> <span class='ocrx_word' id='word_1_247' title='bbox 3443 1716 3517 1731; x_wconf 88' lang='lat'><strong>—-</strong></span> 
     </span>
    </p>
   </div>
   <div class='ocr_carea' id='block_1_32' title="bbox 1916 1773 3518 1852">
    <p class='ocr_par' dir='ltr' id='par_1_32' title="bbox 1916 1773 3518 1852">
     <span class='ocr_line' id='line_1_32' title="bbox 1916 1773 3518 1852; baseline 0.005 -23"><span class='ocrx_word' id='word_1_248' title='bbox 1916 1773 2258 1847; x_wconf 85' lang='lat' dir='ltr'><strong>Quamqnam</strong></span> <span class='ocrx_word' id='word_1_249' title='bbox 2288 1777 2448 1848; x_wconf 77' lang='lat' dir='ltr'><strong>igitur</strong></span> <span class='ocrx_word' id='word_1_250' title='bbox 2472 1778 2639 1834; x_wconf 87' lang='lat' dir='ltr'><strong>sciam</strong></span> <span class='ocrx_word' id='word_1_251' title='bbox 2662 1792 2910 1835; x_wconf 77' lang='lat' dir='ltr'><strong>morosus</strong></span> <span class='ocrx_word' id='word_1_252' title='bbox 2940 1779 3235 1835; x_wconf 80' lang='lat' dir='ltr'><strong>difﬁcilium</strong></span> <span class='ocrx_word' id='word_1_253' title='bbox 3261 1781 3518 1852; x_wconf 66' lang='lat' dir='ltr'><strong>quaestio-</strong></span> 
     </span>
    </p>
   </div>
   <div class='ocr_carea' id='block_1_33' title="bbox 214 1848 1815 1946">
    <p class='ocr_par' dir='ltr' id='par_1_33' title="bbox 214 1848 1808 1925">
     <span class='ocr_line' id='line_1_33' title="bbox 214 1848 1808 1925; baseline 0.009 -28"><span class='ocrx_word' id='word_1_254' title='bbox 214 1853 449 1915; x_wconf 78' lang='lat' dir='ltr'><strong>potestas</strong></span> <span class='ocrx_word' id='word_1_255' title='bbox 476 1855 556 1899; x_wconf 90' lang='lat' dir='ltr'><strong>est</strong></span> <span class='ocrx_word' id='word_1_256' title='bbox 584 1862 599 1899; x_wconf 89' lang='lat'><strong>:</strong></span> <span class='ocrx_word' id='word_1_257' title='bbox 624 1861 747 1917; x_wconf 68' lang='lat' dir='ltr'><strong>qua:</strong></span> <span class='ocrx_word' id='word_1_258' title='bbox 785 1862 907 1904; x_wconf 91' lang='lat' dir='ltr'><strong>cum</strong></span> <span class='ocrx_word' id='word_1_259' title='bbox 947 1848 1066 1904; x_wconf 92' lang='lat' dir='ltr'><strong>data</strong></span> <span class='ocrx_word' id='word_1_260' title='bbox 1096 1850 1185 1917; x_wconf 86' lang='lat' dir='ltr'><strong>sit,</strong></span> <span class='ocrx_word' id='word_1_261' title='bbox 1213 1850 1283 1925; x_wconf 78' lang='grc' dir='ltr'><strong>(ε)</strong></span> <span class='ocrx_word' id='word_1_262' title='bbox 1326 1868 1432 1908; x_wconf 83' lang='lat' dir='ltr'><strong>non</strong></span> <span class='ocrx_word' id='word_1_263' title='bbox 1459 1854 1663 1910; x_wconf 84' lang='lat' dir='ltr'><strong>alienat</strong></span> <span class='ocrx_word' id='word_1_264' title='bbox 1687 1871 1808 1912; x_wconf 90' lang='lat' dir='ltr'><strong>eum</strong></span> 
     </span>
    </p>
   </div>
   <div class='ocr_carea' id='block_1_34' title="bbox 1925 1848 3515 1946">
    <p class='ocr_par' dir='ltr' id='par_1_34' title="bbox 1925 1870 3515 1946">
     <span class='ocr_line' id='line_1_34' title="bbox 1925 1870 3515 1946; baseline 0.006 -23"><span class='ocrx_word' id='word_1_265' title='bbox 1925 1884 2046 1924; x_wconf 90' lang='lat' dir='ltr'><strong>num</strong></span> <span class='ocrx_word' id='word_1_266' title='bbox 2075 1870 2443 1927; x_wconf 85' lang='lat' dir='ltr'><strong>absolutiones</strong></span> <span class='ocrx_word' id='word_1_267' title='bbox 2484 1872 2774 1944; x_wconf 78' lang='lat' dir='ltr'><strong>legentium</strong></span> <span class='ocrx_word' id='word_1_268' title='bbox 2824 1874 3107 1931; x_wconf 84' lang='lat' dir='ltr'><strong>desideriis</strong></span> <span class='ocrx_word' id='word_1_269' title='bbox 3136 1889 3329 1946; x_wconf 79' lang='lat' dir='ltr'><strong>graves</strong></span> <span class='ocrx_word' id='word_1_270' title='bbox 3357 1889 3515 1944; x_wconf 88' lang='lat' dir='ltr'><strong>esse;</strong></span> 
     </span>
    </p>
   </div>
   <div class='ocr_carea' id='block_1_35' title="bbox 213 1937 1815 2019">
    <p class='ocr_par' dir='ltr' id='par_1_35' title="bbox 213 1937 1815 2019">
     <span class='ocr_line' id='line_1_35' title="bbox 213 1937 1815 2019; baseline 0.011 -28"><span class='ocrx_word' id='word_1_271' title='bbox 213 1952 309 2008; x_wconf 89' lang='lat' dir='ltr'><strong>per</strong></span> <span class='ocrx_word' id='word_1_272' title='bbox 340 1937 392 1992; x_wconf 89' lang='lat' dir='ltr'><strong>id</strong></span> <span class='ocrx_word' id='word_1_273' title='bbox 423 1937 493 1993; x_wconf 89' lang='lat' dir='ltr'><strong>ab</strong></span> <span class='ocrx_word' id='word_1_274' title='bbox 521 1949 742 1996; x_wconf 89' lang='lat' dir='ltr'><strong>auctore</strong></span> <span class='ocrx_word' id='word_1_275' title='bbox 770 1957 892 2013; x_wconf 79' lang='lat' dir='ltr'><strong>quia</strong></span> <span class='ocrx_word' id='word_1_276' title='bbox 924 1943 1045 1998; x_wconf 90' lang='lat' dir='ltr'><strong>data</strong></span> <span class='ocrx_word' id='word_1_277' title='bbox 1070 1954 1183 2011; x_wconf 89' lang='lat' dir='ltr'><strong>est;</strong></span> <span class='ocrx_word' id='word_1_278' title='bbox 1211 1962 1332 2002; x_wconf 91' lang='lat' dir='ltr'><strong>cum</strong></span> <span class='ocrx_word' id='word_1_279' title='bbox 1360 1948 1502 2019; x_wconf 90' lang='lat' dir='ltr'><strong>quod</strong></span> <span class='ocrx_word' id='word_1_280' title='bbox 1531 1950 1605 2005; x_wconf 86' lang='lat' dir='ltr'><strong>sit</strong></span> <span class='ocrx_word' id='word_1_281' title='bbox 1626 1958 1815 2008; x_wconf 90' lang='lat' dir='ltr'><strong>aucto-</strong></span> 
     </span>
    </p>
   </div>
   <div class='ocr_carea' id='block_1_36' title="bbox 215 2031 1815 2111">
    <p class='ocr_par' dir='ltr' id='par_1_36' title="bbox 215 2031 1815 2111">
     <span class='ocr_line' id='line_1_36' title="bbox 215 2031 1815 2111; baseline 0.009 -25"><span class='ocrx_word' id='word_1_282' title='bbox 215 2033 309 2099; x_wconf 85' lang='lat' dir='ltr'><strong>ris,</strong></span> <span class='ocrx_word' id='word_1_283' title='bbox 340 2031 441 2087; x_wconf 88' lang='lat' dir='ltr'><strong>boc</strong></span> <span class='ocrx_word' id='word_1_284' title='bbox 468 2032 650 2088; x_wconf 87' lang='lat' dir='ltr'><strong>datum</strong></span> <span class='ocrx_word' id='word_1_285' title='bbox 681 2036 769 2099; x_wconf 90' lang='lat' dir='ltr'><strong>sit,</strong></span> <span class='ocrx_word' id='word_1_286' title='bbox 801 2036 931 2092; x_wconf 90' lang='lat' dir='ltr'><strong>dare</strong></span> <span class='ocrx_word' id='word_1_287' title='bbox 967 2038 1174 2095; x_wconf 89' lang='lat' dir='ltr'><strong>scilicet</strong></span> <span class='ocrx_word' id='word_1_288' title='bbox 1219 2040 1380 2096; x_wconf 88' lang='lat' dir='ltr'><strong>vitam</strong></span> <span class='ocrx_word' id='word_1_289' title='bbox 1425 2052 1706 2111; x_wconf 74' lang='lat' dir='ltr'><strong>teteruam,</strong></span> <span class='ocrx_word' id='word_1_290' title='bbox 1758 2053 1815 2101; x_wconf 90' lang='lat' dir='ltr'><strong>et</strong></span> 
     </span>
    </p>
   </div>
   <div class='ocr_carea' id='block_1_37' title="bbox 221 2126 1813 2204">
    <p class='ocr_par' dir='ltr' id='par_1_37' title="bbox 221 2126 1813 2204">
     <span class='ocr_line' id='line_1_37' title="bbox 221 2126 1813 2204; baseline 0.01 -24"><span class='ocrx_word' id='word_1_291' title='bbox 221 2126 607 2195; x_wconf 84' lang='lat' dir='ltr'><strong>corruptionem</strong></span> <span class='ocrx_word' id='word_1_292' title='bbox 623 2130 876 2204; x_wconf 54' lang='grc'>28201)</span> <span class='ocrx_word' id='word_1_293' title='bbox 892 2132 943 2187; x_wconf 92' lang='lat' dir='ltr'><strong>in</strong></span> <span class='ocrx_word' id='word_1_294' title='bbox 964 2130 1423 2204; x_wconf 65' lang='lat' dir='ltr'><strong>incorrutttioncm</strong></span> <span class='ocrx_word' id='word_1_295' title='bbox 1447 2147 1676 2196; x_wconf 88' lang='lat' dir='ltr'><strong>mutare.</strong></span> <span class='ocrx_word' id='word_1_296' title='bbox 1710 2140 1813 2196; x_wconf 90' lang='lat' dir='ltr'><strong>De-</strong></span> 
     </span>
    </p>
   </div>
   <div class='ocr_carea' id='block_1_38' title="bbox 224 2216 1812 2300">
    <p class='ocr_par' dir='ltr' id='par_1_38' title="bbox 224 2216 1812 2300">
     <span class='ocr_line' id='line_1_38' title="bbox 224 2216 1812 2300; baseline 0.011 -27"><span class='ocrx_word' id='word_1_297' title='bbox 224 2216 299 2273; x_wconf 87' lang='lat' dir='ltr'><strong>dit</strong></span> <span class='ocrx_word' id='word_1_298' title='bbox 322 2217 497 2292; x_wconf 88' lang='lat' dir='ltr'><strong>itaque</strong></span> <span class='ocrx_word' id='word_1_299' title='bbox 522 2220 683 2278; x_wconf 88' lang='lat' dir='ltr'><strong>Pater</strong></span> <span class='ocrx_word' id='word_1_300' title='bbox 704 2225 905 2289; x_wconf 86' lang='lat' dir='ltr'><strong>omnia,</strong></span> <span class='ocrx_word' id='word_1_301' title='bbox 950 2237 1005 2282; x_wconf 87' lang='lat' dir='ltr'><strong>et</strong></span> <span class='ocrx_word' id='word_1_302' title='bbox 1027 2230 1236 2300; x_wconf 88' lang='lat' dir='ltr'><strong>accepit</strong></span> <span class='ocrx_word' id='word_1_303' title='bbox 1261 2230 1431 2287; x_wconf 90' lang='lat' dir='ltr'><strong>Filius</strong></span> <span class='ocrx_word' id='word_1_304' title='bbox 1461 2232 1638 2288; x_wconf 88' lang='lat' dir='ltr'><strong>omnia</strong></span> <span class='ocrx_word' id='word_1_305' title='bbox 1672 2251 1686 2286; x_wconf 87' lang='lat'><strong>:</strong></span> <span class='ocrx_word' id='word_1_306' title='bbox 1717 2249 1812 2291; x_wconf 86' lang='lat' dir='ltr'><strong>ue-</strong></span> 
     </span>
    </p>
   </div>
   <div class='ocr_carea' id='block_1_39' title="bbox 219 2314 1811 2399">
    <p class='ocr_par' dir='ltr' id='par_1_39' title="bbox 219 2314 1811 2399">
     <span class='ocr_line' id='line_1_39' title="bbox 219 2314 1811 2399; baseline 0.011 -34"><span class='ocrx_word' id='word_1_307' title='bbox 219 2326 324 2381; x_wconf 87' lang='lat' dir='ltr'><strong>que</strong></span> <span class='ocrx_word' id='word_1_308' title='bbox 350 2314 650 2385; x_wconf 82' lang='lat' dir='ltr'><strong>ambiguum</strong></span> <span class='ocrx_word' id='word_1_309' title='bbox 679 2328 784 2384; x_wconf 88' lang='lat' dir='ltr'><strong>est,</strong></span> <span class='ocrx_word' id='word_1_310' title='bbox 827 2335 948 2374; x_wconf 87' lang='lat' dir='ltr'><strong>cum</strong></span> <span class='ocrx_word' id='word_1_311' title='bbox 996 2320 1198 2377; x_wconf 82' lang='lat' dir='ltr'><strong>dixerit</strong></span> <span class='ocrx_word' id='word_1_312' title='bbox 1226 2342 1239 2379; x_wconf 88' lang='lat'><strong>:</strong></span> <span class='ocrx_word' id='word_1_313' title='bbox 1275 2323 1463 2380; x_wconf 85' lang='lat' dir='ltr'><strong>Omnia</strong></span> <span class='ocrx_word' id='word_1_314' title='bbox 1489 2342 1607 2399; x_wconf 72' lang='lat' dir='ltr'><strong>qua:</strong></span> <span class='ocrx_word' id='word_1_315' title='bbox 1636 2325 1811 2383; x_wconf 78' lang='lat' dir='ltr'><strong>Patris</strong></span> 
     </span>
    </p>
   </div>
   <div class='ocr_carea' id='block_1_40' title="bbox 214 2412 1810 2492">
    <p class='ocr_par' dir='ltr' id='par_1_40' title="bbox 214 2412 1810 2492">
     <span class='ocr_line' id='line_1_40' title="bbox 214 2412 1810 2492; baseline 0.011 -31"><span class='ocrx_word' id='word_1_316' title='bbox 214 2416 348 2475; x_wconf 84' lang='lat' dir='ltr'><strong>sunt,</strong></span> <span class='ocrx_word' id='word_1_317' title='bbox 392 2425 505 2463; x_wconf 89' lang='lat' dir='ltr'><strong>mea</strong></span> <span class='ocrx_word' id='word_1_318' title='bbox 547 2420 669 2466; x_wconf 84' lang='lat' dir='ltr'><strong>sunt</strong></span> <span class='ocrx_word' id='word_1_319' title='bbox 712 2412 893 2483; x_wconf 85' lang='lat' dir='ltr'><strong>(Joau.</strong></span> <span class='ocrx_word' id='word_1_320' title='bbox 927 2430 1037 2480; x_wconf 80' lang='lat' dir='ltr'><strong>xvr,</strong></span> <span class='ocrx_word' id='word_1_321' title='bbox 1079 2417 1185 2490; x_wconf 72' lang='lat' dir='ltr'><strong>lii).</strong></span> <span class='ocrx_word' id='word_1_322' title='bbox 1235 2417 1303 2473; x_wconf 86' lang='lat' dir='ltr'><strong>Et</strong></span> <span class='ocrx_word' id='word_1_323' title='bbox 1331 2417 1417 2474; x_wconf 91' lang='lat' dir='ltr'><strong>hic</strong></span> <span class='ocrx_word' id='word_1_324' title='bbox 1456 2419 1673 2492; x_wconf 89' lang='lat' dir='ltr'><strong>quidem</strong></span> <span class='ocrx_word' id='word_1_325' title='bbox 1703 2436 1810 2480; x_wconf 90' lang='lat' dir='ltr'><strong>non</strong></span> 
     </span>
    </p>
   </div>
   <div class='ocr_carea' id='block_1_41' title="bbox 213 2502 1811 2580">
    <p class='ocr_par' dir='ltr' id='par_1_41' title="bbox 213 2502 1811 2580">
     <span class='ocr_line' id='line_1_41' title="bbox 213 2502 1811 2580; baseline 0.009 -25"><span class='ocrx_word' id='word_1_326' title='bbox 213 2502 544 2559; x_wconf 85' lang='lat' dir='ltr'><strong>creatiouum</strong></span> <span class='ocrx_word' id='word_1_327' title='bbox 595 2507 827 2577; x_wconf 84' lang='lat' dir='ltr'><strong>species,</strong></span> <span class='ocrx_word' id='word_1_328' title='bbox 883 2525 1057 2580; x_wconf 84' lang='lat' dir='ltr'><strong>neque</strong></span> <span class='ocrx_word' id='word_1_329' title='bbox 1122 2511 1516 2567; x_wconf 86' lang='lat' dir='ltr'><strong>elementorum</strong></span> <span class='ocrx_word' id='word_1_330' title='bbox 1569 2513 1811 2570; x_wconf 86' lang='lat' dir='ltr'><strong>diversas</strong></span> 
     </span>
    </p>
   </div>
   <div class='ocr_carea' id='block_1_42' title="bbox 212 2593 1807 2679">
    <p class='ocr_par' dir='ltr' id='par_1_42' title="bbox 212 2593 1807 2679">
     <span class='ocr_line' id='line_1_42' title="bbox 212 2593 1807 2679; baseline 0.009 -33"><span class='ocrx_word' id='word_1_331' title='bbox 212 2593 624 2653; x_wconf 90' lang='lat' dir='ltr'><strong>substitutiones</strong></span> <span class='ocrx_word' id='word_1_332' title='bbox 670 2615 909 2668; x_wconf 71' lang='lat' dir='ltr'><strong>prmsens</strong></span> <span class='ocrx_word' id='word_1_333' title='bbox 952 2617 1132 2658; x_wconf 89' lang='lat' dir='ltr'><strong>sermo</strong></span> <span class='ocrx_word' id='word_1_334' title='bbox 1178 2603 1441 2675; x_wconf 82' lang='lat' dir='ltr'><strong>signiﬁcat</strong></span> <span class='ocrx_word' id='word_1_335' title='bbox 1469 2604 1807 2679; x_wconf 78' lang='lat' dir='ltr'><strong>(V.iufran.</strong></span> 
     </span>
    </p>
   </div>
   <div class='ocr_carea' id='block_1_43' title="bbox 212 2687 1810 2772">
    <p class='ocr_par' dir='ltr' id='par_1_43' title="bbox 212 2687 1810 2772">
     <span class='ocr_line' id='line_1_43' title="bbox 212 2687 1810 2772; baseline 0.011 -29"><span class='ocrx_word' id='word_1_336' title='bbox 212 2687 299 2760; x_wconf 78' lang='grc'>72)</span> <span class='ocrx_word' id='word_1_337' title='bbox 329 2707 344 2745; x_wconf 88' lang='lat'><strong>:</strong></span> <span class='ocrx_word' id='word_1_338' title='bbox 379 2689 475 2747; x_wconf 84' lang='lat' dir='ltr'><strong>sed</strong></span> <span class='ocrx_word' id='word_1_339' title='bbox 509 2692 678 2748; x_wconf 71' lang='lat' dir='ltr'><strong>beata:</strong></span> <span class='ocrx_word' id='word_1_340' title='bbox 701 2703 862 2764; x_wconf 83' lang='lat' dir='ltr'><strong>atque</strong></span> <span class='ocrx_word' id='word_1_341' title='bbox 887 2695 1148 2752; x_wconf 73' lang='lat' dir='ltr'><strong>absoluta:</strong></span> <span class='ocrx_word' id='word_1_342' title='bbox 1175 2699 1476 2757; x_wconf 85' lang='lat' dir='ltr'><strong>divinitatis</strong></span> <span class='ocrx_word' id='word_1_343' title='bbox 1513 2702 1666 2758; x_wconf 91' lang='lat' dir='ltr'><strong>nobis</strong></span> <span class='ocrx_word' id='word_1_344' title='bbox 1699 2703 1810 2772; x_wconf 77' lang='lat' dir='ltr'><strong>glo-</strong></span> 
     </span>
    </p>
   </div>
   <div class='ocr_carea' id='block_1_44' title="bbox 209 2785 1809 2869">
    <p class='ocr_par' dir='ltr' id='par_1_44' title="bbox 209 2785 1809 2869">
     <span class='ocr_line' id='line_1_44' title="bbox 209 2785 1809 2869; baseline 0.011 -32"><span class='ocrx_word' id='word_1_345' title='bbox 209 2786 342 2839; x_wconf 84' lang='lat' dir='ltr'><strong>riam</strong></span> <span class='ocrx_word' id='word_1_346' title='bbox 399 2785 657 2857; x_wconf 87' lang='lat' dir='ltr'><strong>pandens,</strong></span> <span class='ocrx_word' id='word_1_347' title='bbox 694 2788 866 2846; x_wconf 88' lang='lat' dir='ltr'><strong>Deum</strong></span> <span class='ocrx_word' id='word_1_348' title='bbox 907 2790 957 2846; x_wconf 91' lang='lat' dir='ltr'><strong>in</strong></span> <span class='ocrx_word' id='word_1_349' title='bbox 990 2790 1074 2847; x_wconf 89' lang='lat' dir='ltr'><strong>his</strong></span> <span class='ocrx_word' id='word_1_350' title='bbox 1118 2794 1356 2850; x_wconf 86' lang='lat' dir='ltr'><strong>ostendit</strong></span> <span class='ocrx_word' id='word_1_351' title='bbox 1404 2796 1809 2869; x_wconf 83' lang='lat' dir='ltr'><strong>intelligendum</strong></span> 
     </span>
    </p>
   </div>
   <div class='ocr_carea' id='block_1_45' title="bbox 209 2883 1812 2963">
    <p class='ocr_par' dir='ltr' id='par_1_45' title="bbox 209 2883 1812 2963">
     <span class='ocr_line' id='line_1_45' title="bbox 209 2883 1812 2963; baseline 0.009 -30"><span class='ocrx_word' id='word_1_352' title='bbox 209 2891 325 2933; x_wconf 89' lang='lat' dir='ltr'><strong>esse</strong></span> <span class='ocrx_word' id='word_1_353' title='bbox 355 2894 481 2949; x_wconf 74' lang='lat' dir='ltr'><strong>qum</strong></span> <span class='ocrx_word' id='word_1_354' title='bbox 507 2896 600 2937; x_wconf 88' lang='lat' dir='ltr'><strong>sua</strong></span> <span class='ocrx_word' id='word_1_355' title='bbox 629 2891 775 2950; x_wconf 90' lang='lat' dir='ltr'><strong>sunt,</strong></span> <span class='ocrx_word' id='word_1_356' title='bbox 809 2883 860 2937; x_wconf 92' lang='lat' dir='ltr'><strong>in</strong></span> <span class='ocrx_word' id='word_1_357' title='bbox 884 2884 1100 2954; x_wconf 86' lang='lat' dir='ltr'><strong>virtute,</strong></span> <span class='ocrx_word' id='word_1_358' title='bbox 1135 2886 1186 2941; x_wconf 91' lang='lat' dir='ltr'><strong>in</strong></span> <span class='ocrx_word' id='word_1_359' title='bbox 1211 2888 1537 2956; x_wconf 73' lang='lat' dir='ltr'><strong>aeternitate,</strong></span> <span class='ocrx_word' id='word_1_360' title='bbox 1587 2891 1641 2946; x_wconf 89' lang='lat' dir='ltr'><strong>in</strong></span> <span class='ocrx_word' id='word_1_361' title='bbox 1686 2905 1812 2963; x_wconf 82' lang='lat' dir='ltr'><strong>pro-</strong></span> 
     </span>
    </p>
   </div>
   <div class='ocr_carea' id='block_1_46' title="bbox 209 2974 1810 3050">
    <p class='ocr_par' dir='ltr' id='par_1_46' title="bbox 209 2974 1810 3050">
     <span class='ocr_line' id='line_1_46' title="bbox 209 2974 1810 3050; baseline 0.009 -23"><span class='ocrx_word' id='word_1_362' title='bbox 209 2974 468 3043; x_wconf 85' lang='lat' dir='ltr'><strong>videntia,</strong></span> <span class='ocrx_word' id='word_1_363' title='bbox 517 2977 571 3032; x_wconf 92' lang='lat' dir='ltr'><strong>iu</strong></span> <span class='ocrx_word' id='word_1_364' title='bbox 624 2988 924 3048; x_wconf 81' lang='lat' dir='ltr'><strong>potestate:</strong></span> <span class='ocrx_word' id='word_1_365' title='bbox 956 2996 1060 3036; x_wconf 89' lang='lat' dir='ltr'><strong>non</strong></span> <span class='ocrx_word' id='word_1_366' title='bbox 1096 2982 1236 3050; x_wconf 84' lang='lat' dir='ltr'><strong>quod</strong></span> <span class='ocrx_word' id='word_1_367' title='bbox 1269 2981 1385 3040; x_wconf 71' lang='lat' dir='ltr'><strong>ltzec</strong></span> <span class='ocrx_word' id='word_1_368' title='bbox 1423 2984 1567 3040; x_wconf 92' lang='lat' dir='ltr'><strong>Deus</strong></span> <span class='ocrx_word' id='word_1_369' title='bbox 1606 2985 1677 3040; x_wconf 85' lang='lat' dir='ltr'><strong>ita</strong></span> <span class='ocrx_word' id='word_1_370' title='bbox 1711 2985 1810 3041; x_wconf 90' lang='lat' dir='ltr'><strong>ha-</strong></span> 
     </span>
    </p>
   </div>
   <div class='ocr_carea' id='block_1_47' title="bbox 209 3056 1808 3150">
    <p class='ocr_par' dir='ltr' id='par_1_47' title="bbox 209 3056 1808 3150">
     <span class='ocr_line' id='line_1_47' title="bbox 209 3056 1808 3150; baseline 0.008 -26"><span class='ocrx_word' id='word_1_371' title='bbox 209 3066 352 3135; x_wconf 76' lang='lat' dir='ltr'><strong>bent,</strong></span> <span class='ocrx_word' id='word_1_372' title='bbox 393 3080 663 3141; x_wconf 83' lang='lat' dir='ltr'><strong>tamquam</strong></span> <span class='ocrx_word' id='word_1_373' title='bbox 698 3056 839 3128; x_wconf 85' lang='lat' dir='ltr'><strong>aliud</strong></span> <span class='ocrx_word' id='word_1_374' title='bbox 869 3074 996 3145; x_wconf 89' lang='lat' dir='ltr'><strong>quid</strong></span> <span class='ocrx_word' id='word_1_375' title='bbox 1027 3086 1177 3130; x_wconf 80' lang='lat' dir='ltr'><strong>extra</strong></span> <span class='ocrx_word' id='word_1_376' title='bbox 1205 3077 1303 3131; x_wconf 87' lang='lat' dir='ltr'><strong>ista</strong></span> <span class='ocrx_word' id='word_1_377' title='bbox 1331 3092 1453 3133; x_wconf 89' lang='lat' dir='ltr'><strong>esse</strong></span> <span class='ocrx_word' id='word_1_378' title='bbox 1478 3077 1549 3150; x_wconf 88' lang='lat' dir='ltr'><strong>(e)</strong></span> <span class='ocrx_word' id='word_1_379' title='bbox 1578 3079 1808 3137; x_wconf 88' lang='lat' dir='ltr'><strong>creden-</strong></span> 
     </span>
    </p>
   </div>
   <div class='ocr_carea' id='block_1_48' title="bbox 209 3159 1811 3239">
    <p class='ocr_par' dir='ltr' id='par_1_48' title="bbox 209 3159 1811 3239">
     <span class='ocr_line' id='line_1_48' title="bbox 209 3159 1811 3239; baseline 0.01 -26"><span class='ocrx_word' id='word_1_380' title='bbox 209 3159 306 3214; x_wconf 88' lang='lat' dir='ltr'><strong>dus</strong></span> <span class='ocrx_word' id='word_1_381' title='bbox 354 3161 429 3217; x_wconf 82' lang='lat' dir='ltr'><strong>sit</strong></span> <span class='ocrx_word' id='word_1_382' title='bbox 477 3180 490 3216; x_wconf 93' lang='lat'>:</span> <span class='ocrx_word' id='word_1_383' title='bbox 538 3163 635 3219; x_wconf 90' lang='lat' dir='ltr'><strong>sed</strong></span> <span class='ocrx_word' id='word_1_384' title='bbox 665 3166 806 3235; x_wconf 88' lang='lat' dir='ltr'><strong>quod</strong></span> <span class='ocrx_word' id='word_1_385' title='bbox 838 3165 893 3220; x_wconf 88' lang='lat' dir='ltr'><strong>in</strong></span> <span class='ocrx_word' id='word_1_386' title='bbox 935 3166 1020 3221; x_wconf 87' lang='lat' dir='ltr'><strong>bis</strong></span> <span class='ocrx_word' id='word_1_387' title='bbox 1066 3167 1131 3223; x_wconf 85' lang='lat' dir='ltr'><strong>ad</strong></span> <span class='ocrx_word' id='word_1_388' title='bbox 1181 3168 1567 3239; x_wconf 80' lang='lat' dir='ltr'><strong>aliquantulam</strong></span> <span class='ocrx_word' id='word_1_389' title='bbox 1618 3187 1811 3229; x_wconf 89' lang='lat' dir='ltr'><strong>sensus</strong></span> 
     </span>
    </p>
   </div>
   <div class='ocr_carea' id='block_1_49' title="bbox 1917 1963 3517 2037">
    <p class='ocr_par' dir='ltr' id='par_1_49' title="bbox 1917 1963 3517 2037">
     <span class='ocr_line' id='line_1_49' title="bbox 1917 1963 3517 2037; baseline 0.006 -19"><span class='ocrx_word' id='word_1_390' title='bbox 1917 1970 2097 2019; x_wconf 86' lang='lat' dir='ltr'><strong>tamen</strong></span> <span class='ocrx_word' id='word_1_391' title='bbox 2121 1963 2203 2037; x_wconf 82' lang='lat' dir='ltr'><strong>(l)</strong></span> <span class='ocrx_word' id='word_1_392' title='bbox 2232 1965 2396 2020; x_wconf 81' lang='lat' dir='ltr'><strong>dilata</strong></span> <span class='ocrx_word' id='word_1_393' title='bbox 2423 1965 2490 2022; x_wconf 88' lang='lat' dir='ltr'><strong>ad</strong></span> <span class='ocrx_word' id='word_1_394' title='bbox 2521 1968 2789 2024; x_wconf 86' lang='lat' dir='ltr'><strong>modicum</strong></span> <span class='ocrx_word' id='word_1_395' title='bbox 2817 1968 2983 2025; x_wconf 87' lang='lat' dir='ltr'><strong>totius</strong></span> <span class='ocrx_word' id='word_1_396' title='bbox 3010 1968 3256 2026; x_wconf 85' lang='lat' dir='ltr'><strong>veritatis</strong></span> <span class='ocrx_word' id='word_1_397' title='bbox 3292 1971 3517 2028; x_wconf 90' lang='lat' dir='ltr'><strong>demon-</strong></span> 
     </span>
    </p>
   </div>
   <div class='ocr_carea' id='block_1_50' title="bbox 1914 2056 3517 2135">
    <p class='ocr_par' dir='ltr' id='par_1_50' title="bbox 1914 2056 3517 2135">
     <span class='ocr_line' id='line_1_50' title="bbox 1914 2056 3517 2135; baseline 0.004 -23"><span class='ocrx_word' id='word_1_398' title='bbox 1914 2056 2198 2125; x_wconf 88' lang='lat' dir='ltr'><strong>stratione,</strong></span> <span class='ocrx_word' id='word_1_399' title='bbox 2233 2057 2495 2131; x_wconf 74' lang='lat' dir='ltr'><strong>indulgeri</strong></span> <span class='ocrx_word' id='word_1_400' title='bbox 2547 2059 2677 2115; x_wconf 90' lang='lat' dir='ltr'><strong>mihi</strong></span> <span class='ocrx_word' id='word_1_401' title='bbox 2726 2060 2979 2116; x_wconf 80' lang='lat' dir='ltr'><strong>existimo</strong></span> <span class='ocrx_word' id='word_1_402' title='bbox 3024 2078 3130 2117; x_wconf 91' lang='lat' dir='ltr'><strong>non</strong></span> <span class='ocrx_word' id='word_1_403' title='bbox 3172 2063 3292 2119; x_wconf 90' lang='lat' dir='ltr'><strong>sine</strong></span> <span class='ocrx_word' id='word_1_404' title='bbox 3333 2064 3517 2135; x_wconf 85' lang='lat' dir='ltr'><strong>aliquo</strong></span> 
     </span>
    </p>
   </div>
   <div class='ocr_carea' id='block_1_51' title="bbox 1916 2150 3518 2227">
    <p class='ocr_par' dir='ltr' id='par_1_51' title="bbox 1916 2150 3518 2227">
     <span class='ocr_line' id='line_1_51' title="bbox 1916 2150 3518 2227; baseline 0.004 -21"><span class='ocrx_word' id='word_1_405' title='bbox 1916 2150 2038 2206; x_wconf 88' lang='lat' dir='ltr'><strong>ﬁdei</strong></span> <span class='ocrx_word' id='word_1_406' title='bbox 2067 2151 2332 2223; x_wconf 83' lang='lat' dir='ltr'><strong>profectu,</strong></span> <span class='ocrx_word' id='word_1_407' title='bbox 2361 2152 2447 2208; x_wconf 90' lang='lat' dir='ltr'><strong>his</strong></span> <span class='ocrx_word' id='word_1_408' title='bbox 2478 2153 2611 2224; x_wconf 87' lang='lat' dir='ltr'><strong>ipsis</strong></span> <span class='ocrx_word' id='word_1_409' title='bbox 2629 2153 2789 2211; x_wconf 90' lang='lat' dir='ltr'><strong>dictis</strong></span> <span class='ocrx_word' id='word_1_410' title='bbox 2818 2155 3149 2227; x_wconf 82' lang='lat' dir='ltr'><strong>evangelicis</strong></span> <span class='ocrx_word' id='word_1_411' title='bbox 3172 2166 3373 2223; x_wconf 90' lang='lat' dir='ltr'><strong>tecum,</strong></span> <span class='ocrx_word' id='word_1_412' title='bbox 3403 2156 3518 2212; x_wconf 79' lang='lat' dir='ltr'><strong>bte-</strong></span> 
     </span>
    </p>
   </div>
   <div class='ocr_carea' id='block_1_52' title="bbox 1914 2246 3514 2323">
    <p class='ocr_par' dir='ltr' id='par_1_52' title="bbox 1914 2246 3514 2323">
     <span class='ocr_line' id='line_1_52' title="bbox 1914 2246 3514 2323; baseline 0.003 -23"><span class='ocrx_word' id='word_1_413' title='bbox 1914 2246 2106 2311; x_wconf 89' lang='lat' dir='ltr'><strong>retice,</strong></span> <span class='ocrx_word' id='word_1_414' title='bbox 2160 2246 2405 2302; x_wconf 90' lang='lat' dir='ltr'><strong>luctanti.</strong></span> <span class='ocrx_word' id='word_1_415' title='bbox 2456 2246 2628 2302; x_wconf 89' lang='lat' dir='ltr'><strong>Audis</strong></span> <span class='ocrx_word' id='word_1_416' title='bbox 2671 2247 3061 2319; x_wconf 85' lang='lat' dir='ltr'><strong>professionem</strong></span> <span class='ocrx_word' id='word_1_417' title='bbox 3090 2249 3309 2305; x_wconf 89' lang='lat' dir='ltr'><strong>Domini</strong></span> <span class='ocrx_word' id='word_1_418' title='bbox 3350 2250 3514 2323; x_wconf 70' lang='lat'><strong>283</strong></span> 
     </span>
    </p>
   </div>
   <div class='ocr_carea' id='block_1_53' title="bbox 1913 2339 3515 2410">
    <p class='ocr_par' dir='ltr' id='par_1_53' title="bbox 1913 2339 3515 2410">
     <span class='ocr_line' id='line_1_53' title="bbox 1913 2339 3515 2410; baseline 0.002 -15"><span class='ocrx_word' id='word_1_419' title='bbox 1913 2339 2141 2397; x_wconf 85' lang='lat' dir='ltr'><strong>dicentis</strong></span> <span class='ocrx_word' id='word_1_420' title='bbox 2166 2358 2181 2396; x_wconf 91' lang='lat'><strong>:</strong></span> <span class='ocrx_word' id='word_1_421' title='bbox 2212 2340 2340 2396; x_wconf 68' lang='lat' dir='ltr'><strong>Haec</strong></span> <span class='ocrx_word' id='word_1_422' title='bbox 2362 2351 2437 2397; x_wconf 87' lang='lat' dir='ltr'><strong>est</strong></span> <span class='ocrx_word' id='word_1_423' title='bbox 2464 2352 2633 2398; x_wconf 88' lang='lat' dir='ltr'><strong>autem</strong></span> <span class='ocrx_word' id='word_1_424' title='bbox 2653 2345 2758 2398; x_wconf 82' lang='lat' dir='ltr'><strong>vita</strong></span> <span class='ocrx_word' id='word_1_425' title='bbox 2775 2354 2986 2410; x_wconf 76' lang='lat' dir='ltr'><strong>(eterna,</strong></span> <span class='ocrx_word' id='word_1_426' title='bbox 3004 2354 3062 2399; x_wconf 93' lang='lat' dir='ltr'><strong>ut</strong></span> <span class='ocrx_word' id='word_1_427' title='bbox 3082 2345 3247 2398; x_wconf 85' lang='lat' dir='ltr'><strong>sciant</strong></span> <span class='ocrx_word' id='word_1_428' title='bbox 3273 2354 3320 2399; x_wconf 88' lang='lat' dir='ltr'><strong>te</strong></span> <span class='ocrx_word' id='word_1_429' title='bbox 3344 2345 3515 2398; x_wconf 85' lang='lat' dir='ltr'><strong>solum</strong></span> 
     </span>
    </p>
   </div>
   <div class='ocr_carea' id='block_1_54' title="bbox 1914 2434 3514 2506">
    <p class='ocr_par' dir='ltr' id='par_1_54' title="bbox 1914 2434 3514 2506">
     <span class='ocr_line' id='line_1_54' title="bbox 1914 2434 3514 2506; baseline 0.003 -18"><span class='ocrx_word' id='word_1_430' title='bbox 1914 2448 2089 2489; x_wconf 81' lang='lat' dir='ltr'><strong>verum</strong></span> <span class='ocrx_word' id='word_1_431' title='bbox 2117 2434 2302 2504; x_wconf 85' lang='lat' dir='ltr'><strong>Deum,</strong></span> <span class='ocrx_word' id='word_1_432' title='bbox 2332 2446 2379 2491; x_wconf 87' lang='lat' dir='ltr'><strong>et</strong></span> <span class='ocrx_word' id='word_1_433' title='bbox 2399 2452 2549 2506; x_wconf 84' lang='lat' dir='ltr'><strong>quem</strong></span> <span class='ocrx_word' id='word_1_434' title='bbox 2569 2438 2752 2493; x_wconf 75' lang='lat' dir='ltr'><strong>misisti</strong></span> <span class='ocrx_word' id='word_1_435' title='bbox 2772 2436 2950 2492; x_wconf 85' lang='lat' dir='ltr'><strong>Jesum</strong></span> <span class='ocrx_word' id='word_1_436' title='bbox 2984 2435 3264 2493; x_wconf 80' lang='lat' dir='ltr'><strong>Christum.</strong></span> <span class='ocrx_word' id='word_1_437' title='bbox 3295 2436 3514 2505; x_wconf 62' lang='lat' dir='ltr'><strong>Quaero,</strong></span> 
     </span>
    </p>
   </div>
   <div class='ocr_carea' id='block_1_55' title="bbox 1906 2529 3517 2600">
    <p class='ocr_par' dir='ltr' id='par_1_55' title="bbox 1906 2529 3517 2600">
     <span class='ocr_line' id='line_1_55' title="bbox 1906 2529 3517 2600; baseline 0.001 -18"><span class='ocrx_word' id='word_1_438' title='bbox 1906 2529 2041 2600; x_wconf 84' lang='lat' dir='ltr'><strong>quid</strong></span> <span class='ocrx_word' id='word_1_439' title='bbox 2073 2529 2144 2586; x_wconf 89' lang='lat' dir='ltr'><strong>sit</strong></span> <span class='ocrx_word' id='word_1_440' title='bbox 2168 2529 2310 2600; x_wconf 88' lang='lat' dir='ltr'><strong>quod</strong></span> <span class='ocrx_word' id='word_1_441' title='bbox 2335 2545 2553 2587; x_wconf 88' lang='lat' dir='ltr'><strong>sensum</strong></span> <span class='ocrx_word' id='word_1_442' title='bbox 2597 2540 2833 2600; x_wconf 80' lang='lat' dir='ltr'><strong>moveat,</strong></span> <span class='ocrx_word' id='word_1_443' title='bbox 2867 2547 2937 2587; x_wconf 89' lang='lat' dir='ltr'><strong>ne</strong></span> <span class='ocrx_word' id='word_1_444' title='bbox 2974 2546 3136 2588; x_wconf 85' lang='lat' dir='ltr'><strong>verus</strong></span> <span class='ocrx_word' id='word_1_445' title='bbox 3186 2532 3330 2587; x_wconf 90' lang='lat' dir='ltr'><strong>Deus</strong></span> <span class='ocrx_word' id='word_1_446' title='bbox 3359 2529 3517 2587; x_wconf 78' lang='lat' dir='ltr'><strong>Chri-</strong></span> 
     </span>
    </p>
   </div>
   <div class='ocr_carea' id='block_1_56' title="bbox 1914 2621 3517 2698">
    <p class='ocr_par' dir='ltr' id='par_1_56' title="bbox 1914 2621 3517 2698">
     <span class='ocr_line' id='line_1_56' title="bbox 1914 2621 3517 2698; baseline 0 -19"><span class='ocrx_word' id='word_1_447' title='bbox 1914 2633 2030 2679; x_wconf 90' lang='lat' dir='ltr'><strong>stus</strong></span> <span class='ocrx_word' id='word_1_448' title='bbox 2059 2624 2168 2679; x_wconf 86' lang='lat' dir='ltr'><strong>sit?</strong></span> <span class='ocrx_word' id='word_1_449' title='bbox 2192 2624 2309 2680; x_wconf 88' lang='lat' dir='ltr'><strong>Non</strong></span> <span class='ocrx_word' id='word_1_450' title='bbox 2336 2623 2482 2680; x_wconf 89' lang='lat' dir='ltr'><strong>enim</strong></span> <span class='ocrx_word' id='word_1_451' title='bbox 2508 2625 2600 2680; x_wconf 88' lang='lat' dir='ltr'><strong>tibi</strong></span> <span class='ocrx_word' id='word_1_452' title='bbox 2627 2639 2768 2681; x_wconf 91' lang='lat' dir='ltr'><strong>nunc</strong></span> <span class='ocrx_word' id='word_1_453' title='bbox 2794 2625 2923 2696; x_wconf 88' lang='lat' dir='ltr'><strong>quid</strong></span> <span class='ocrx_word' id='word_1_454' title='bbox 2950 2624 3020 2682; x_wconf 89' lang='lat' dir='ltr'><strong>de</strong></span> <span class='ocrx_word' id='word_1_455' title='bbox 3045 2625 3263 2681; x_wconf 89' lang='lat' dir='ltr'><strong>Christo</strong></span> <span class='ocrx_word' id='word_1_456' title='bbox 3288 2621 3365 2698; x_wconf 86' lang='lat' dir='ltr'><strong>(h)</strong></span> <span class='ocrx_word' id='word_1_457' title='bbox 3394 2637 3517 2679; x_wconf 87' lang='lat' dir='ltr'><strong>cre-</strong></span> 
     </span>
    </p>
   </div>
   <div class='ocr_carea' id='block_1_57' title="bbox 1911 2716 3513 2791">
    <p class='ocr_par' dir='ltr' id='par_1_57' title="bbox 1911 2716 3513 2791">
     <span class='ocr_line' id='line_1_57' title="bbox 1911 2716 3513 2791; baseline 0 -18"><span class='ocrx_word' id='word_1_458' title='bbox 1911 2716 2094 2782; x_wconf 88' lang='lat' dir='ltr'><strong>deres,</strong></span> <span class='ocrx_word' id='word_1_459' title='bbox 2137 2718 2462 2790; x_wconf 87' lang='lat' dir='ltr'><strong>signiﬁcatio</strong></span> <span class='ocrx_word' id='word_1_460' title='bbox 2491 2719 2665 2791; x_wconf 90' lang='lat' dir='ltr'><strong>aliqua</strong></span> <span class='ocrx_word' id='word_1_461' title='bbox 2713 2720 2816 2776; x_wconf 89' lang='lat' dir='ltr'><strong>alia</strong></span> <span class='ocrx_word' id='word_1_462' title='bbox 2862 2719 3103 2790; x_wconf 84' lang='lat' dir='ltr'><strong>subjecta</strong></span> <span class='ocrx_word' id='word_1_463' title='bbox 3152 2718 3513 2775; x_wconf 88' lang='lat' dir='ltr'><strong>demonstrat.</strong></span> 
     </span>
    </p>
   </div>
   <div class='ocr_carea' id='block_1_58' title="bbox 1912 2811 3514 2885">
    <p class='ocr_par' dir='ltr' id='par_1_58' title="bbox 1912 2811 3514 2885">
     <span class='ocr_line' id='line_1_58' title="bbox 1912 2811 3514 2885; baseline -0.002 -17"><span class='ocrx_word' id='word_1_464' title='bbox 1912 2811 2031 2868; x_wconf 85' lang='lat' dir='ltr'><strong>Non</strong></span> <span class='ocrx_word' id='word_1_465' title='bbox 2066 2812 2231 2870; x_wconf 88' lang='lat' dir='ltr'><strong>habes</strong></span> <span class='ocrx_word' id='word_1_466' title='bbox 2261 2812 2548 2885; x_wconf 85' lang='lat' dir='ltr'><strong>quidquam</strong></span> <span class='ocrx_word' id='word_1_467' title='bbox 2594 2821 2792 2883; x_wconf 64' lang='lat' dir='ltr'><strong>praeter</strong></span> <span class='ocrx_word' id='word_1_468' title='bbox 2818 2828 2981 2885; x_wconf 88' lang='lat' dir='ltr'><strong>quam</strong></span> <span class='ocrx_word' id='word_1_469' title='bbox 3006 2812 3189 2868; x_wconf 73' lang='lat' dir='ltr'><strong>Iesum</strong></span> <span class='ocrx_word' id='word_1_470' title='bbox 3214 2811 3514 2875; x_wconf 82' lang='lat' dir='ltr'><strong>Christum;</strong></span> 
     </span>
    </p>
   </div>
   <div class='ocr_carea' id='block_1_59' title="bbox 1914 2906 3515 2974">
    <p class='ocr_par' dir='ltr' id='par_1_59' title="bbox 1914 2906 3515 2974">
     <span class='ocr_line' id='line_1_59' title="bbox 1914 2906 3515 2974; baseline -0.002 -12"><span class='ocrx_word' id='word_1_471' title='bbox 1914 2922 2021 2962; x_wconf 88' lang='lat' dir='ltr'><strong>non</strong></span> <span class='ocrx_word' id='word_1_472' title='bbox 2057 2908 2222 2964; x_wconf 79' lang='lat' dir='ltr'><strong>illium</strong></span> <span class='ocrx_word' id='word_1_473' title='bbox 2254 2907 2510 2974; x_wconf 89' lang='lat' dir='ltr'><strong>hominis,</strong></span> <span class='ocrx_word' id='word_1_474' title='bbox 2540 2917 2598 2963; x_wconf 89' lang='lat' dir='ltr'><strong>ut</strong></span> <span class='ocrx_word' id='word_1_475' title='bbox 2622 2907 2691 2964; x_wconf 93' lang='lat' dir='ltr'><strong>de</strong></span> <span class='ocrx_word' id='word_1_476' title='bbox 2718 2922 2780 2966; x_wconf 92' lang='lat' dir='ltr'><strong>se</strong></span> <span class='ocrx_word' id='word_1_477' title='bbox 2802 2908 2939 2963; x_wconf 90' lang='lat' dir='ltr'><strong>solet</strong></span> <span class='ocrx_word' id='word_1_478' title='bbox 2973 2906 3186 2971; x_wconf 87' lang='lat' dir='ltr'><strong>dicere;</strong></span> <span class='ocrx_word' id='word_1_479' title='bbox 3210 2922 3318 2963; x_wconf 92' lang='lat' dir='ltr'><strong>non</strong></span> <span class='ocrx_word' id='word_1_480' title='bbox 3343 2906 3515 2961; x_wconf 87' lang='lat' dir='ltr'><strong>ﬁlium</strong></span> 
     </span>
    </p>
   </div>
   <div class='ocr_carea' id='block_1_60' title="bbox 1915 3000 3517 3071">
    <p class='ocr_par' dir='ltr' id='par_1_60' title="bbox 1915 3000 3517 3071">
     <span class='ocr_line' id='line_1_60' title="bbox 1915 3000 3517 3071; baseline 0 -16"><span class='ocrx_word' id='word_1_481' title='bbox 1915 3000 2033 3067; x_wconf 88' lang='lat' dir='ltr'><strong>Dei,</strong></span> <span class='ocrx_word' id='word_1_482' title='bbox 2074 3011 2131 3056; x_wconf 92' lang='lat' dir='ltr'><strong>ut</strong></span> <span class='ocrx_word' id='word_1_483' title='bbox 2163 3002 2403 3071; x_wconf 85' lang='lat' dir='ltr'><strong>proﬁteri</strong></span> <span class='ocrx_word' id='word_1_484' title='bbox 2437 3001 2486 3057; x_wconf 90' lang='lat' dir='ltr'><strong>ei</strong></span> <span class='ocrx_word' id='word_1_485' title='bbox 2516 3002 2585 3058; x_wconf 91' lang='lat' dir='ltr'><strong>de</strong></span> <span class='ocrx_word' id='word_1_486' title='bbox 2609 3017 2670 3058; x_wconf 88' lang='lat' dir='ltr'><strong>se</strong></span> <span class='ocrx_word' id='word_1_487' title='bbox 2709 3002 2965 3058; x_wconf 81' lang='lat' dir='ltr'><strong>usitatum</strong></span> <span class='ocrx_word' id='word_1_488' title='bbox 2995 3012 3109 3069; x_wconf 89' lang='lat' dir='ltr'><strong>est;</strong></span> <span class='ocrx_word' id='word_1_489' title='bbox 3159 3015 3265 3056; x_wconf 92' lang='lat' dir='ltr'><strong>non</strong></span> <span class='ocrx_word' id='word_1_490' title='bbox 3288 3000 3517 3056; x_wconf 83' lang='lat' dir='ltr'><strong>descen-</strong></span> 
     </span>
    </p>
   </div>
   <div class='ocr_carea' id='block_1_61' title="bbox 1913 3092 3515 3167">
    <p class='ocr_par' dir='ltr' id='par_1_61' title="bbox 1913 3092 3515 3167">
     <span class='ocr_line' id='line_1_61' title="bbox 1913 3092 3515 3167; baseline -0.001 -18"><span class='ocrx_word' id='word_1_491' title='bbox 1913 3094 2128 3151; x_wconf 86' lang='lat' dir='ltr'><strong>dentem</strong></span> <span class='ocrx_word' id='word_1_492' title='bbox 2152 3109 2349 3167; x_wconf 85' lang='lat' dir='ltr'><strong>panem</strong></span> <span class='ocrx_word' id='word_1_493' title='bbox 2377 3096 2562 3150; x_wconf 87' lang='lat' dir='ltr'><strong>vivum</strong></span> <span class='ocrx_word' id='word_1_494' title='bbox 2589 3096 2658 3151; x_wconf 92' lang='lat' dir='ltr'><strong>de</strong></span> <span class='ocrx_word' id='word_1_495' title='bbox 2678 3094 2854 3161; x_wconf 83' lang='lat' dir='ltr'><strong>caelis,</strong></span> <span class='ocrx_word' id='word_1_496' title='bbox 2885 3094 3028 3166; x_wconf 86' lang='lat' dir='ltr'><strong>quod</strong></span> <span class='ocrx_word' id='word_1_497' title='bbox 3058 3109 3178 3150; x_wconf 91' lang='lat' dir='ltr'><strong>cum</strong></span> <span class='ocrx_word' id='word_1_498' title='bbox 3222 3092 3515 3148; x_wconf 90' lang='lat' dir='ltr'><strong>multorum</strong></span> 
     </span>
    </p>
   </div>
   <div class='ocr_carea' id='block_1_62' title="bbox 1914 3184 3516 3263">
    <p class='ocr_par' dir='ltr' id='par_1_62' title="bbox 1914 3184 3516 3263">
     <span class='ocr_line' id='line_1_62' title="bbox 1914 3184 3516 3263; baseline -0.002 -19"><span class='ocrx_word' id='word_1_499' title='bbox 1914 3187 2172 3245; x_wconf 84' lang='lat' dir='ltr'><strong>seandalo</strong></span> <span class='ocrx_word' id='word_1_500' title='bbox 2211 3188 2278 3244; x_wconf 87' lang='lat' dir='ltr'><strong>de</strong></span> <span class='ocrx_word' id='word_1_501' title='bbox 2337 3204 2396 3244; x_wconf 90' lang='lat' dir='ltr'><strong>se</strong></span> <span class='ocrx_word' id='word_1_502' title='bbox 2430 3187 2494 3263; x_wconf 72' lang='grc' dir='ltr'><strong>(ὕ)</strong></span> <span class='ocrx_word' id='word_1_503' title='bbox 2541 3188 2845 3260; x_wconf 84' lang='lat' dir='ltr'><strong>frequentat</strong></span> <span class='ocrx_word' id='word_1_504' title='bbox 2895 3187 3075 3261; x_wconf 84' lang='lat' dir='ltr'><strong>(Joan.</strong></span> <span class='ocrx_word' id='word_1_505' title='bbox 3123 3202 3200 3249; x_wconf 87' lang='lat' dir='ltr'><strong>vt,</strong></span> <span class='ocrx_word' id='word_1_506' title='bbox 3247 3186 3363 3253; x_wconf 83' lang='grc'><strong>61).</strong></span> <span class='ocrx_word' id='word_1_507' title='bbox 3408 3184 3516 3241; x_wconf 87' lang='lat' dir='ltr'><strong>Sed</strong></span> 
     </span>
    </p>
   </div>
   <div class='ocr_carea' id='block_1_63' title="bbox 210 3256 1815 3354">
    <p class='ocr_par' dir='ltr' id='par_1_63' title="bbox 210 3256 1807 3335">
     <span class='ocr_line' id='line_1_63' title="bbox 210 3256 1807 3335; baseline 0.009 -27"><span class='ocrx_word' id='word_1_508' title='bbox 210 3256 379 3310; x_wconf 88' lang='lat' dir='ltr'><strong>nostri</strong></span> <span class='ocrx_word' id='word_1_509' title='bbox 432 3256 740 3326; x_wconf 88' lang='lat' dir='ltr'><strong>opinionem</strong></span> <span class='ocrx_word' id='word_1_510' title='bbox 791 3258 1124 3329; x_wconf 76' lang='lat' dir='ltr'><strong>signiﬁcatus</strong></span> <span class='ocrx_word' id='word_1_511' title='bbox 1162 3261 1234 3316; x_wconf 90' lang='lat' dir='ltr'><strong>sit</strong></span> <span class='ocrx_word' id='word_1_512' title='bbox 1276 3264 1389 3333; x_wconf 89' lang='lat' dir='ltr'><strong>ipse</strong></span> <span class='ocrx_word' id='word_1_513' title='bbox 1428 3280 1548 3335; x_wconf 62' lang='lat' dir='ltr'><strong>quae</strong></span> <span class='ocrx_word' id='word_1_514' title='bbox 1592 3264 1807 3323; x_wconf 86' lang='lat' dir='ltr'><strong>habeat.</strong></span> 
     </span>
    </p>
   </div>
   <div class='ocr_carea' id='block_1_64' title="bbox 1925 3256 3516 3354">
    <p class='ocr_par' dir='ltr' id='par_1_64' title="bbox 1925 3278 3516 3354">
     <span class='ocr_line' id='line_1_64' title="bbox 1925 3278 3516 3354; baseline -0.003 -16"><span class='ocrx_word' id='word_1_515' title='bbox 1925 3283 2102 3339; x_wconf 85' lang='lat' dir='ltr'><strong>dicens</strong></span> <span class='ocrx_word' id='word_1_516' title='bbox 2133 3301 2146 3337; x_wconf 92' lang='lat'><strong>:</strong></span> <span class='ocrx_word' id='word_1_517' title='bbox 2180 3293 2227 3338; x_wconf 87' lang='lat' dir='ltr'><strong>te</strong></span> <span class='ocrx_word' id='word_1_518' title='bbox 2247 3284 2413 3338; x_wconf 88' lang='lat' dir='ltr'><strong>solum</strong></span> <span class='ocrx_word' id='word_1_519' title='bbox 2440 3299 2619 3338; x_wconf 81' lang='lat' dir='ltr'><strong>verum</strong></span> <span class='ocrx_word' id='word_1_520' title='bbox 2660 3280 2850 3347; x_wconf 87' lang='lat' dir='ltr'><strong>Deum,</strong></span> <span class='ocrx_word' id='word_1_521' title='bbox 2871 3292 2920 3336; x_wconf 89' lang='lat' dir='ltr'><strong>et</strong></span> <span class='ocrx_word' id='word_1_522' title='bbox 2948 3297 3096 3354; x_wconf 83' lang='lat' dir='ltr'><strong>quem</strong></span> <span class='ocrx_word' id='word_1_523' title='bbox 3124 3280 3310 3334; x_wconf 87' lang='lat' dir='ltr'><strong>misisti</strong></span> <span class='ocrx_word' id='word_1_524' title='bbox 3333 3278 3516 3353; x_wconf 72' lang='lat' dir='ltr'><strong>Iesum</strong></span> 
     </span>
    </p>
   </div>
   <div class='ocr_carea' id='block_1_65' title="bbox 210 3347 1810 3432">
    <p class='ocr_par' dir='ltr' id='par_1_65' title="bbox 210 3347 1810 3432">
     <span class='ocr_line' id='line_1_65' title="bbox 210 3347 1810 3432; baseline 0.008 -28"><span class='ocrx_word' id='word_1_525' title='bbox 210 3347 534 3422; x_wconf 76' lang='lat' dir='ltr'><strong>Unigeuitus</strong></span> <span class='ocrx_word' id='word_1_526' title='bbox 575 3351 737 3423; x_wconf 75' lang='lat' dir='ltr'><strong>igitur</strong></span> <span class='ocrx_word' id='word_1_527' title='bbox 779 3353 831 3409; x_wconf 91' lang='lat' dir='ltr'><strong>in</strong></span> <span class='ocrx_word' id='word_1_528' title='bbox 880 3354 964 3410; x_wconf 90' lang='lat' dir='ltr'><strong>his</strong></span> <span class='ocrx_word' id='word_1_529' title='bbox 993 3370 1054 3412; x_wconf 91' lang='lat' dir='ltr'><strong>se</strong></span> <span class='ocrx_word' id='word_1_530' title='bbox 1095 3354 1298 3413; x_wconf 90' lang='lat' dir='ltr'><strong>docens</strong></span> <span class='ocrx_word' id='word_1_531' title='bbox 1343 3358 1651 3417; x_wconf 84' lang='lat' dir='ltr'><strong>substitisse</strong></span> <span class='ocrx_word' id='word_1_532' title='bbox 1688 3376 1810 3432; x_wconf 83' lang='lat' dir='ltr'><strong>quae</strong></span> 
     </span>
    </p>
   </div>
   <div class='ocr_carea' id='block_1_66' title="bbox 210 3440 1808 3519">
    <p class='ocr_par' dir='ltr' id='par_1_66' title="bbox 210 3440 1808 3519">
     <span class='ocr_line' id='line_1_66' title="bbox 210 3440 1808 3519; baseline 0.008 -22"><span class='ocrx_word' id='word_1_533' title='bbox 210 3440 388 3499; x_wconf 87' lang='lat' dir='ltr'><strong>Patris</strong></span> <span class='ocrx_word' id='word_1_534' title='bbox 432 3456 579 3511; x_wconf 89' lang='lat' dir='ltr'><strong>sunt,</strong></span> <span class='ocrx_word' id='word_1_535' title='bbox 627 3461 748 3503; x_wconf 90' lang='lat' dir='ltr'><strong>cum</strong></span> <span class='ocrx_word' id='word_1_536' title='bbox 800 3462 866 3504; x_wconf 78' lang='lat' dir='ltr'><strong>ex</strong></span> <span class='ocrx_word' id='word_1_537' title='bbox 917 3463 976 3503; x_wconf 88' lang='lat' dir='ltr'><strong>se</strong></span> <span class='ocrx_word' id='word_1_538' title='bbox 1020 3458 1356 3519; x_wconf 82' lang='lat' dir='ltr'><strong>sumpturum</strong></span> <span class='ocrx_word' id='word_1_539' title='bbox 1403 3465 1525 3508; x_wconf 87' lang='lat' dir='ltr'><strong>esse</strong></span> <span class='ocrx_word' id='word_1_540' title='bbox 1564 3464 1808 3509; x_wconf 89' lang='lat' dir='ltr'><strong>sanctum</strong></span> 
     </span>
    </p>
   </div>
   <div class='ocr_carea' id='block_1_67' title="bbox 208 3537 1807 3620">
    <p class='ocr_par' dir='ltr' id='par_1_67' title="bbox 208 3537 1807 3620">
     <span class='ocr_line' id='line_1_67' title="bbox 208 3537 1807 3620; baseline 0.007 -25"><span class='ocrx_word' id='word_1_541' title='bbox 208 3537 474 3610; x_wconf 76' lang='lat' dir='ltr'><strong>Spiritum</strong></span> <span class='ocrx_word' id='word_1_542' title='bbox 522 3539 767 3609; x_wconf 79' lang='lat' dir='ltr'><strong>dixisset,</strong></span> <span class='ocrx_word' id='word_1_543' title='bbox 821 3544 1019 3615; x_wconf 77' lang='lat' dir='ltr'><strong>adjecit</strong></span> <span class='ocrx_word' id='word_1_544' title='bbox 1048 3565 1061 3602; x_wconf 91' lang='lat'><strong>:</strong></span> <span class='ocrx_word' id='word_1_545' title='bbox 1097 3545 1284 3602; x_wconf 84' lang='lat' dir='ltr'><strong>Omnia</strong></span> <span class='ocrx_word' id='word_1_546' title='bbox 1309 3565 1423 3618; x_wconf 67' lang='lat' dir='ltr'><strong>quia</strong></span> <span class='ocrx_word' id='word_1_547' title='bbox 1468 3548 1639 3605; x_wconf 84' lang='lat' dir='ltr'><strong>Patris</strong></span> <span class='ocrx_word' id='word_1_548' title='bbox 1668 3561 1807 3620; x_wconf 88' lang='lat' dir='ltr'><strong>sunt,</strong></span> 
     </span>
    </p>
   </div>
   <div class='ocr_carea' id='block_1_68' title="bbox 208 3637 1812 3715">
    <p class='ocr_par' dir='ltr' id='par_1_68' title="bbox 208 3637 1812 3715">
     <span class='ocr_line' id='line_1_68' title="bbox 208 3637 1812 3715; baseline 0.011 -31"><span class='ocrx_word' id='word_1_549' title='bbox 208 3648 318 3687; x_wconf 85' lang='lat' dir='ltr'><strong>mea</strong></span> <span class='ocrx_word' id='word_1_550' title='bbox 345 3641 510 3699; x_wconf 85' lang='lat' dir='ltr'><strong>sunt;</strong></span> <span class='ocrx_word' id='word_1_551' title='bbox 532 3644 801 3702; x_wconf 81' lang='lat' dir='ltr'><strong>propterea</strong></span> <span class='ocrx_word' id='word_1_552' title='bbox 817 3637 945 3703; x_wconf 72' lang='lat' dir='ltr'><strong>dixi,</strong></span> <span class='ocrx_word' id='word_1_553' title='bbox 979 3638 1042 3692; x_wconf 87' lang='lat' dir='ltr'><strong>de</strong></span> <span class='ocrx_word' id='word_1_554' title='bbox 1068 3654 1178 3693; x_wconf 89' lang='lat' dir='ltr'><strong>meo</strong></span> <span class='ocrx_word' id='word_1_555' title='bbox 1200 3641 1411 3708; x_wconf 77' lang='lat' dir='ltr'><strong>accipiet</strong></span> <span class='ocrx_word' id='word_1_556' title='bbox 1439 3641 1652 3715; x_wconf 82' lang='lat' dir='ltr'><strong>(Ibid.).</strong></span> <span class='ocrx_word' id='word_1_557' title='bbox 1681 3643 1812 3700; x_wconf 54' lang='lat' dir='ltr'><strong>Om.</strong></span> 
     </span>
    </p>
   </div>
   <div class='ocr_carea' id='block_1_69' title="bbox 208 3724 1816 3809">
    <p class='ocr_par' dir='ltr' id='par_1_69' title="bbox 208 3724 1816 3809">
     <span class='ocr_line' id='line_1_69' title="bbox 208 3724 1816 3809; baseline 0.011 -30"><span class='ocrx_word' id='word_1_558' title='bbox 208 3724 290 3779; x_wconf 62' lang='lat' dir='ltr'><strong>nia</strong></span> <span class='ocrx_word' id='word_1_559' title='bbox 340 3741 472 3798; x_wconf 68' lang='lat' dir='ltr'><strong>quae</strong></span> <span class='ocrx_word' id='word_1_560' title='bbox 520 3726 695 3784; x_wconf 88' lang='lat' dir='ltr'><strong>Patris</strong></span> <span class='ocrx_word' id='word_1_561' title='bbox 739 3739 883 3793; x_wconf 86' lang='lat' dir='ltr'><strong>sunt,</strong></span> <span class='ocrx_word' id='word_1_562' title='bbox 934 3746 1028 3787; x_wconf 89' lang='lat' dir='ltr'><strong>sua</strong></span> <span class='ocrx_word' id='word_1_563' title='bbox 1075 3744 1219 3799; x_wconf 91' lang='lat' dir='ltr'><strong>sunt,</strong></span> <span class='ocrx_word' id='word_1_564' title='bbox 1271 3735 1468 3791; x_wconf 88' lang='lat' dir='ltr'><strong>tradita</strong></span> <span class='ocrx_word' id='word_1_565' title='bbox 1518 3738 1706 3809; x_wconf 85' lang='lat' dir='ltr'><strong>utique</strong></span> <span class='ocrx_word' id='word_1_566' title='bbox 1759 3748 1816 3796; x_wconf 91' lang='lat' dir='ltr'><strong>et</strong></span> 
     </span>
    </p>
   </div>
   <div class='ocr_carea' id='block_1_70' title="bbox 207 3819 1814 3903">
    <p class='ocr_par' dir='ltr' id='par_1_70' title="bbox 207 3819 1814 3903">
     <span class='ocr_line' id='line_1_70' title="bbox 207 3819 1814 3903; baseline 0.011 -33"><span class='ocrx_word' id='word_1_567' title='bbox 207 3828 454 3889; x_wconf 87' lang='lat' dir='ltr'><strong>accepta.</strong></span> <span class='ocrx_word' id='word_1_568' title='bbox 487 3819 591 3877; x_wconf 87' lang='lat' dir='ltr'><strong>Sed</strong></span> <span class='ocrx_word' id='word_1_569' title='bbox 622 3820 745 3877; x_wconf 87' lang='lat' dir='ltr'><strong>data</strong></span> <span class='ocrx_word' id='word_1_570' title='bbox 776 3838 882 3879; x_wconf 92' lang='lat' dir='ltr'><strong>non</strong></span> <span class='ocrx_word' id='word_1_571' title='bbox 912 3824 1186 3882; x_wconf 86' lang='lat' dir='ltr'><strong>inﬁrmant</strong></span> <span class='ocrx_word' id='word_1_572' title='bbox 1209 3825 1280 3900; x_wconf 76' lang='lat' dir='ltr'><strong>(f)</strong></span> <span class='ocrx_word' id='word_1_573' title='bbox 1310 3828 1668 3899; x_wconf 65' lang='lat' dir='ltr'><strong>divinitatem,</strong></span> <span class='ocrx_word' id='word_1_574' title='bbox 1693 3848 1814 3903; x_wconf 73' lang='lat' dir='ltr'><strong>qua:</strong></span> 
     </span>
    </p>
   </div>
   <div class='ocr_carea' id='block_1_71' title="bbox 208 3910 1591 3990">
    <p class='ocr_par' dir='ltr' id='par_1_71' title="bbox 208 3910 1591 3990">
     <span class='ocr_line' id='line_1_71' title="bbox 208 3910 1591 3990; baseline 0.009 -25"><span class='ocrx_word' id='word_1_575' title='bbox 208 3910 257 3966; x_wconf 92' lang='lat' dir='ltr'><strong>in</strong></span> <span class='ocrx_word' id='word_1_576' title='bbox 286 3911 377 3969; x_wconf 87' lang='lat' dir='ltr'><strong>his</strong></span> <span class='ocrx_word' id='word_1_577' title='bbox 413 3927 533 3989; x_wconf 91' lang='lat' dir='ltr'><strong>eum</strong></span> <span class='ocrx_word' id='word_1_578' title='bbox 566 3916 902 3973; x_wconf 86' lang='lat' dir='ltr'><strong>constituunt</strong></span> <span class='ocrx_word' id='word_1_579' title='bbox 926 3933 1046 3974; x_wconf 89' lang='lat' dir='ltr'><strong>esse</strong></span> <span class='ocrx_word' id='word_1_580' title='bbox 1076 3921 1269 3990; x_wconf 83' lang='lat' dir='ltr'><strong>quibus</strong></span> <span class='ocrx_word' id='word_1_581' title='bbox 1298 3922 1458 3979; x_wconf 86' lang='lat' dir='ltr'><strong>Pater</strong></span> <span class='ocrx_word' id='word_1_582' title='bbox 1486 3931 1591 3979; x_wconf 89' lang='lat' dir='ltr'><strong>est.</strong></span> 
     </span>
    </p>
   </div>
   <div class='ocr_carea' id='block_1_72' title="bbox 275 4006 1815 4088">
    <p class='ocr_par' dir='ltr' id='par_1_72' title="bbox 275 4006 1815 4088">
     <span class='ocr_line' id='line_1_72' title="bbox 275 4006 1815 4088; baseline 0.009 -27"><span class='ocrx_word' id='word_1_583' title='bbox 275 4006 369 4063; x_wconf 74' lang='lat'><strong>52.</strong></span> <span class='ocrx_word' id='word_1_584' title='bbox 423 4006 793 4078; x_wconf 85' lang='lat' dir='ltr'><strong>lnseparabilis</strong></span> <span class='ocrx_word' id='word_1_585' title='bbox 838 4021 913 4067; x_wconf 87' lang='lat' dir='ltr'><strong>est</strong></span> <span class='ocrx_word' id='word_1_586' title='bbox 938 4030 970 4066; x_wconf 90' lang='lat' dir='ltr'><strong>a</strong></span> <span class='ocrx_word' id='word_1_587' title='bbox 1015 4012 1193 4069; x_wconf 82' lang='lat' dir='ltr'><strong>Patre.</strong></span> <span class='ocrx_word' id='word_1_588' title='bbox 1221 4044 1295 4056; x_wconf 90' lang='lat'><strong>——</strong></span> <span class='ocrx_word' id='word_1_589' title='bbox 1321 4015 1416 4071; x_wconf 84' lang='lat' dir='ltr'><strong>His</strong></span> <span class='ocrx_word' id='word_1_590' title='bbox 1465 4018 1628 4088; x_wconf 84' lang='lat' dir='ltr'><strong>igitur</strong></span> <span class='ocrx_word' id='word_1_591' title='bbox 1673 4035 1815 4079; x_wconf 89' lang='lat' dir='ltr'><strong>nunc</strong></span> 
     </span>
    </p>
   </div>
   <div class='ocr_carea' id='block_1_73' title="bbox 204 4098 1814 4180">
    <p class='ocr_par' dir='ltr' id='par_1_73' title="bbox 204 4098 1814 4180">
     <span class='ocr_line' id='line_1_73' title="bbox 204 4098 1814 4180; baseline 0.009 -26"><span class='ocrx_word' id='word_1_592' title='bbox 204 4099 467 4169; x_wconf 76' lang='lat' dir='ltr'><strong>gradibus</strong></span> <span class='ocrx_word' id='word_1_593' title='bbox 495 4098 787 4171; x_wconf 63' lang='lat' dir='ltr'><strong>praemissa:</strong></span> <span class='ocrx_word' id='word_1_594' title='bbox 824 4104 893 4161; x_wconf 93' lang='lat' dir='ltr'><strong>de</strong></span> <span class='ocrx_word' id='word_1_595' title='bbox 922 4122 983 4162; x_wconf 89' lang='lat' dir='ltr'><strong>se</strong></span> <span class='ocrx_word' id='word_1_596' title='bbox 1030 4107 1401 4180; x_wconf 72' lang='lat' dir='ltr'><strong>intelligentiae</strong></span> <span class='ocrx_word' id='word_1_597' title='bbox 1446 4125 1578 4167; x_wconf 86' lang='lat' dir='ltr'><strong>usus</strong></span> <span class='ocrx_word' id='word_1_598' title='bbox 1606 4123 1710 4180; x_wconf 90' lang='lat' dir='ltr'><strong>est,</strong></span> <span class='ocrx_word' id='word_1_599' title='bbox 1757 4124 1814 4169; x_wconf 90' lang='lat' dir='ltr'><strong>ut</strong></span> 
     </span>
    </p>
   </div>
   <div class='ocr_carea' id='block_1_74' title="bbox 207 4196 1814 4274">
    <p class='ocr_par' dir='ltr' id='par_1_74' title="bbox 207 4196 1814 4274">
     <span class='ocr_line' id='line_1_74' title="bbox 207 4196 1814 4274; baseline 0.007 -25"><span class='ocrx_word' id='word_1_600' title='bbox 207 4208 324 4249; x_wconf 90' lang='lat' dir='ltr'><strong>cum</strong></span> <span class='ocrx_word' id='word_1_601' title='bbox 380 4209 446 4251; x_wconf 88' lang='lat' dir='ltr'><strong>se</strong></span> <span class='ocrx_word' id='word_1_602' title='bbox 490 4211 518 4248; x_wconf 85' lang='lat' dir='ltr'><strong>a</strong></span> <span class='ocrx_word' id='word_1_603' title='bbox 550 4196 661 4252; x_wconf 89' lang='lat' dir='ltr'><strong>Deo</strong></span> <span class='ocrx_word' id='word_1_604' title='bbox 688 4198 865 4254; x_wconf 77' lang='lat' dir='ltr'><strong>exisse</strong></span> <span class='ocrx_word' id='word_1_605' title='bbox 911 4199 1207 4268; x_wconf 83' lang='lat' dir='ltr'><strong>doeuisset,</strong></span> <span class='ocrx_word' id='word_1_606' title='bbox 1240 4218 1533 4274; x_wconf 87' lang='lat' dir='ltr'><strong>secumque</strong></span> <span class='ocrx_word' id='word_1_607' title='bbox 1559 4219 1679 4261; x_wconf 88' lang='lat' dir='ltr'><strong>csse</strong></span> <span class='ocrx_word' id='word_1_608' title='bbox 1709 4205 1814 4260; x_wconf 83' lang='lat' dir='ltr'><strong>Pa-</strong></span> 
     </span>
    </p>
   </div>
   <div class='ocr_carea' id='block_1_75' title="bbox 208 4290 1810 4365">
    <p class='ocr_par' dir='ltr' id='par_1_75' title="bbox 208 4290 1810 4365">
     <span class='ocr_line' id='line_1_75' title="bbox 208 4290 1810 4365; baseline 0.007 -22"><span class='ocrx_word' id='word_1_609' title='bbox 208 4299 340 4346; x_wconf 86' lang='lat' dir='ltr'><strong>trem</strong></span> <span class='ocrx_word' id='word_1_610' title='bbox 381 4290 657 4359; x_wconf 62' lang='lat' dir='ltr'><strong>prolessus</strong></span> <span class='ocrx_word' id='word_1_611' title='bbox 685 4304 850 4359; x_wconf 77' lang='lat' dir='ltr'><strong>esset,</strong></span> <span class='ocrx_word' id='word_1_612' title='bbox 878 4309 1046 4365; x_wconf 82' lang='lat' dir='ltr'><strong>seque</strong></span> <span class='ocrx_word' id='word_1_613' title='bbox 1074 4294 1330 4351; x_wconf 90' lang='lat' dir='ltr'><strong>mundum</strong></span> <span class='ocrx_word' id='word_1_614' title='bbox 1361 4296 1553 4353; x_wconf 77' lang='lat' dir='ltr'><strong>vicisse</strong></span> <span class='ocrx_word' id='word_1_615' title='bbox 1585 4306 1810 4354; x_wconf 88' lang='lat' dir='ltr'><strong>testatus</strong></span> 
     </span>
    </p>
   </div>
   <div class='ocr_carea' id='block_1_76' title="bbox 206 4384 1811 4461">
    <p class='ocr_par' dir='ltr' id='par_1_76' title="bbox 206 4384 1811 4461">
     <span class='ocr_line' id='line_1_76' title="bbox 206 4384 1811 4461; baseline 0.007 -23"><span class='ocrx_word' id='word_1_616' title='bbox 206 4395 349 4439; x_wconf 86' lang='lat' dir='ltr'><strong>esset</strong></span> <span class='ocrx_word' id='word_1_617' title='bbox 382 4384 566 4459; x_wconf 85' lang='lat' dir='ltr'><strong>(Joau.</strong></span> <span class='ocrx_word' id='word_1_618' title='bbox 599 4403 708 4451; x_wconf 79' lang='lat' dir='ltr'><strong>xvi.</strong></span> <span class='ocrx_word' id='word_1_619' title='bbox 738 4387 828 4453; x_wconf 71' lang='lat'><strong>28,</strong></span> <span class='ocrx_word' id='word_1_620' title='bbox 864 4389 954 4455; x_wconf 77' lang='grc'><strong>52,</strong></span> <span class='ocrx_word' id='word_1_621' title='bbox 988 4388 1103 4461; x_wconf 77' lang='grc'>55),</span> <span class='ocrx_word' id='word_1_622' title='bbox 1131 4400 1185 4446; x_wconf 89' lang='lat' dir='ltr'><strong>et</strong></span> <span class='ocrx_word' id='word_1_623' title='bbox 1216 4390 1562 4448; x_wconf 76' lang='lat' dir='ltr'><strong>honorandus</strong></span> <span class='ocrx_word' id='word_1_624' title='bbox 1589 4409 1616 4448; x_wconf 92' lang='lat' dir='ltr'><strong>a</strong></span> <span class='ocrx_word' id='word_1_625' title='bbox 1654 4394 1811 4451; x_wconf 87' lang='lat' dir='ltr'><strong>Patre</strong></span> 
     </span>
    </p>
   </div>
   <div class='ocr_carea' id='block_1_77' title="bbox 207 4479 1812 4556">
    <p class='ocr_par' dir='ltr' id='par_1_77' title="bbox 207 4479 1812 4556">
     <span class='ocr_line' id='line_1_77' title="bbox 207 4479 1812 4556; baseline 0.007 -22"><span class='ocrx_word' id='word_1_626' title='bbox 207 4479 428 4535; x_wconf 71' lang='lat' dir='ltr'><strong>Patrem</strong></span> <span class='ocrx_word' id='word_1_627' title='bbox 473 4490 619 4537; x_wconf 57' lang='lat' dir='ltr'><strong>esset</strong></span> <span class='ocrx_word' id='word_1_628' title='bbox 666 4482 1044 4547; x_wconf 83' lang='lat' dir='ltr'><strong>honoraturus,</strong></span> <span class='ocrx_word' id='word_1_629' title='bbox 1092 4493 1147 4539; x_wconf 92' lang='lat' dir='ltr'><strong>et</strong></span> <span class='ocrx_word' id='word_1_630' title='bbox 1193 4495 1416 4556; x_wconf 88' lang='lat' dir='ltr'><strong>accepta</strong></span> <span class='ocrx_word' id='word_1_631' title='bbox 1457 4495 1726 4556; x_wconf 86' lang='lat' dir='ltr'><strong>potestate</strong></span> <span class='ocrx_word' id='word_1_632' title='bbox 1755 4487 1812 4545; x_wconf 90' lang='lat' dir='ltr'><strong>in</strong></span> 
     </span>
    </p>
   </div>
   <div class='ocr_carea' id='block_1_78' title="bbox 207 4573 1813 4654">
    <p class='ocr_par' dir='ltr' id='par_1_78' title="bbox 207 4573 1813 4654">
     <span class='ocr_line' id='line_1_78' title="bbox 207 4573 1813 4654; baseline 0.008 -26"><span class='ocrx_word' id='word_1_633' title='bbox 207 4573 384 4631; x_wconf 85' lang='lat' dir='ltr'><strong>danda</strong></span> <span class='ocrx_word' id='word_1_634' title='bbox 420 4577 685 4633; x_wconf 65' lang='lat' dir='ltr'><strong>universa:</strong></span> <span class='ocrx_word' id='word_1_635' title='bbox 711 4579 861 4633; x_wconf 89' lang='lat' dir='ltr'><strong>carni</strong></span> <span class='ocrx_word' id='word_1_636' title='bbox 889 4578 1011 4633; x_wconf 75' lang='lat' dir='ltr'><strong>vita:</strong></span> <span class='ocrx_word' id='word_1_637' title='bbox 1050 4580 1352 4637; x_wconf 73' lang='lat' dir='ltr'><strong>mtcrnitate</strong></span> <span class='ocrx_word' id='word_1_638' title='bbox 1396 4594 1542 4639; x_wconf 86' lang='lat' dir='ltr'><strong>esset</strong></span> <span class='ocrx_word' id='word_1_639' title='bbox 1591 4599 1813 4654; x_wconf 87' lang='lat' dir='ltr'><strong>usurus,</strong></span> 
     </span>
    </p>
   </div>
   <div class='ocr_carea' id='block_1_79' title="bbox 280 4698 1380 4792">
    <p class='ocr_par' dir='ltr' id='par_1_79' title="bbox 280 4698 1380 4792">
     <span class='ocr_line' id='line_1_79' title="bbox 280 4698 1380 4792; baseline 0.003 -20"><span class='ocrx_word' id='word_1_640' title='bbox 280 4716 361 4792; x_wconf 86' lang='lat' dir='ltr'><strong>(t)</strong></span> <span class='ocrx_word' id='word_1_641' title='bbox 402 4716 460 4772; x_wconf 86' lang='lat' dir='ltr'><strong>lu</strong></span> <span class='ocrx_word' id='word_1_642' title='bbox 488 4698 578 4773; x_wconf 83' lang='lat' dir='ltr'><strong>edi</strong></span> <span class='ocrx_word' id='word_1_643' title='bbox 604 4717 728 4774; x_wconf 80' lang='lat' dir='ltr'><strong>iane</strong></span> <span class='ocrx_word' id='word_1_644' title='bbox 754 4719 1116 4790; x_wconf 63' lang='lat' dir='ltr'><strong>praecedente,</strong></span> <span class='ocrx_word' id='word_1_645' title='bbox 1144 4719 1380 4776; x_wconf 85' lang='lat' dir='ltr'><strong>dilatata.</strong></span> 
     </span>
    </p>
   </div>
   <div class='ocr_carea' id='block_1_80' title="bbox 1916 3373 3518 3450">
    <p class='ocr_par' dir='ltr' id='par_1_80' title="bbox 1916 3373 3518 3450">
     <span class='ocr_line' id='line_1_80' title="bbox 1916 3373 3518 3450; baseline -0.004 -18"><span class='ocrx_word' id='word_1_646' title='bbox 1916 3374 2177 3432; x_wconf 84' lang='lat' dir='ltr'><strong>Christum</strong></span> <span class='ocrx_word' id='word_1_647' title='bbox 2225 3374 2404 3449; x_wconf 83' lang='lat' dir='ltr'><strong>(Joau.</strong></span> <span class='ocrx_word' id='word_1_648' title='bbox 2459 3393 2593 3443; x_wconf 82' lang='lat' dir='ltr'><strong>xvu,</strong></span> <span class='ocrx_word' id='word_1_649' title='bbox 2625 3374 2704 3450; x_wconf 73' lang='grc' dir='ltr'><strong>ὅ),</strong></span> <span class='ocrx_word' id='word_1_650' title='bbox 2749 3390 2965 3431; x_wconf 91' lang='lat' dir='ltr'><strong>omnem</strong></span> <span class='ocrx_word' id='word_1_651' title='bbox 3017 3373 3409 3445; x_wconf 76' lang='lat' dir='ltr'><strong>prmnominum</strong></span> <span class='ocrx_word' id='word_1_652' title='bbox 3460 3381 3518 3427; x_wconf 87' lang='lat' dir='ltr'><strong>et</strong></span> 
     </span>
    </p>
   </div>
   <div class='ocr_carea' id='block_1_81' title="bbox 1917 3467 3518 3538">
    <p class='ocr_par' dir='ltr' id='par_1_81' title="bbox 1917 3467 3518 3538">
     <span class='ocr_line' id='line_1_81' title="bbox 1917 3467 3518 3538; baseline -0.001 -16"><span class='ocrx_word' id='word_1_653' title='bbox 1917 3468 2296 3538; x_wconf 82' lang='lat' dir='ltr'><strong>cognominum</strong></span> <span class='ocrx_word' id='word_1_654' title='bbox 2322 3484 2565 3535; x_wconf 89' lang='lat' dir='ltr'><strong>suorum,</strong></span> <span class='ocrx_word' id='word_1_655' title='bbox 2594 3469 2680 3525; x_wconf 87' lang='lat' dir='ltr'><strong>vel</strong></span> <span class='ocrx_word' id='word_1_656' title='bbox 2707 3467 3059 3534; x_wconf 88' lang='lat' dir='ltr'><strong>naturalium,</strong></span> <span class='ocrx_word' id='word_1_657' title='bbox 3082 3467 3168 3522; x_wconf 88' lang='lat' dir='ltr'><strong>vel</strong></span> <span class='ocrx_word' id='word_1_658' title='bbox 3210 3473 3518 3535; x_wconf 87' lang='lat' dir='ltr'><strong>assumpto-</strong></span> 
     </span>
    </p>
   </div>
   <div class='ocr_carea' id='block_1_82' title="bbox 1917 3558 3518 3635">
    <p class='ocr_par' dir='ltr' id='par_1_82' title="bbox 1917 3558 3518 3635">
     <span class='ocr_line' id='line_1_82' title="bbox 1917 3558 3518 3635; baseline -0.001 -20"><span class='ocrx_word' id='word_1_659' title='bbox 1917 3575 2036 3615; x_wconf 89' lang='lat' dir='ltr'><strong>rum</strong></span> <span class='ocrx_word' id='word_1_660' title='bbox 2083 3561 2529 3618; x_wconf 86' lang='lat' dir='ltr'><strong>consuetudinem</strong></span> <span class='ocrx_word' id='word_1_661' title='bbox 2578 3561 3059 3635; x_wconf 69' lang='lat' dir='ltr'><strong>prmtermisitmt</strong></span> <span class='ocrx_word' id='word_1_662' title='bbox 3105 3574 3227 3616; x_wconf 89' lang='lat' dir='ltr'><strong>cum</strong></span> <span class='ocrx_word' id='word_1_663' title='bbox 3256 3558 3518 3615; x_wconf 76' lang='lat' dir='ltr'><strong>conﬁten~</strong></span> 
     </span>
    </p>
   </div>
   <div class='ocr_carea' id='block_1_83' title="bbox 1917 3652 3516 3712">
    <p class='ocr_par' dir='ltr' id='par_1_83' title="bbox 1917 3652 3516 3712">
     <span class='ocr_line' id='line_1_83' title="bbox 1917 3652 3516 3712; baseline -0.002 -4"><span class='ocrx_word' id='word_1_664' title='bbox 1917 3652 2016 3709; x_wconf 90' lang='lat' dir='ltr'><strong>dtts</strong></span> <span class='ocrx_word' id='word_1_665' title='bbox 2047 3654 2195 3709; x_wconf 90' lang='lat' dir='ltr'><strong>solus</strong></span> <span class='ocrx_word' id='word_1_666' title='bbox 2227 3670 2388 3711; x_wconf 90' lang='lat' dir='ltr'><strong>verus</strong></span> <span class='ocrx_word' id='word_1_667' title='bbox 2428 3655 2573 3712; x_wconf 88' lang='lat' dir='ltr'><strong>Deus</strong></span> <span class='ocrx_word' id='word_1_668' title='bbox 2597 3664 2655 3711; x_wconf 90' lang='lat' dir='ltr'><strong>et</strong></span> <span class='ocrx_word' id='word_1_669' title='bbox 2677 3653 2929 3711; x_wconf 87' lang='lat' dir='ltr'><strong>Christus</strong></span> <span class='ocrx_word' id='word_1_670' title='bbox 2956 3652 3114 3710; x_wconf 70' lang='lat' dir='ltr'><strong>Iesus</strong></span> <span class='ocrx_word' id='word_1_671' title='bbox 3157 3652 3516 3709; x_wconf 67' lang='lat' dir='ltr'><strong>aeternitatem</strong></span> 
     </span>
    </p>
   </div>
   <div class='ocr_carea' id='block_1_84' title="bbox 1918 3746 3520 3820">
    <p class='ocr_par' dir='ltr' id='par_1_84' title="bbox 1918 3746 3520 3820">
     <span class='ocr_line' id='line_1_84' title="bbox 1918 3746 3520 3820; baseline -0.002 -16"><span class='ocrx_word' id='word_1_672' title='bbox 1918 3759 2257 3820; x_wconf 70' lang='lat' dir='ltr'><strong>prtestarettt,</strong></span> <span class='ocrx_word' id='word_1_673' title='bbox 2305 3750 2423 3806; x_wconf 87' lang='lat' dir='ltr'><strong>sine</strong></span> <span class='ocrx_word' id='word_1_674' title='bbox 2459 3750 2625 3806; x_wconf 89' lang='lat' dir='ltr'><strong>dubio</strong></span> <span class='ocrx_word' id='word_1_675' title='bbox 2672 3751 2723 3805; x_wconf 91' lang='lat' dir='ltr'><strong>in</strong></span> <span class='ocrx_word' id='word_1_676' title='bbox 2772 3765 2835 3805; x_wconf 90' lang='lat' dir='ltr'><strong>ea</strong></span> <span class='ocrx_word' id='word_1_677' title='bbox 2874 3746 3032 3806; x_wconf 72' lang='lat' dir='ltr'><strong>Iesus</strong></span> <span class='ocrx_word' id='word_1_678' title='bbox 3075 3746 3325 3803; x_wconf 87' lang='lat' dir='ltr'><strong>Christus</strong></span> <span class='ocrx_word' id='word_1_679' title='bbox 3369 3752 3520 3802; x_wconf 87' lang='lat' dir='ltr'><strong>esset</strong></span> 
     </span>
    </p>
   </div>
   <div class='ocr_carea' id='block_1_85' title="bbox 1918 3841 2767 3914">
    <p class='ocr_par' dir='ltr' id='par_1_85' title="bbox 1918 3841 2767 3914">
     <span class='ocr_line' id='line_1_85' title="bbox 1918 3841 2767 3914; baseline 0 -18"><span class='ocrx_word' id='word_1_680' title='bbox 1918 3841 2331 3913; x_wconf 77' lang='lat' dir='ltr'><strong>signiﬁcatione,</strong></span> <span class='ocrx_word' id='word_1_681' title='bbox 2364 3859 2464 3914; x_wconf 86' lang='lat' dir='ltr'><strong>qua</strong></span> <span class='ocrx_word' id='word_1_682' title='bbox 2491 3844 2634 3898; x_wconf 91' lang='lat' dir='ltr'><strong>Dens</strong></span> <span class='ocrx_word' id='word_1_683' title='bbox 2663 3851 2767 3898; x_wconf 87' lang='lat' dir='ltr'><strong>est.</strong></span> 
     </span>
    </p>
   </div>
   <div class='ocr_carea' id='block_1_86' title="bbox 1989 3929 3513 4008">
    <p class='ocr_par' dir='ltr' id='par_1_86' title="bbox 1989 3929 3513 4008">
     <span class='ocr_line' id='line_1_86' title="bbox 1989 3929 3513 4008; baseline -0.005 -17"><span class='ocrx_word' id='word_1_684' title='bbox 1989 3934 2079 3991; x_wconf 73' lang='lat'><strong>54.</strong></span> <span class='ocrx_word' id='word_1_685' title='bbox 2131 3934 2244 3990; x_wconf 79' lang='lat' dir='ltr'><strong>Nec</strong></span> <span class='ocrx_word' id='word_1_686' title='bbox 2287 3944 2539 4008; x_wconf 85' lang='lat' dir='ltr'><strong>repugnat</strong></span> <span class='ocrx_word' id='word_1_687' title='bbox 2571 3934 2709 4004; x_wconf 86' lang='lat' dir='ltr'><strong>quod</strong></span> <span class='ocrx_word' id='word_1_688' title='bbox 2754 3933 2914 3988; x_wconf 86' lang='lat' dir='ltr'><strong>Pater</strong></span> <span class='ocrx_word' id='word_1_689' title='bbox 2938 3932 3150 3988; x_wconf 80' lang='lat' dir='ltr'><strong>dicatur</strong></span> <span class='ocrx_word' id='word_1_690' title='bbox 3174 3929 3317 3986; x_wconf 78' lang='lat' dir='ltr'><strong>solus</strong></span> <span class='ocrx_word' id='word_1_691' title='bbox 3342 3944 3513 3985; x_wconf 75' lang='lat' dir='ltr'><strong>verus.</strong></span> 
     </span>
    </p>
   </div>
   <div class='ocr_carea' id='block_1_87' title="bbox 1915 4025 3515 4099">
    <p class='ocr_par' dir='ltr' id='par_1_87' title="bbox 1915 4025 3515 4099">
     <span class='ocr_line' id='line_1_87' title="bbox 1915 4025 3515 4099; baseline -0.003 -15"><span class='ocrx_word' id='word_1_692' title='bbox 1915 4058 1989 4070; x_wconf 88' lang='lat'><strong><em>—</em></strong></span> <span class='ocrx_word' id='word_1_693' title='bbox 2028 4028 2133 4085; x_wconf 87' lang='lat' dir='ltr'><strong>Sed</strong></span> <span class='ocrx_word' id='word_1_694' title='bbox 2207 4028 2345 4084; x_wconf 84' lang='lat' dir='ltr'><strong>forte</strong></span> <span class='ocrx_word' id='word_1_695' title='bbox 2387 4028 2529 4099; x_wconf 90' lang='lat' dir='ltr'><strong>quod</strong></span> <span class='ocrx_word' id='word_1_696' title='bbox 2578 4027 2653 4082; x_wconf 88' lang='lat' dir='ltr'><strong>ait</strong></span> <span class='ocrx_word' id='word_1_697' title='bbox 2714 4038 2765 4083; x_wconf 88' lang='lat' dir='ltr'><strong>te</strong></span> <span class='ocrx_word' id='word_1_698' title='bbox 2822 4027 3010 4087; x_wconf 80' lang='lat' dir='ltr'><strong>solum.</strong></span> <span class='ocrx_word' id='word_1_699' title='bbox 3076 4025 3515 4081; x_wconf 88' lang='lat' dir='ltr'><strong>communionem</strong></span> 
     </span>
    </p>
   </div>
   <div class='ocr_carea' id='block_1_88' title="bbox 1919 4119 3515 4190">
    <p class='ocr_par' dir='ltr' id='par_1_88' title="bbox 1919 4119 3515 4190">
     <span class='ocr_line' id='line_1_88' title="bbox 1919 4119 3515 4190; baseline -0.001 -18"><span class='ocrx_word' id='word_1_700' title='bbox 1919 4128 2079 4190; x_wconf 90' lang='lat' dir='ltr'><strong>atque</strong></span> <span class='ocrx_word' id='word_1_701' title='bbox 2123 4121 2383 4175; x_wconf 89' lang='lat' dir='ltr'><strong>unitatem</strong></span> <span class='ocrx_word' id='word_1_702' title='bbox 2430 4134 2582 4176; x_wconf 89' lang='lat' dir='ltr'><strong>suam</strong></span> <span class='ocrx_word' id='word_1_703' title='bbox 2612 4135 2641 4174; x_wconf 92' lang='lat' dir='ltr'><strong>a</strong></span> <span class='ocrx_word' id='word_1_704' title='bbox 2688 4119 2797 4175; x_wconf 87' lang='lat' dir='ltr'><strong>Deo</strong></span> <span class='ocrx_word' id='word_1_705' title='bbox 2830 4129 3067 4190; x_wconf 86' lang='lat' dir='ltr'><strong>separat.</strong></span> <span class='ocrx_word' id='word_1_706' title='bbox 3098 4119 3330 4189; x_wconf 88' lang='lat' dir='ltr'><strong>Separet</strong></span> <span class='ocrx_word' id='word_1_707' title='bbox 3359 4131 3515 4182; x_wconf 89' lang='lat' dir='ltr'><strong>sane,</strong></span> 
     </span>
    </p>
   </div>
   <div class='ocr_carea' id='block_1_89' title="bbox 1919 4207 3517 4283">
    <p class='ocr_par' dir='ltr' id='par_1_89' title="bbox 1919 4207 3517 4283">
     <span class='ocr_line' id='line_1_89' title="bbox 1919 4207 3517 4283; baseline -0.002 -17"><span class='ocrx_word' id='word_1_708' title='bbox 1919 4212 1966 4266; x_wconf 90' lang='lat' dir='ltr'><strong>si</strong></span> <span class='ocrx_word' id='word_1_709' title='bbox 1997 4227 2102 4267; x_wconf 90' lang='lat' dir='ltr'><strong>non</strong></span> <span class='ocrx_word' id='word_1_710' title='bbox 2132 4210 2201 4266; x_wconf 89' lang='lat' dir='ltr'><strong>ad</strong></span> <span class='ocrx_word' id='word_1_711' title='bbox 2228 4211 2279 4266; x_wconf 92' lang='lat' dir='ltr'><strong>id</strong></span> <span class='ocrx_word' id='word_1_712' title='bbox 2307 4211 2449 4283; x_wconf 86' lang='lat' dir='ltr'><strong>quod</strong></span> <span class='ocrx_word' id='word_1_713' title='bbox 2486 4212 2594 4278; x_wconf 86' lang='lat' dir='ltr'><strong>ait,</strong></span> <span class='ocrx_word' id='word_1_714' title='bbox 2625 4220 2674 4266; x_wconf 87' lang='lat' dir='ltr'><strong>te</strong></span> <span class='ocrx_word' id='word_1_715' title='bbox 2716 4209 2883 4267; x_wconf 84' lang='lat' dir='ltr'><strong>solum</strong></span> <span class='ocrx_word' id='word_1_716' title='bbox 2912 4226 3088 4266; x_wconf 82' lang='lat' dir='ltr'><strong>verum</strong></span> <span class='ocrx_word' id='word_1_717' title='bbox 3115 4207 3305 4276; x_wconf 88' lang='lat' dir='ltr'><strong>Deum,</strong></span> <span class='ocrx_word' id='word_1_718' title='bbox 3336 4208 3517 4263; x_wconf 87' lang='lat' dir='ltr'><strong>conti-</strong></span> 
     </span>
    </p>
   </div>
   <div class='ocr_carea' id='block_1_90' title="bbox 1921 4298 3522 4375">
    <p class='ocr_par' dir='ltr' id='par_1_90' title="bbox 1921 4298 3522 4375">
     <span class='ocr_line' id='line_1_90' title="bbox 1921 4298 3522 4375; baseline -0.002 -18"><span class='ocrx_word' id='word_1_719' title='bbox 1921 4318 2028 4358; x_wconf 90' lang='lat' dir='ltr'><strong>nuo</strong></span> <span class='ocrx_word' id='word_1_720' title='bbox 2088 4304 2335 4374; x_wconf 89' lang='lat' dir='ltr'><strong>subjecit,</strong></span> <span class='ocrx_word' id='word_1_721' title='bbox 2369 4313 2417 4358; x_wconf 89' lang='lat' dir='ltr'><strong>et</strong></span> <span class='ocrx_word' id='word_1_722' title='bbox 2462 4320 2611 4375; x_wconf 86' lang='lat' dir='ltr'><strong>quem</strong></span> <span class='ocrx_word' id='word_1_723' title='bbox 2656 4303 2842 4359; x_wconf 86' lang='lat' dir='ltr'><strong>misisti</strong></span> <span class='ocrx_word' id='word_1_724' title='bbox 2881 4301 3062 4357; x_wconf 69' lang='lat' dir='ltr'><strong>Iesum</strong></span> <span class='ocrx_word' id='word_1_725' title='bbox 3113 4301 3397 4357; x_wconf 87' lang='lat' dir='ltr'><strong>Christum.</strong></span> <span class='ocrx_word' id='word_1_726' title='bbox 3449 4298 3522 4354; x_wconf 88' lang='lat' dir='ltr'><strong>Et</strong></span> 
     </span>
    </p>
   </div>
   <div class='ocr_carea' id='block_1_91' title="bbox 1921 4390 3521 4467">
    <p class='ocr_par' dir='ltr' id='par_1_91' title="bbox 1921 4390 3521 4467">
     <span class='ocr_line' id='line_1_91' title="bbox 1921 4390 3521 4467; baseline -0.003 -17"><span class='ocrx_word' id='word_1_727' title='bbox 1921 4409 2140 4451; x_wconf 90' lang='lat' dir='ltr'><strong>sensum</strong></span> <span class='ocrx_word' id='word_1_728' title='bbox 2167 4395 2435 4452; x_wconf 87' lang='lat' dir='ltr'><strong>audientis</strong></span> <span class='ocrx_word' id='word_1_729' title='bbox 2466 4397 2760 4467; x_wconf 82' lang='lat' dir='ltr'><strong>interrogo,</strong></span> <span class='ocrx_word' id='word_1_730' title='bbox 2782 4394 2913 4467; x_wconf 90' lang='lat' dir='ltr'><strong>quid</strong></span> <span class='ocrx_word' id='word_1_731' title='bbox 2942 4392 3248 4449; x_wconf 88' lang='lat' dir='ltr'><strong>credendus</strong></span> <span class='ocrx_word' id='word_1_732' title='bbox 3269 4390 3521 4447; x_wconf 70' lang='lat' dir='ltr'><strong>sit-Iesus</strong></span> 
     </span>
    </p>
   </div>
   <div class='ocr_carea' id='block_1_92' title="bbox 1921 4487 3524 4563">
    <p class='ocr_par' dir='ltr' id='par_1_92' title="bbox 1921 4487 3524 4563">
     <span class='ocr_line' id='line_1_92' title="bbox 1921 4487 3524 4563; baseline -0.003 -17"><span class='ocrx_word' id='word_1_733' title='bbox 1921 4489 2199 4557; x_wconf 89' lang='lat' dir='ltr'><strong>Christus;</strong></span> <span class='ocrx_word' id='word_1_734' title='bbox 2230 4506 2351 4547; x_wconf 88' lang='lat' dir='ltr'><strong>eum</strong></span> <span class='ocrx_word' id='word_1_735' title='bbox 2390 4491 2458 4546; x_wconf 90' lang='lat' dir='ltr'><strong>ad</strong></span> <span class='ocrx_word' id='word_1_736' title='bbox 2488 4490 2563 4558; x_wconf 93' lang='lat' dir='ltr'><strong>id,</strong></span> <span class='ocrx_word' id='word_1_737' title='bbox 2613 4490 2755 4562; x_wconf 90' lang='lat' dir='ltr'><strong>quod</strong></span> <span class='ocrx_word' id='word_1_738' title='bbox 2805 4489 2964 4546; x_wconf 88' lang='lat' dir='ltr'><strong>Pater</strong></span> <span class='ocrx_word' id='word_1_739' title='bbox 3009 4488 3157 4545; x_wconf 91' lang='lat' dir='ltr'><strong>solus</strong></span> <span class='ocrx_word' id='word_1_740' title='bbox 3186 4487 3332 4543; x_wconf 90' lang='lat' dir='ltr'><strong>Deus</strong></span> <span class='ocrx_word' id='word_1_741' title='bbox 3358 4499 3524 4563; x_wconf 83' lang='lat' dir='ltr'><strong>verus</strong></span> 
     </span>
    </p>
   </div>
   <div class='ocr_carea' id='block_1_93' title="bbox 1923 4570 3524 4653">
    <p class='ocr_par' dir='ltr' id='par_1_93' title="bbox 1923 4570 3524 4653">
     <span class='ocr_line' id='line_1_93' title="bbox 1923 4570 3524 4653; baseline -0.005 -11"><span class='ocrx_word' id='word_1_742' title='bbox 1923 4585 2226 4643; x_wconf 86' lang='lat' dir='ltr'><strong>credendus</strong></span> <span class='ocrx_word' id='word_1_743' title='bbox 2256 4586 2348 4653; x_wconf 88' lang='lat' dir='ltr'><strong>sit,</strong></span> <span class='ocrx_word' id='word_1_744' title='bbox 2377 4584 2683 4642; x_wconf 90' lang='lat' dir='ltr'><strong>credendus</strong></span> <span class='ocrx_word' id='word_1_745' title='bbox 2724 4592 2778 4642; x_wconf 88' lang='lat' dir='ltr'><strong>et</strong></span> <span class='ocrx_word' id='word_1_746' title='bbox 2806 4583 3054 4641; x_wconf 87' lang='lat' dir='ltr'><strong>Christus</strong></span> <span class='ocrx_word' id='word_1_747' title='bbox 3083 4582 3193 4638; x_wconf 83' lang='lat' dir='ltr'><strong>sit?</strong></span> <span class='ocrx_word' id='word_1_748' title='bbox 3217 4578 3327 4637; x_wconf 88' lang='lat' dir='ltr'><strong>Sed</strong></span> <span class='ocrx_word' id='word_1_749' title='bbox 3372 4570 3524 4636; x_wconf 86' lang='lat' dir='ltr'><strong>solus</strong></span> 
     </span>
    </p>
   </div>
   <div class='ocr_carea' id='block_1_94' title="bbox 283 4852 3524 4933">
    <p class='ocr_par' dir='ltr' id='par_1_94' title="bbox 283 4852 3524 4933">
     <span class='ocr_line' id='line_1_94' title="bbox 283 4852 3524 4933; baseline -0.001 -17"><span class='ocrx_word' id='word_1_750' title='bbox 283 4859 365 4933; x_wconf 84' lang='grc' dir='ltr'><strong>(α)</strong></span> <span class='ocrx_word' id='word_1_751' title='bbox 390 4859 448 4917; x_wconf 89' lang='lat' dir='ltr'><strong>Id</strong></span> <span class='ocrx_word' id='word_1_752' title='bbox 463 4871 570 4926; x_wconf 88' lang='lat' dir='ltr'><strong>est,</strong></span> <span class='ocrx_word' id='word_1_753' title='bbox 594 4858 896 4930; x_wconf 89' lang='lat' dir='ltr'><strong>proprietas</strong></span> <span class='ocrx_word' id='word_1_754' title='bbox 911 4868 1013 4923; x_wconf 83' lang='lat' dir='ltr'><strong>est,</strong></span> <span class='ocrx_word' id='word_1_755' title='bbox 1029 4874 1134 4932; x_wconf 90' lang='lat' dir='ltr'><strong>qua</strong></span> <span class='ocrx_word' id='word_1_756' title='bbox 1152 4858 1266 4914; x_wconf 90' lang='lat' dir='ltr'><strong>sola</strong></span> <span class='ocrx_word' id='word_1_757' title='bbox 1290 4867 1442 4931; x_wconf 87' lang='lat' dir='ltr'><strong>pater</strong></span> <span class='ocrx_word' id='word_1_758' title='bbox 1464 4874 1493 4915; x_wconf 87' lang='lat' dir='ltr'><strong>a</strong></span> <span class='ocrx_word' id='word_1_759' title='bbox 1508 4861 1620 4917; x_wconf 90' lang='lat' dir='ltr'><strong>ﬁlio</strong></span> <span class='ocrx_word' id='word_1_760' title='bbox 1636 4861 1829 4919; x_wconf 90' lang='lat' dir='ltr'><strong>distin—</strong></span> <span class='ocrx_word' id='word_1_761' title='bbox 1850 4864 1904 4924; x_wconf 90' lang='lat' dir='ltr'><strong>D</strong></span> <span class='ocrx_word' id='word_1_762' title='bbox 1932 4861 2010 4915; x_wconf 86' lang='lat' dir='ltr'><strong>his</strong></span> <span class='ocrx_word' id='word_1_763' title='bbox 2032 4875 2145 4931; x_wconf 74' lang='lat' dir='ltr'><strong>qua:</strong></span> <span class='ocrx_word' id='word_1_764' title='bbox 2167 4858 2369 4933; x_wconf 82' lang='lat' dir='ltr'><strong>habeat,</strong></span> <span class='ocrx_word' id='word_1_765' title='bbox 2398 4858 2508 4933; x_wconf 80' lang='lat' dir='ltr'><strong>ipse</strong></span> <span class='ocrx_word' id='word_1_766' title='bbox 2531 4855 2851 4928; x_wconf 77' lang='lat' dir='ltr'><strong>signiﬁcatus</strong></span> <span class='ocrx_word' id='word_1_767' title='bbox 2881 4854 2967 4910; x_wconf 86' lang='lat' dir='ltr'><strong>sit.</strong></span> <span class='ocrx_word' id='word_1_768' title='bbox 3004 4852 3100 4911; x_wconf 86' lang='lat' dir='ltr'><strong>Hic</strong></span> <span class='ocrx_word' id='word_1_769' title='bbox 3129 4853 3354 4910; x_wconf 87' lang='lat' dir='ltr'><strong>docetur</strong></span> <span class='ocrx_word' id='word_1_770' title='bbox 3381 4854 3524 4933; x_wconf 75' lang='lat' dir='ltr'><strong>Deus</strong></span> 
     </span>
    </p>
   </div>
   <div class='ocr_carea' id='block_1_95' title="bbox 262 4935 416 4987">
    <p class='ocr_par' dir='ltr' id='par_1_95' title="bbox 262 4935 416 4987">
     <span class='ocr_line' id='line_1_95' title="bbox 262 4935 416 4987; baseline 0.006 -1"><span class='ocrx_word' id='word_1_771' title='bbox 262 4935 416 4987; x_wconf 87' lang='lat' dir='ltr'><strong>titur.</strong></span> 
     </span>
    </p>
   </div>
   <div class='ocr_carea' id='block_1_96' title="bbox 208 4947 1813 5078">
    <p class='ocr_par' dir='ltr' id='par_1_96' title="bbox 208 4947 1813 5078">
     <span class='ocr_line' id='line_1_96' title="bbox 208 4947 1813 5078; baseline 0.002 -19"><span class='ocrx_word' id='word_1_772' title='bbox 208 4947 572 5078; x_wconf 50' lang='grc' dir='ltr'><strong>μὶῖῗᾏρυᾴ</strong></span> <span class='ocrx_word' id='word_1_773' title='bbox 617 5002 739 5078; x_wconf 81' lang='lat' dir='ltr'><strong>Par.</strong></span> <span class='ocrx_word' id='word_1_774' title='bbox 779 5002 1280 5078; x_wconf 74' lang='lat' dir='ltr'><strong>qui._Pra-l&#39;erimus</strong></span> <span class='ocrx_word' id='word_1_775' title='bbox 1327 5020 1448 5059; x_wconf 92' lang='lat' dir='ltr'><strong>cum</strong></span> <span class='ocrx_word' id='word_1_776' title='bbox 1497 5019 1628 5061; x_wconf 91' lang='lat' dir='ltr'><strong>mss.</strong></span> <span class='ocrx_word' id='word_1_777' title='bbox 1677 5023 1813 5074; x_wconf 66' lang='lat' dir='ltr'><strong>quae.</strong></span> 
     </span>
    </p>
   </div>
   <div class='ocr_carea' id='block_1_97' title="bbox 211 5075 1816 5148">
    <p class='ocr_par' dir='ltr' id='par_1_97' title="bbox 211 5075 1816 5148">
     <span class='ocr_line' id='line_1_97' title="bbox 211 5075 1816 5148; baseline 0.002 -18"><span class='ocrx_word' id='word_1_778' title='bbox 211 5075 331 5132; x_wconf 85' lang='lat' dir='ltr'><strong>scil.</strong></span> <span class='ocrx_word' id='word_1_779' title='bbox 366 5076 633 5142; x_wconf 85' lang='lat' dir='ltr'><strong>acceptio.</strong></span> <span class='ocrx_word' id='word_1_780' title='bbox 665 5075 916 5148; x_wconf 82' lang='lat' dir='ltr'><strong>Nonnulli</strong></span> <span class='ocrx_word' id='word_1_781' title='bbox 949 5076 1145 5148; x_wconf 81' lang='lat' dir='ltr'><strong>deinde</strong></span> <span class='ocrx_word' id='word_1_782' title='bbox 1171 5075 1428 5131; x_wconf 89' lang='lat' dir='ltr'><strong>omittunt</strong></span> <span class='ocrx_word' id='word_1_783' title='bbox 1457 5091 1530 5139; x_wconf 86' lang='lat' dir='ltr'><strong>se,</strong></span> <span class='ocrx_word' id='word_1_784' title='bbox 1565 5078 1711 5148; x_wconf 88' lang='lat' dir='ltr'><strong>quod</strong></span> <span class='ocrx_word' id='word_1_785' title='bbox 1745 5079 1816 5134; x_wconf 84' lang='lat' dir='ltr'><strong>ad</strong></span> 
     </span>
    </p>
   </div>
   <div class='ocr_carea' id='block_1_98' title="bbox 214 5147 1815 5218">
    <p class='ocr_par' dir='ltr' id='par_1_98' title="bbox 214 5147 1815 5218">
     <span class='ocr_line' id='line_1_98' title="bbox 214 5147 1815 5218; baseline 0.001 -16"><span class='ocrx_word' id='word_1_786' title='bbox 214 5148 390 5203; x_wconf 88' lang='lat' dir='ltr'><strong>Deum</strong></span> <span class='ocrx_word' id='word_1_787' title='bbox 441 5148 770 5217; x_wconf 79' lang='lat' dir='ltr'><strong>unigenitum</strong></span> <span class='ocrx_word' id='word_1_788' title='bbox 816 5147 1070 5207; x_wconf 81' lang='lat' dir='ltr'><strong>refertur.</strong></span> <span class='ocrx_word' id='word_1_789' title='bbox 1114 5147 1170 5201; x_wconf 88' lang='lat' dir='ltr'><strong>In</strong></span> <span class='ocrx_word' id='word_1_790' title='bbox 1217 5147 1391 5204; x_wconf 87' lang='lat' dir='ltr'><strong>tribus</strong></span> <span class='ocrx_word' id='word_1_791' title='bbox 1433 5147 1631 5215; x_wconf 77' lang='lat' dir='ltr'><strong>Vatic.,</strong></span> <span class='ocrx_word' id='word_1_792' title='bbox 1666 5166 1815 5218; x_wconf 86' lang='lat' dir='ltr'><strong>quem</strong></span> 
     </span>
    </p>
   </div>
   <div class='ocr_carea' id='block_1_99' title="bbox 211 5219 1813 5294">
    <p class='ocr_par' dir='ltr' id='par_1_99' title="bbox 211 5219 1813 5294">
     <span class='ocr_line' id='line_1_99' title="bbox 211 5219 1813 5294; baseline 0.002 -22"><span class='ocrx_word' id='word_1_793' title='bbox 211 5221 442 5275; x_wconf 84' lang='lat' dir='ltr'><strong>auctoris</strong></span> <span class='ocrx_word' id='word_1_794' title='bbox 484 5221 565 5294; x_wconf 85' lang='lat' dir='ltr'><strong>sui</strong></span> <span class='ocrx_word' id='word_1_795' title='bbox 610 5220 1006 5294; x_wconf 56' lang='lat' dir='ltr'><strong>iumginettt.th</strong></span> <span class='ocrx_word' id='word_1_796' title='bbox 1033 5219 1173 5294; x_wconf 84' lang='lat' dir='ltr'><strong>apud</strong></span> <span class='ocrx_word' id='word_1_797' title='bbox 1223 5220 1376 5285; x_wconf 87' lang='lat' dir='ltr'><strong>Bad.,</strong></span> <span class='ocrx_word' id='word_1_798' title='bbox 1408 5220 1497 5294; x_wconf 87' lang='lat' dir='ltr'><strong>Er.</strong></span> <span class='ocrx_word' id='word_1_799' title='bbox 1545 5229 1599 5294; x_wconf 86' lang='lat' dir='ltr'><strong>et</strong></span> <span class='ocrx_word' id='word_1_800' title='bbox 1638 5221 1813 5294; x_wconf 64' lang='lat' dir='ltr'><strong>Lips.,</strong></span> 
     </span>
    </p>
   </div>
   <div class='ocr_carea' id='block_1_100' title="bbox 212 5291 1819 5364">
    <p class='ocr_par' dir='ltr' id='par_1_100' title="bbox 212 5291 1819 5364">
     <span class='ocr_line' id='line_1_100' title="bbox 212 5291 1819 5364; baseline 0.001 -19"><span class='ocrx_word' id='word_1_801' title='bbox 212 5308 329 5362; x_wconf 68' lang='lat' dir='ltr'><strong>qua</strong></span> <span class='ocrx_word' id='word_1_802' title='bbox 351 5293 581 5347; x_wconf 77' lang='lat' dir='ltr'><strong>auctoris</strong></span> <span class='ocrx_word' id='word_1_803' title='bbox 606 5293 688 5345; x_wconf 86' lang='lat' dir='ltr'><strong>sui</strong></span> <span class='ocrx_word' id='word_1_804' title='bbox 715 5292 954 5363; x_wconf 75' lang='lat' dir='ltr'><strong>exprimit</strong></span> <span class='ocrx_word' id='word_1_805' title='bbox 984 5291 1257 5362; x_wconf 82' lang='lat' dir='ltr'><strong>imaginem</strong></span> <span class='ocrx_word' id='word_1_806' title='bbox 1284 5307 1304 5347; x_wconf 93' lang='lat'><strong><em>:</em></strong></span> <span class='ocrx_word' id='word_1_807' title='bbox 1331 5293 1468 5364; x_wconf 87' lang='lat' dir='ltr'><strong>quod</strong></span> <span class='ocrx_word' id='word_1_808' title='bbox 1494 5293 1629 5347; x_wconf 85' lang='lat' dir='ltr'><strong>enim</strong></span> <span class='ocrx_word' id='word_1_809' title='bbox 1660 5291 1819 5364; x_wconf 77' lang='lat' dir='ltr'><strong>Pater</strong></span> 
     </span>
    </p>
   </div>
   <div class='ocr_carea' id='block_1_101' title="bbox 212 5363 1821 5438">
    <p class='ocr_par' dir='ltr' id='par_1_101' title="bbox 212 5363 1821 5438">
     <span class='ocr_line' id='line_1_101' title="bbox 212 5363 1821 5438; baseline 0.002 -21"><span class='ocrx_word' id='word_1_810' title='bbox 212 5364 357 5418; x_wconf 83' lang='lat' dir='ltr'><strong>dedit</strong></span> <span class='ocrx_word' id='word_1_811' title='bbox 408 5371 728 5438; x_wconf 83' lang='lat' dir='ltr'><strong>potestatem,</strong></span> <span class='ocrx_word' id='word_1_812' title='bbox 778 5366 831 5418; x_wconf 84' lang='lat' dir='ltr'><strong>iu</strong></span> <span class='ocrx_word' id='word_1_813' title='bbox 881 5363 977 5418; x_wconf 86' lang='lat' dir='ltr'><strong>hac</strong></span> <span class='ocrx_word' id='word_1_814' title='bbox 1023 5364 1192 5435; x_wconf 83' lang='lat' dir='ltr'><strong>ﬁlium</strong></span> <span class='ocrx_word' id='word_1_815' title='bbox 1236 5363 1445 5438; x_wconf 79' lang='lat' dir='ltr'><strong>genuit;</strong></span> <span class='ocrx_word' id='word_1_816' title='bbox 1483 5365 1622 5434; x_wconf 88' lang='lat' dir='ltr'><strong>quad</strong></span> <span class='ocrx_word' id='word_1_817' title='bbox 1650 5363 1821 5420; x_wconf 81' lang='lat' dir='ltr'><strong>Filius</strong></span> 
     </span>
    </p>
   </div>
   <div class='ocr_carea' id='block_1_102' title="bbox 212 5436 1493 5508">
    <p class='ocr_par' dir='ltr' id='par_1_102' title="bbox 212 5436 1493 5508">
     <span class='ocr_line' id='line_1_102' title="bbox 212 5436 1493 5508; baseline 0.002 -19"><span class='ocrx_word' id='word_1_818' title='bbox 212 5438 439 5507; x_wconf 83' lang='lat' dir='ltr'><strong>accepit,</strong></span> <span class='ocrx_word' id='word_1_819' title='bbox 469 5436 782 5492; x_wconf 81' lang='lat' dir='ltr'><strong>nativitatem</strong></span> <span class='ocrx_word' id='word_1_820' title='bbox 811 5447 1133 5491; x_wconf 86' lang='lat' dir='ltr'><strong>consummat</strong></span> <span class='ocrx_word' id='word_1_821' title='bbox 1157 5453 1176 5491; x_wconf 89' lang='lat'><strong><em>:</em></strong></span> <span class='ocrx_word' id='word_1_822' title='bbox 1200 5436 1493 5508; x_wconf 78' lang='lat' dir='ltr'><strong>glossema.</strong></span> 
     </span>
    </p>
   </div>
   <div class='ocr_carea' id='block_1_103' title="bbox 288 5507 1822 5581">
    <p class='ocr_par' dir='ltr' id='par_1_103' title="bbox 288 5507 1822 5581">
     <span class='ocr_line' id='line_1_103' title="bbox 288 5507 1822 5581; baseline 0.001 -18"><span class='ocrx_word' id='word_1_823' title='bbox 288 5507 363 5581; x_wconf 88' lang='lat' dir='ltr'><strong>(c)</strong></span> <span class='ocrx_word' id='word_1_824' title='bbox 386 5510 575 5565; x_wconf 79' lang='lat' dir='ltr'><strong>Excusi</strong></span> <span class='ocrx_word' id='word_1_825' title='bbox 587 5524 707 5575; x_wconf 86' lang='lat' dir='ltr'><strong>,nou</strong></span> <span class='ocrx_word' id='word_1_826' title='bbox 718 5508 940 5563; x_wconf 82' lang='lat' dir='ltr'><strong>alienata</strong></span> <span class='ocrx_word' id='word_1_827' title='bbox 953 5520 1028 5565; x_wconf 88' lang='lat' dir='ltr'><strong>est</strong></span> <span class='ocrx_word' id='word_1_828' title='bbox 1042 5525 1132 5578; x_wconf 84' lang='lat' dir='ltr'><strong>per</strong></span> <span class='ocrx_word' id='word_1_829' title='bbox 1143 5509 1199 5563; x_wconf 86' lang='lat' dir='ltr'><strong>id</strong></span> <span class='ocrx_word' id='word_1_830' title='bbox 1214 5507 1227 5565; x_wconf 71' lang='grc' dir='ltr'>ξ</span> <span class='ocrx_word' id='word_1_831' title='bbox 1242 5508 1599 5566; x_wconf 79' lang='lat' dir='ltr'><strong>emendantur</strong></span> <span class='ocrx_word' id='word_1_832' title='bbox 1613 5523 1677 5564; x_wconf 83' lang='lat' dir='ltr'><strong>ex</strong></span> <span class='ocrx_word' id='word_1_833' title='bbox 1690 5524 1822 5566; x_wconf 91' lang='lat' dir='ltr'><strong>mss.</strong></span> 
     </span>
    </p>
   </div>
   <div class='ocr_carea' id='block_1_104' title="bbox 286 5602 1832 5678">
    <p class='ocr_par' dir='ltr' id='par_1_104' title="bbox 286 5602 1832 5678">
     <span class='ocr_line' id='line_1_104' title="bbox 286 5602 1832 5678; baseline 0.001 -21"><span class='ocrx_word' id='word_1_834' title='bbox 286 5603 374 5678; x_wconf 80' lang='grc' dir='ltr'><strong>(ά)</strong></span> <span class='ocrx_word' id='word_1_835' title='bbox 402 5605 457 5659; x_wconf 85' lang='grc' dir='ltr'><strong>1η</strong></span> <span class='ocrx_word' id='word_1_836' title='bbox 491 5602 762 5659; x_wconf 90' lang='lat' dir='ltr'><strong>nonnullis</strong></span> <span class='ocrx_word' id='word_1_837' title='bbox 791 5605 972 5675; x_wconf 71' lang='lat' dir='ltr'><strong>proba:</strong></span> <span class='ocrx_word' id='word_1_838' title='bbox 999 5612 1142 5659; x_wconf 76' lang='lat' dir='ltr'><strong>noue</strong></span> <span class='ocrx_word' id='word_1_839' title='bbox 1171 5618 1303 5661; x_wconf 86' lang='lat' dir='ltr'><strong>mss.</strong></span> <span class='ocrx_word' id='word_1_840' title='bbox 1331 5604 1596 5660; x_wconf 88' lang='lat' dir='ltr'><strong>omittitur</strong></span> <span class='ocrx_word' id='word_1_841' title='bbox 1637 5603 1693 5658; x_wconf 88' lang='lat' dir='ltr'><strong>iu</strong></span> <span class='ocrx_word' id='word_1_842' title='bbox 1735 5605 1832 5665; x_wconf 34' lang='lat' dir='ltr'><strong>iu-,</strong></span> 
     </span>
    </p>
   </div>
   <div class='ocr_carea' id='block_1_105' title="bbox 212 5678 621 5747">
    <p class='ocr_par' dir='ltr' id='par_1_105' title="bbox 212 5678 621 5747">
     <span class='ocr_line' id='line_1_105' title="bbox 212 5678 621 5747; baseline 0.002 -16"><span class='ocrx_word' id='word_1_843' title='bbox 212 5678 621 5747; x_wconf 78' lang='lat' dir='ltr'><strong>corruptionem.</strong></span> 
     </span>
    </p>
   </div>
   <div class='ocr_carea' id='block_1_106' title="bbox 282 5746 1819 5876">
    <p class='ocr_par' dir='ltr' id='par_1_106' title="bbox 282 5746 1819 5876">
     <span class='ocr_line' id='line_1_106' title="bbox 282 5746 1819 5876; baseline -0.001 -71"><span class='ocrx_word' id='word_1_844' title='bbox 282 5748 368 5876; x_wconf 52' lang='lat' dir='ltr'><strong>se)</strong></span> <span class='ocrx_word' id='word_1_845' title='bbox 397 5748 518 5803; x_wconf 87' lang='lat' dir='ltr'><strong>Par.</strong></span> <span class='ocrx_word' id='word_1_846' title='bbox 546 5762 668 5802; x_wconf 91' lang='lat' dir='ltr'><strong>cum</strong></span> <span class='ocrx_word' id='word_1_847' title='bbox 699 5755 884 5804; x_wconf 89' lang='lat' dir='ltr'><strong>vetere</strong></span> <span class='ocrx_word' id='word_1_848' title='bbox 926 5763 1029 5805; x_wconf 91' lang='lat' dir='ltr'><strong>ms.</strong></span> <span class='ocrx_word' id='word_1_849' title='bbox 1059 5746 1214 5804; x_wconf 89' lang='lat' dir='ltr'><strong>Colb.</strong></span> <span class='ocrx_word' id='word_1_850' title='bbox 1247 5747 1554 5804; x_wconf 83' lang='lat' dir='ltr'><strong>credendum</strong></span> <span class='ocrx_word' id='word_1_851' title='bbox 1582 5749 1667 5803; x_wconf 86' lang='lat' dir='ltr'><strong>sit.</strong></span> <span class='ocrx_word' id='word_1_852' title='bbox 1696 5747 1819 5804; x_wconf 80' lang='lat' dir='ltr'><strong>Mox</strong></span> 
     </span>
     <span class='ocr_line' id='line_1_107' title="bbox 325 5819 1816 5876; baseline 0 0"><span class='ocrx_word' id='word_1_853' title='bbox 325 5837 414 5876; x_wconf 90' lang='lat' dir='ltr'><strong>em</strong></span> <span class='ocrx_word' id='word_1_854' title='bbox 442 5820 605 5876; x_wconf 86' lang='lat' dir='ltr'><strong>editio</strong></span> <span class='ocrx_word' id='word_1_855' title='bbox 633 5828 754 5876; x_wconf 78' lang='lat' dir='ltr'><strong>post</strong></span> <span class='ocrx_word' id='word_1_856' title='bbox 786 5821 874 5874; x_wconf 85' lang='lat' dir='ltr'><strong>Er.</strong></span> <span class='ocrx_word' id='word_1_857' title='bbox 906 5826 963 5876; x_wconf 88' lang='lat' dir='ltr'><strong>et</strong></span> <span class='ocrx_word' id='word_1_858' title='bbox 1000 5819 1175 5876; x_wconf 86' lang='lat' dir='ltr'><strong>Lins..</strong></span> <span class='ocrx_word' id='word_1_859' title='bbox 1206 5821 1319 5876; x_wconf 83' lang='lat' dir='ltr'><strong>inse</strong></span> <span class='ocrx_word' id='word_1_860' title='bbox 1342 5821 1429 5876; x_wconf 84' lang='lat' dir='ltr'><strong>aui</strong></span> <span class='ocrx_word' id='word_1_861' title='bbox 1457 5820 1658 5876; x_wconf 83' lang='lat' dir='ltr'><strong>habeat.</strong></span> <span class='ocrx_word' id='word_1_862' title='bbox 1701 5820 1816 5876; x_wconf 87' lang='lat' dir='ltr'><strong>Ma-</strong></span> 
     </span>
    </p>
   </div>
   <div class='ocr_carea' id='block_1_107' title="bbox 213 5836 277 5879">
    <p class='ocr_par' dir='ltr' id='par_1_107' title="bbox 213 5836 277 5879">
     <span class='ocr_line' id='line_1_108' title="bbox 213 5836 277 5879; baseline 0 -6"><span class='ocrx_word' id='word_1_863' title='bbox 213 5836 277 5879; x_wconf 85' lang='lat' dir='ltr'><strong>ea</strong></span> 
     </span>
    </p>
   </div>
   <div class='ocr_carea' id='block_1_108' title="bbox 325 5819 1901 5891">
    <p class='ocr_par' dir='ltr' id='par_1_108' title="bbox 325 5819 1901 5891">
     <span class='ocr_line' id='line_1_109' title="bbox 325 5819 1901 5891; baseline -0.001 -14"><span class='ocrx_word' id='word_1_864' title='bbox 325 5837 414 5877; x_wconf 88' lang='lat' dir='ltr'><strong>em</strong></span> <span class='ocrx_word' id='word_1_865' title='bbox 442 5820 605 5876; x_wconf 86' lang='lat' dir='ltr'><strong>editio</strong></span> <span class='ocrx_word' id='word_1_866' title='bbox 633 5828 754 5889; x_wconf 89' lang='lat' dir='ltr'><strong>post</strong></span> <span class='ocrx_word' id='word_1_867' title='bbox 786 5821 874 5874; x_wconf 85' lang='lat' dir='ltr'><strong>Er.</strong></span> <span class='ocrx_word' id='word_1_868' title='bbox 906 5826 963 5876; x_wconf 86' lang='lat' dir='ltr'><strong>et</strong></span> <span class='ocrx_word' id='word_1_869' title='bbox 1000 5819 1175 5891; x_wconf 89' lang='lat' dir='ltr'><strong>Lips.,</strong></span> <span class='ocrx_word' id='word_1_870' title='bbox 1206 5821 1319 5891; x_wconf 81' lang='lat' dir='ltr'><strong>ipse</strong></span> <span class='ocrx_word' id='word_1_871' title='bbox 1342 5821 1429 5886; x_wconf 87' lang='lat' dir='ltr'><strong>qui</strong></span> <span class='ocrx_word' id='word_1_872' title='bbox 1457 5820 1658 5877; x_wconf 83' lang='lat' dir='ltr'><strong>habeat.</strong></span> <span class='ocrx_word' id='word_1_873' title='bbox 1701 5820 1816 5876; x_wconf 82' lang='lat' dir='ltr'><strong>Ma-</strong></span> <span class='ocrx_word' id='word_1_874' title='bbox 1896 5872 1901 5875; x_wconf 34' lang='grc' dir='ltr'>μ</span> 
     </span>
    </p>
   </div>
   <div class='ocr_carea' id='block_1_109' title="bbox 211 5891 1814 5964">
    <p class='ocr_par' dir='ltr' id='par_1_109' title="bbox 211 5891 1814 5964">
     <span class='ocr_line' id='line_1_110' title="bbox 211 5891 1814 5964; baseline 0.001 -17"><span class='ocrx_word' id='word_1_875' title='bbox 211 5893 299 5957; x_wconf 59' lang='grc' dir='ltr'><strong>εἰς</strong></span> <span class='ocrx_word' id='word_1_876' title='bbox 329 5892 510 5963; x_wconf 87' lang='lat' dir='ltr'><strong>placet</strong></span> <span class='ocrx_word' id='word_1_877' title='bbox 547 5906 667 5947; x_wconf 90' lang='lat' dir='ltr'><strong>cum</strong></span> <span class='ocrx_word' id='word_1_878' title='bbox 711 5891 836 5946; x_wconf 66' lang='lat' dir='ltr'><strong>Ball.</strong></span> <span class='ocrx_word' id='word_1_879' title='bbox 868 5901 922 5947; x_wconf 90' lang='lat' dir='ltr'><strong>ct</strong></span> <span class='ocrx_word' id='word_1_880' title='bbox 967 5907 1097 5947; x_wconf 90' lang='lat' dir='ltr'><strong>mss.</strong></span> <span class='ocrx_word' id='word_1_881' title='bbox 1133 5909 1265 5960; x_wconf 68' lang='grc' dir='ltr'><strong>φατι»,</strong></span> <span class='ocrx_word' id='word_1_882' title='bbox 1299 5902 1446 5964; x_wconf 86' lang='lat' dir='ltr'><strong>puta,</strong></span> <span class='ocrx_word' id='word_1_883' title='bbox 1479 5892 1567 5948; x_wconf 86' lang='lat' dir='ltr'><strong>sed</strong></span> <span class='ocrx_word' id='word_1_884' title='bbox 1594 5894 1733 5964; x_wconf 80' lang='lat' dir='ltr'><strong>quod</strong></span> <span class='ocrx_word' id='word_1_885' title='bbox 1759 5894 1814 5948; x_wconf 83' lang='lat' dir='ltr'><strong>in</strong></span> 
     </span>
    </p>
   </div>
   <div class='ocr_carea' id='block_1_110' title="bbox 1932 4926 3526 5002">
    <p class='ocr_par' dir='ltr' id='par_1_110' title="bbox 1932 4926 3526 5002">
     <span class='ocr_line' id='line_1_111' title="bbox 1932 4926 3526 5002; baseline -0.001 -15"><span class='ocrx_word' id='word_1_886' title='bbox 1932 4935 2007 4987; x_wconf 90' lang='lat' dir='ltr'><strong>ita</strong></span> <span class='ocrx_word' id='word_1_887' title='bbox 2033 4926 2282 5002; x_wconf 80' lang='lat' dir='ltr'><strong>simplex,</strong></span> <span class='ocrx_word' id='word_1_888' title='bbox 2316 4940 2373 4983; x_wconf 91' lang='lat' dir='ltr'><strong>ut</strong></span> <span class='ocrx_word' id='word_1_889' title='bbox 2401 4931 2452 5002; x_wconf 78' lang='lat' dir='ltr'><strong>in</strong></span> <span class='ocrx_word' id='word_1_890' title='bbox 2478 4943 2549 5002; x_wconf 72' lang='lat' dir='ltr'><strong>co</strong></span> <span class='ocrx_word' id='word_1_891' title='bbox 2576 4926 3109 5002; x_wconf 45' lang='lat' dir='ltr'><strong>nequaquamurnore</strong></span> <span class='ocrx_word' id='word_1_892' title='bbox 3149 4936 3335 5002; x_wconf 77' lang='lat' dir='ltr'><strong>nostro</strong></span> <span class='ocrx_word' id='word_1_893' title='bbox 3376 4926 3526 5002; x_wconf 73' lang='lat' dir='ltr'><strong>aliud</strong></span> 
     </span>
    </p>
   </div>
   <div class='ocr_carea' id='block_1_111' title="bbox 1924 4997 3524 5081">
    <p class='ocr_par' dir='ltr' id='par_1_111' title="bbox 1924 4997 3524 5081">
     <span class='ocr_line' id='line_1_112' title="bbox 1924 4997 3524 5081; baseline -0.004 -21"><span class='ocrx_word' id='word_1_894' title='bbox 1924 5006 2032 5060; x_wconf 89' lang='lat' dir='ltr'><strong>sint</strong></span> <span class='ocrx_word' id='word_1_895' title='bbox 2074 4997 2279 5081; x_wconf 68' lang='lat' dir='ltr'><strong>habens</strong></span> <span class='ocrx_word' id='word_1_896' title='bbox 2308 5010 2362 5056; x_wconf 90' lang='lat' dir='ltr'><strong>et</strong></span> <span class='ocrx_word' id='word_1_897' title='bbox 2400 4999 2603 5055; x_wconf 84' lang='lat' dir='ltr'><strong>habita.</strong></span> <span class='ocrx_word' id='word_1_898' title='bbox 2634 4997 2895 5081; x_wconf 68' lang='lat' dir='ltr'><strong>Qttocirca</strong></span> <span class='ocrx_word' id='word_1_899' title='bbox 2918 4997 3020 5081; x_wconf 89' lang='lat' dir='ltr'><strong>lib.</strong></span> <span class='ocrx_word' id='word_1_900' title='bbox 3053 5014 3165 5065; x_wconf 70' lang='lat' dir='ltr'><strong>rm,</strong></span> <span class='ocrx_word' id='word_1_901' title='bbox 3191 4998 3362 5081; x_wconf 23' lang='lat' dir='ltr'><strong>unﬁt,</strong></span> <span class='ocrx_word' id='word_1_902' title='bbox 3387 4999 3524 5055; x_wconf 83' lang='lat' dir='ltr'><strong>diei-</strong></span> 
     </span>
    </p>
   </div>
   <div class='ocr_carea' id='block_1_112' title="bbox 1925 5070 3524 5141">
    <p class='ocr_par' dir='ltr' id='par_1_112' title="bbox 1925 5070 3524 5141">
     <span class='ocr_line' id='line_1_113' title="bbox 1925 5070 3524 5141; baseline -0.003 -10"><span class='ocrx_word' id='word_1_903' title='bbox 1925 5088 2011 5131; x_wconf 92' lang='lat' dir='ltr'><strong>tur</strong></span> <span class='ocrx_word' id='word_1_904' title='bbox 2041 5093 2053 5129; x_wconf 92' lang='lat'>:</span> <span class='ocrx_word' id='word_1_905' title='bbox 2099 5073 2169 5131; x_wconf 84' lang='lat' dir='ltr'><strong>Se</strong></span> <span class='ocrx_word' id='word_1_906' title='bbox 2191 5089 2390 5128; x_wconf 75' lang='lat' dir='ltr'><strong>ontnem</strong></span> <span class='ocrx_word' id='word_1_907' title='bbox 2418 5090 2508 5141; x_wconf 78' lang='lat' dir='ltr'><strong>per</strong></span> <span class='ocrx_word' id='word_1_908' title='bbox 2528 5089 2622 5127; x_wconf 89' lang='lat' dir='ltr'><strong>sua</strong></span> <span class='ocrx_word' id='word_1_909' title='bbox 2652 5072 2845 5140; x_wconf 85' lang='lat' dir='ltr'><strong>edoret,</strong></span> <span class='ocrx_word' id='word_1_910' title='bbox 2878 5080 2924 5125; x_wconf 89' lang='lat' dir='ltr'><strong>et</strong></span> <span class='ocrx_word' id='word_1_911' title='bbox 2954 5086 3050 5124; x_wconf 88' lang='lat' dir='ltr'><strong>sua</strong></span> <span class='ocrx_word' id='word_1_912' title='bbox 3076 5086 3178 5125; x_wconf 84' lang='lat' dir='ltr'><strong>non</strong></span> <span class='ocrx_word' id='word_1_913' title='bbox 3205 5070 3349 5124; x_wconf 85' lang='lat' dir='ltr'><strong>aliud</strong></span> <span class='ocrx_word' id='word_1_914' title='bbox 3367 5086 3524 5141; x_wconf 86' lang='lat' dir='ltr'><strong>quam</strong></span> 
     </span>
    </p>
   </div>
   <div class='ocr_carea' id='block_1_113' title="bbox 1920 5142 3520 5225">
    <p class='ocr_par' dir='ltr' id='par_1_113' title="bbox 1920 5142 3520 5225">
     <span class='ocr_line' id='line_1_114' title="bbox 1920 5142 3520 5225; baseline -0.003 -23"><span class='ocrx_word' id='word_1_915' title='bbox 1920 5163 1976 5202; x_wconf 86' lang='lat' dir='ltr'><strong>se</strong></span> <span class='ocrx_word' id='word_1_916' title='bbox 1992 5163 2101 5202; x_wconf 86' lang='lat' dir='ltr'><strong>esse</strong></span> <span class='ocrx_word' id='word_1_917' title='bbox 2115 5146 2471 5225; x_wconf 72' lang='lat' dir='ltr'><strong>signiﬁcat,_ut</strong></span> <span class='ocrx_word' id='word_1_918' title='bbox 2490 5143 2578 5198; x_wconf 85' lang='lat' dir='ltr'><strong>ubi</strong></span> <span class='ocrx_word' id='word_1_919' title='bbox 2607 5159 2702 5199; x_wconf 86' lang='lat' dir='ltr'><strong>sua</strong></span> <span class='ocrx_word' id='word_1_920' title='bbox 2720 5144 2897 5209; x_wconf 86' lang='lat' dir='ltr'><strong>iusiut,</strong></span> <span class='ocrx_word' id='word_1_921' title='bbox 2920 5142 3031 5215; x_wconf 83' lang='lat' dir='ltr'><strong>ipse</strong></span> <span class='ocrx_word' id='word_1_922' title='bbox 3041 5158 3161 5225; x_wconf 50' lang='lat' dir='ltr'><strong>esse</strong></span> <span class='ocrx_word' id='word_1_923' title='bbox 3184 5142 3520 5225; x_wconf 72' lang='lat' dir='ltr'><strong>intelligatur.</strong></span> 
     </span>
    </p>
   </div>
   <div class='ocr_carea' id='block_1_114' title="bbox 1999 5212 3523 5293">
    <p class='ocr_par' dir='ltr' id='par_1_114' title="bbox 1999 5212 3523 5293">
     <span class='ocr_line' id='line_1_115' title="bbox 1999 5212 3523 5293; baseline -0.003 -19"><span class='ocrx_word' id='word_1_924' title='bbox 1999 5219 2076 5293; x_wconf 82' lang='lat' dir='ltr'><strong>(f)</strong></span> <span class='ocrx_word' id='word_1_925' title='bbox 2107 5212 2260 5293; x_wconf 45' lang='lat' dir='ltr'><strong>Ba&#39;di</strong></span> <span class='ocrx_word' id='word_1_926' title='bbox 2286 5226 2341 5293; x_wconf 80' lang='lat' dir='ltr'><strong>et</strong></span> <span class='ocrx_word' id='word_1_927' title='bbox 2390 5216 2483 5272; x_wconf 88' lang='lat' dir='ltr'><strong>Er.</strong></span> <span class='ocrx_word' id='word_1_928' title='bbox 2515 5230 2638 5271; x_wconf 90' lang='lat' dir='ltr'><strong>cum</strong></span> <span class='ocrx_word' id='word_1_929' title='bbox 2684 5230 2792 5270; x_wconf 90' lang='lat' dir='ltr'><strong>uno</strong></span> <span class='ocrx_word' id='word_1_930' title='bbox 2821 5229 2853 5271; x_wconf 92' lang='lat' dir='ltr'><strong>e</strong></span> <span class='ocrx_word' id='word_1_931' title='bbox 2875 5212 3008 5270; x_wconf 71' lang='lat' dir='ltr'><strong>mes.</strong></span> <span class='ocrx_word' id='word_1_932' title='bbox 3041 5212 3238 5279; x_wconf 81' lang='lat' dir='ltr'><strong>Vatic.,</strong></span> <span class='ocrx_word' id='word_1_933' title='bbox 3278 5212 3523 5269; x_wconf 78' lang='lat' dir='ltr'><strong>natiuita-</strong></span> 
     </span>
    </p>
   </div>
   <div class='ocr_carea' id='block_1_115' title="bbox 1928 5289 3373 5369">
    <p class='ocr_par' dir='ltr' id='par_1_115' title="bbox 1928 5289 3373 5369">
     <span class='ocr_line' id='line_1_116' title="bbox 1928 5289 3373 5369; baseline 0.017 -24"><span class='ocrx_word' id='word_1_934' title='bbox 1928 5289 2276 5369; x_wconf 56' lang='lat' dir='ltr'><strong>teu&#39;tgtnjnus</strong></span> <span class='ocrx_word' id='word_1_935' title='bbox 2303 5289 2461 5369; x_wconf 57' lang='lat' dir='ltr'><strong>bene.</strong></span> <span class='ocrx_word' id='word_1_936' title='bbox 2619 5360 2633 5369; x_wconf 87' lang='lat'><strong>_</strong></span> <span class='ocrx_word' id='word_1_937' title='bbox 2737 5358 2794 5369; x_wconf 51' lang='grc' dir='ltr'><strong>Α,</strong></span> <span class='ocrx_word' id='word_1_938' title='bbox 2844 5360 2855 5369; x_wconf 65' lang='grc'><em>,</em></span> <span class='ocrx_word' id='word_1_939' title='bbox 3169 5365 3178 5369; x_wconf 27' lang='grc' dir='ltr'><strong><em>Α</em></strong></span> <span class='ocrx_word' id='word_1_940' title='bbox 3255 5354 3311 5369; x_wconf 71' lang='grc' dir='ltr'><strong>η.</strong></span> <span class='ocrx_word' id='word_1_941' title='bbox 3361 5355 3373 5369; x_wconf 95' lang='grc'>.</span> 
     </span>
    </p>
   </div>
   <div class='ocr_carea' id='block_1_116' title="bbox 2002 5354 3527 5440">
    <p class='ocr_par' dir='ltr' id='par_1_116' title="bbox 2002 5354 3527 5440">
     <span class='ocr_line' id='line_1_117' title="bbox 2002 5354 3527 5440; baseline -0.005 -20"><span class='ocrx_word' id='word_1_942' title='bbox 2002 5362 2080 5437; x_wconf 88' lang='lat' dir='ltr'><strong>(g)</strong></span> <span class='ocrx_word' id='word_1_943' title='bbox 2122 5361 2291 5428; x_wconf 89' lang='lat' dir='ltr'><strong>Editi,</strong></span> <span class='ocrx_word' id='word_1_944' title='bbox 2337 5361 2428 5440; x_wconf 79' lang='lat' dir='ltr'><strong>sed</strong></span> <span class='ocrx_word' id='word_1_945' title='bbox 2457 5377 2562 5440; x_wconf 78' lang='lat' dir='ltr'><strong>non</strong></span> <span class='ocrx_word' id='word_1_946' title='bbox 2589 5360 2699 5415; x_wconf 87' lang='lat' dir='ltr'><strong>sine</strong></span> <span class='ocrx_word' id='word_1_947' title='bbox 2730 5358 2934 5440; x_wconf 75' lang='lat' dir='ltr'><strong>Christo</strong></span> <span class='ocrx_word' id='word_1_948' title='bbox 2976 5365 3224 5440; x_wconf 44' lang='lat' dir='ltr'><strong>separato.</strong></span> <span class='ocrx_word' id='word_1_949' title='bbox 3250 5354 3452 5440; x_wconf 84' lang='lat' dir='ltr'><strong>Christo</strong></span> <span class='ocrx_word' id='word_1_950' title='bbox 3490 5372 3527 5412; x_wconf 79' lang='grc' dir='ltr'><em>α</em></span> 
     </span>
    </p>
   </div>
   <div class='ocr_carea' id='block_1_117' title="bbox 1931 5433 3529 5501">
    <p class='ocr_par' dir='ltr' id='par_1_117' title="bbox 1931 5433 3529 5501">
     <span class='ocr_line' id='line_1_118' title="bbox 1931 5433 3529 5501; baseline -0.004 -11"><span class='ocrx_word' id='word_1_951' title='bbox 1931 5433 2208 5498; x_wconf 75' lang='grc' dir='ltr'><strong>Ιὶεὸύενο.</strong></span> <span class='ocrx_word' id='word_1_952' title='bbox 2235 5443 2366 5499; x_wconf 88' lang='lat' dir='ltr'><strong>etc.,</strong></span> <span class='ocrx_word' id='word_1_953' title='bbox 2398 5433 2635 5490; x_wconf 88' lang='lat' dir='ltr'><strong>lectione</strong></span> <span class='ocrx_word' id='word_1_954' title='bbox 2671 5433 2852 5488; x_wconf 89' lang='lat' dir='ltr'><strong>minus</strong></span> <span class='ocrx_word' id='word_1_955' title='bbox 2877 5434 3084 5487; x_wconf 87' lang='lat' dir='ltr'><strong>sincera</strong></span> <span class='ocrx_word' id='word_1_956' title='bbox 3113 5442 3169 5486; x_wconf 88' lang='lat' dir='ltr'><strong>et</strong></span> <span class='ocrx_word' id='word_1_957' title='bbox 3212 5433 3529 5501; x_wconf 77' lang='lat' dir='ltr'><strong>interpune-</strong></span> 
     </span>
    </p>
   </div>
   <div class='ocr_carea' id='block_1_118' title="bbox 1935 5504 3432 5586">
    <p class='ocr_par' dir='ltr' id='par_1_118' title="bbox 1935 5504 3432 5586">
     <span class='ocr_line' id='line_1_119' title="bbox 1935 5504 3432 5586; baseline 0.008 -23"><span class='ocrx_word' id='word_1_958' title='bbox 1935 5509 2083 5586; x_wconf 74' lang='lat' dir='ltr'><strong>tione</strong></span> <span class='ocrx_word' id='word_1_959' title='bbox 2112 5509 2326 5586; x_wconf 61' lang='lat' dir='ltr'><strong>vitiosa.</strong></span> <span class='ocrx_word' id='word_1_960' title='bbox 2355 5504 2703 5586; x_wconf 71' lang='lat' dir='ltr'><strong>Castigantur</strong></span> <span class='ocrx_word' id='word_1_961' title='bbox 2726 5520 2830 5586; x_wconf 65' lang='lat' dir='ltr'><strong>Ope</strong></span> <span class='ocrx_word' id='word_1_962' title='bbox 2856 5520 2986 5586; x_wconf 65' lang='lat' dir='ltr'><strong>mss.</strong></span> <span class='ocrx_word' id='word_1_963' title='bbox 3140 5573 3171 5586; x_wconf 58' lang='grc' dir='ltr'>η</span> <span class='ocrx_word' id='word_1_964' title='bbox 3197 5573 3208 5586; x_wconf 67' lang='grc'><strong><em>,</em></strong></span> <span class='ocrx_word' id='word_1_965' title='bbox 3272 5572 3284 5584; x_wconf 71' lang='grc'><em>,</em></span> <span class='ocrx_word' id='word_1_966' title='bbox 3372 5571 3395 5586; x_wconf 81' lang='grc'>,</span> <span class='ocrx_word' id='word_1_967' title='bbox 3419 5572 3432 5586; x_wconf 84' lang='grc'><em>,</em></span> 
     </span>
    </p>
   </div>
   <div class='ocr_carea' id='block_1_119' title="bbox 2033 5571 3526 5654">
    <p class='ocr_par' dir='ltr' id='par_1_119' title="bbox 2033 5571 3526 5654">
     <span class='ocr_line' id='line_1_120' title="bbox 2033 5571 3526 5654; baseline -0.003 -19"><span class='ocrx_word' id='word_1_968' title='bbox 2033 5580 2092 5654; x_wconf 91' lang='lat' dir='ltr'><strong>h)</strong></span> <span class='ocrx_word' id='word_1_969' title='bbox 2121 5580 2254 5637; x_wconf 90' lang='lat' dir='ltr'><strong>Bad.</strong></span> <span class='ocrx_word' id='word_1_970' title='bbox 2286 5580 2458 5654; x_wconf 80' lang='lat' dir='ltr'><strong>et_Er_.</strong></span> <span class='ocrx_word' id='word_1_971' title='bbox 2490 5571 2612 5635; x_wconf 66' lang='lat' dir='ltr'><strong>Eum</strong></span> <span class='ocrx_word' id='word_1_972' title='bbox 2640 5593 2742 5654; x_wconf 84' lang='lat' dir='ltr'><strong>ms.</strong></span> <span class='ocrx_word' id='word_1_973' title='bbox 2766 5571 3002 5654; x_wconf 79' lang='lat' dir='ltr'><strong>Retni_g_.,</strong></span> <span class='ocrx_word' id='word_1_974' title='bbox 3032 5571 3526 5654; x_wconf 68' lang='lat' dir='ltr'><strong>credideris._l_.ips.</strong></span> 
     </span>
    </p>
   </div>
   <div class='ocr_carea' id='block_1_120' title="bbox 1930 5645 3525 5714">
    <p class='ocr_par' dir='ltr' id='par_1_120' title="bbox 1930 5645 3525 5714">
     <span class='ocr_line' id='line_1_121' title="bbox 1930 5645 3525 5714; baseline -0.005 -4"><span class='ocrx_word' id='word_1_975' title='bbox 1930 5665 1986 5710; x_wconf 91' lang='lat' dir='ltr'><strong>et</strong></span> <span class='ocrx_word' id='word_1_976' title='bbox 2014 5645 2141 5710; x_wconf 79' lang='lat' dir='ltr'><strong>Par.</strong></span> <span class='ocrx_word' id='word_1_977' title='bbox 2182 5668 2302 5710; x_wconf 90' lang='lat' dir='ltr'><strong>cum</strong></span> <span class='ocrx_word' id='word_1_978' title='bbox 2331 5650 2495 5708; x_wconf 89' lang='lat' dir='ltr'><strong>Corb.</strong></span> <span class='ocrx_word' id='word_1_979' title='bbox 2538 5661 2594 5707; x_wconf 91' lang='lat' dir='ltr'><strong>et</strong></span> <span class='ocrx_word' id='word_1_980' title='bbox 2633 5650 2839 5714; x_wconf 86' lang='lat' dir='ltr'><strong>aliquot</strong></span> <span class='ocrx_word' id='word_1_981' title='bbox 2882 5645 3019 5714; x_wconf 81' lang='lat' dir='ltr'><strong>aliis,</strong></span> <span class='ocrx_word' id='word_1_982' title='bbox 3067 5646 3272 5702; x_wconf 85' lang='lat' dir='ltr'><strong>credere</strong></span> <span class='ocrx_word' id='word_1_983' title='bbox 3321 5645 3525 5702; x_wconf 86' lang='lat' dir='ltr'><strong>debeas.</strong></span> 
     </span>
    </p>
   </div>
   <div class='ocr_carea' id='block_1_121' title="bbox 1933 5717 3105 5798">
    <p class='ocr_par' dir='ltr' id='par_1_121' title="bbox 1933 5717 3105 5798">
     <span class='ocr_line' id='line_1_122' title="bbox 1933 5717 3105 5798; baseline -0.009 -15"><span class='ocrx_word' id='word_1_984' title='bbox 1933 5726 2268 5798; x_wconf 82' lang='lat' dir='ltr'><strong>Reponimus</strong></span> <span class='ocrx_word' id='word_1_985' title='bbox 2297 5740 2419 5781; x_wconf 90' lang='lat' dir='ltr'><strong>cum</strong></span> <span class='ocrx_word' id='word_1_986' title='bbox 2441 5717 2828 5778; x_wconf 85' lang='lat' dir='ltr'><strong>sincerioribus</strong></span> <span class='ocrx_word' id='word_1_987' title='bbox 2857 5717 3105 5774; x_wconf 85' lang='lat' dir='ltr'><strong>crederes.</strong></span> 
     </span>
    </p>
   </div>
   <div class='ocr_carea' id='block_1_122' title="bbox 2002 5812 3532 5899">
    <p class='ocr_par' dir='ltr' id='par_1_122' title="bbox 2002 5812 3532 5899">
     <span class='ocr_line' id='line_1_123' title="bbox 2002 5812 3532 5899; baseline -0.002 -24"><span class='ocrx_word' id='word_1_988' title='bbox 2002 5820 2066 5898; x_wconf 71' lang='grc' dir='ltr'>(ὅ)</span> <span class='ocrx_word' id='word_1_989' title='bbox 2096 5820 2389 5899; x_wconf 64' lang='lat' dir='ltr'><strong>Recentior</strong></span> <span class='ocrx_word' id='word_1_990' title='bbox 2435 5832 2539 5872; x_wconf 89' lang='lat' dir='ltr'><strong>ms.</strong></span> <span class='ocrx_word' id='word_1_991' title='bbox 2570 5812 3081 5899; x_wconf 65' lang='lat' dir='ltr'><strong>Colb._quem§ad.</strong></span> <span class='ocrx_word' id='word_1_992' title='bbox 3116 5813 3306 5899; x_wconf 28' lang='grc' dir='ltr'><strong>φθῇς..</strong></span> <span class='ocrx_word' id='word_1_993' title='bbox 3349 5812 3532 5899; x_wconf 59' lang='lat' dir='ltr'><strong>secuti</strong></span> 
     </span>
    </p>
   </div>
   <div class='ocr_carea' id='block_1_123' title="bbox 1927 5885 3415 5963">
    <p class='ocr_par' dir='ltr' id='par_1_123' title="bbox 1927 5885 3415 5963">
     <span class='ocr_line' id='line_1_124' title="bbox 1927 5885 3415 5963; baseline -0.007 -15"><span class='ocrx_word' id='word_1_994' title='bbox 1927 5885 2073 5957; x_wconf 64' lang='lat' dir='ltr'><strong>sntit,</strong></span> <span class='ocrx_word' id='word_1_995' title='bbox 2105 5896 2399 5963; x_wconf 75' lang='lat' dir='ltr'><strong>frequenter</strong></span> <span class='ocrx_word' id='word_1_996' title='bbox 2426 5889 2609 5943; x_wconf 82' lang='lat' dir='ltr'><strong>asserit</strong></span> <span class='ocrx_word' id='word_1_997' title='bbox 2635 5904 2653 5944; x_wconf 88' lang='lat'><strong><em>:</em></strong></span> <span class='ocrx_word' id='word_1_998' title='bbox 2682 5885 3071 5953; x_wconf 77' lang='lat' dir='ltr'><strong>reluctantibus</strong></span> <span class='ocrx_word' id='word_1_999' title='bbox 3097 5886 3220 5942; x_wconf 80' lang='lat' dir='ltr'><strong>aliis</strong></span> <span class='ocrx_word' id='word_1_1000' title='bbox 3242 5886 3415 5943; x_wconf 82' lang='lat' dir='ltr'><strong>libris.</strong></span> 
     </span>
    </p>
   </div>
  </div>
