3988 6332
172 326 283 383 509

1404 324 1494 383 DE
1522 323 1900 385 ΤΒΙΜΤΔΤΕ
1936 322 2142 383 LIBER
2168 323 2263 382 IX.

3377 329 3483 388 510

173 443 229 499 in
258 441 453 500 arbore
480 456 663 499 ramus
689 448 773 497 est
804 483 818 509 ,
849 447 905 497 et
950 439 1095 497 rivus
1131 439 1189 507 in
1234 438 1382 496 lente
1409 449 1514 497 est.
1562 440 1629 497 Et
1657 440 1776 497 haec
1804 442 1858 504 Α
1883 447 1971 496 tur
1989 454 2055 497 ex
2083 440 2180 497 Dei
2204 440 2375 498 lorma
2392 482 2407 512 ,
2434 443 2578 499 servi
2604 442 2837 501 formam
2855 450 3014 502 natus
3040 454 3355 517 acceperat:
3384 445 3482 502 sed

172 535 297 608 ipsa
324 549 413 592 res
438 534 555 591 sola
585 534 685 591 sibi
712 542 796 591 est
822 532 999 604 potius
1026 575 1041 599 ,
1073 547 1235 605 quam
1263 547 1352 590 res
1375 548 1443 590 ex
1487 549 1548 590 re
1572 533 1778 590 substi-

172 638 295 685 tuta
325 635 448 685 est:
475 627 599 700 quia
634 642 741 683 non
770 625 915 683 aliud
946 626 1026 701 (α)
1052 627 1215 684 arbor
1252 642 1413 699 quam
1450 641 1654 695 ramus,
1683 642 1780 684 nc—

172 739 288 796 que
313 722 451 796 ignis
485 736 645 794 quam
675 721 855 789 calor,
889 726 1066 793 nequ‘e
1096 722 1215 777 fons
1257 721 1430 792 possit
1459 736 1582 778 esse
1617 736 1779 793 quam

173 819 347 874 rivus.
400 818 471 874 At
516 832 647 874 vero
686 816 994 888 unigenitus
1037 816 1183 872 Deus
1224 832 1291 872 ex
1341 816 1576 887 perlecta
1619 827 1781 888 atque

174 910 534 968 inenarrabili
580 909 859 967 nativitate
899 909 1198 966 subsistens
1224 909 1368 966 Deus
1402 918 1518 976 est,
1560 918 1614 966 et
1653 925 1781 967 vera

172 1006 466 1077 progenies
505 1003 839 1059 innascibilis
889 1001 983 1058 Dei
1030 1012 1144 1068 est,
1175 1012 1233 1058 et
1278 1003 1636 1073 incorporalis
1681 1018 1779 1059 na-

173 1110 319 1156 tura:
339 1097 615 1169 generatio
634 1095 1023 1168 incorporalis,
1054 1106 1108 1151 et
1141 1095 1283 1152 Deus
1312 1095 1467 1152 vivus
1494 1106 1551 1154 et
1572 1111 1732 1154 verus
1750 1109 1784 1153 a

173 1194 399 1251 vivente
418 1189 533 1246 Deo
554 1205 683 1245 vero
701 1231 717 1257 ,
742 1199 797 1246 et
819 1186 1191 1259 inseparabilis
1208 1206 1236 1242 a
1260 1188 1373 1245 Deo
1397 1198 1602 1245 naturte
1617 1189 1780 1246 Deus:

174 1288 311 1343 dum
337 1284 504 1359 286
539 1284 841 1341 subsistens
871 1284 1124 1340 nativitas
1150 1298 1258 1339 non
1304 1283 1530 1340 alterius
1577 1293 1783 1341 natura:

176 1382 353 1437 Deum
385 1382 463 1454 (l)
486 1379 728 1451 perfecit,
760 1393 932 1448 neque
953 1378 1260 1450 generatio,
1281 1393 1403 1448 quae
1429 1378 1780 1435 substantiam

174 1473 545 1547 provehebat,
590 1470 906 1528 substantiae
958 1480 1203 1526 naturam
1248 1469 1543 1529 demutavit
1592 1472 1645 1528 in
1689 1487 1785 1544 ge-

177 1585 336 1627 nere.

253 1663 345 1720 38.
371 1661 418 1718 υ
421 1662 555 1719 nitas
578 1669 805 1731 paterna:
833 1669 1035 1714 natura:
1051 1656 1257 1716 Christo
1285 1668 1341 1714 ut
1363 1659 1560 1716 homini
1577 1669 1781 1731 negata.

181 1757 292 1814 Per
314 1758 538 1833 gloriam
554 1754 603 1810 ei
618 1755 871 1810 redditur.
894 1784 964 1794 —
986 1753 1091 1810 Sed
1112 1754 1517 1825 dispensatione
1536 1770 1784 1826 assump-

1881 533 2022 589 hanc
2044 532 2224 591 carnis
2246 535 2675 608 assumptionem
2704 551 2768 594 ea
2788 579 2804 606 ,
2846 551 2973 594 cum
3000 552 3105 611 qua
3132 538 3235 597 sibi
3262 547 3479 595 natura-

1882 626 1949 682 lis
1974 626 2152 684 unitas
2175 637 2324 694 erat,
2343 628 2519 686 Patris
2548 639 2736 687 natura
2758 628 2840 706 (ἀ)
2858 645 2969 688 non
2996 638 3275 688 senserat:
3303 642 3358 689 et
3386 647 3486 688 no-

1881 719 2020 775 vitas
2067 719 2416 791 temporalis,
2449 720 2577 777 licet
2621 729 2870 779 maneret
2909 721 2964 778 in
2992 724 3196 779 virtute
3231 733 3441 781 naturae
3466 767 3481 790 ,

1883 810 1967 885 (3)
2007 811 2263 868 amiserat
2304 810 2376 887 (e)
2427 822 2641 883 tamen,
2691 828 2818 871 cum
2879 813 3052 871 forma
3096 816 3227 885 Dei,
3274 828 3484 876 natura;

1884 904 1981 961 Dei
2026 905 2324 962 secundum
2363 915 2698 978 assumptum
2728 906 2999 964 hominem
3036 908 3320 966 unitatem.
3374 910 3481 967 Sed

1885 1010 2096 1053 summa
2123 995 2191 1071 (f)
2234 998 2655 1069 dispensationis
2704 999 2822 1055 lucc
2868 1010 3021 1069 erat,
3063 1010 3124 1055 ut
3167 1010 3312 1058 totus
3342 1017 3485 1059 nunc

1887 1090 2087 1160 Filius,
2116 1091 2278 1149 homo
2304 1092 2514 1150 scilicet
2537 1102 2595 1149 et
2638 1091 2817 1161 Deus,
2850 1108 2947 1164 per
2975 1092 3363 1166 indulgentiam
3390 1110 3483 1167 pa-

1886 1195 2057 1244 terna:
2086 1188 2407 1253 voluntatis,
2436 1188 2626 1244 unitati
2654 1195 2890 1259 paterna:
2932 1197 3138 1244 natura:
3161 1189 3401 1246 inesset:
3432 1198 3490 1246 et

1887 1286 1978 1354 qui
2008 1281 2262 1338 manebat
2287 1282 2341 1338 in
2368 1281 2569 1339 virtute
2603 1292 2843 1352 naturae,
2876 1291 3127 1349 maneret
3170 1299 3388 1356 quoque
3429 1287 3483 1342 in

1884 1390 2085 1448 genere
2140 1386 2368 1431 naturae.
2412 1374 2471 1432 id
2521 1380 2666 1433 enim
2719 1376 2927 1433 homini
2972 1378 3385 1450 acquirebatur,
3431 1391 3491 1435 ut

1885 1470 2030 1565 “us
2058 1479 2219 1528 esset.
2274 1470 2381 1526 Sed
2422 1485 2643 1528 manere
2691 1471 2747 1528 in
2777 1472 2875 1529 Dei
2924 1473 3133 1529 unitate
3176 1485 3487 1546 assumptus

1886 1561 2053 1618 h'omo
2078 1562 2227 1619 nullo
2269 1564 2431 1620 modo
2455 1573 2707 1636 poterat,
2760 1566 2863 1620 nisi
2891 1580 2988 1637 per
3022 1566 3281 1622 unitatem
3308 1566 3405 1624 Dei
3435 1568 3488 1623 iu

1889 1657 2150 1713 unitatem
2187 1657 2285 1713 Dei
2317 1655 2391 1731 (g)
2436 1659 2698 1715 naturalis
2743 1660 3034 1717 evaderet:
3082 1669 3144 1717 ut
3186 1676 3285 1731 per
3326 1663 3487 1736 287

1890 1750 2024 1820 hoc,
2051 1751 2200 1823 quod
2224 1751 2279 1809 in
2311 1760 2499 1809 natura
2525 1752 2621 1810 Dei
2646 1761 2764 1810 erat
2785 1754 2930 1811 Deus
2957 1754 3223 1822 Verbum,
3251 1754 3490 1813 Verbum

180 1861 252 1907 tte
277 1849 489 1917 carnis,
536 1855 592 1904 et
619 1862 714 1918 per
749 1842 1233 1918 (b)‘exinanientis
1266 1861 1326 1902 se
1351 1863 1419 1902 ex
1466 1846 1560 1902 Dei
1612 1846 1787 1904 lorma
1818 1846 1868 1909 B
1893 1860 2106 1917 quoque
2145 1860 2272 1901 caro
2311 1845 2507 1902 factum
2548 1861 2764 1902 rursum
2803 1846 2858 1902 in
2902 1855 3094 1903 natura
3129 1847 3229 1905 Dei
3255 1849 3488 1906 inesset:

181 1942 547 2002 obedientiam
571 1983 587 2009 ,
612 1949 819 1998 natura:
845 1939 947 1995 sibi
985 1938 1067 2014 (Ξ)
1099 1939 1388 1996 novitatem
1434 1938 1507 2013 (c)
1537 1940 1785 1997 Christus

184 2039 350 2094 homo
426 2045 584 2092 natus
662 2032 952 2100 intulerat,
1029 2049 1137 2089 non
1193 2033 1409 2089 virtutis
1476 2044 1790 2107 naturaeque

189 2131 422 2199 damno,
449 2129 541 2187 sed
586 2128 803 2186 habitus
826 2127 1214 2185 demutatione.
1235 2126 1565 2186 Exinaniens
1588 2145 1650 2188 se
1688 2131 1790 2202 igi-

266 2251 284 2318 (
291 2248 346 2318 1)
375 2247 603 2316 Perﬁcit.

266 2250 316 2318 (l
375 2248 603 2316 Perﬁeit.

262 2248 346 2397 (23
375 2318 688 2376 Novitatem.
713 2314 763 2375 A
780 2317 1017 2376 secunda
1043 2333 1204 2374 manu
1220 2359 1236 2386 ,
1263 2318 1542 2375 natiuitate.

187 2438 328 2495 male
379 2435 724 2492 transtulere.
757 2433 893 2490 Nam
942 2432 1105 2501 illud,
1145 2434 1242 2489 sibi
1269 2442 1420 2499 sunt,
1454 2434 1557 2492 hoc
1595 2444 1782 2504 sonat,

184 2529 246 2567 ea
278 2525 391 2566 non
414 2524 538 2565 esse
558 2508 640 2562 sui
660 2506 830 2578 juris,
859 2522 958 2562 nec
987 2521 1082 2577 per
1110 2522 1172 2562 se
1195 2507 1528 2571 subsistere;
1562 2507 1698 2564 adeo
1721 2521 1782 2565 ut

185 2598 375 2639 ramus
404 2597 525 2636 cum
551 2580 773 2635 caudice
799 2594 906 2653 non
938 2579 1045 2653 sint
1076 2578 1196 2653 dua:
1219 2594 1305 2634 res
1336 2579 1556 2653 integrae
1586 2588 1647 2653 et
1666 2597 1789 2653 per-

187 2656 370 2721 fectm,
397 2667 623 2724 quarum
651 2666 755 2705 nua
783 2650 1073 2707 substituta
1105 2650 1175 2704 sit
1217 2664 1283 2724 ex
1318 2652 1483 2724 altera
1512 2694 1526 2717 ,
1557 2650 1787 2708 scd'una

183 2728 304 2784 sola
325 2721 542 2780 tantum
570 2724 898 2785 substantia.
939 2737 1059 2792 quae
1099 2736 1168 2777 ex
1214 2721 1421 2777 duabus
1449 2725 1689 2793 partibus
1719 2726 1792 2779 si-

186 2799 298 2855 mul
320 2798 530 2867 junctis
556 2811 707 2851 suam
737 2794 1140 2851 subsistentiam
1165 2794 1429 2850 obtineat.

264 2866 347 2941 (a)
380 2869 535 2941 Puta
560 2869 612 2923 in
643 2867 969 2941 subsistendi
1004 2867 1242 2932 ratione,
1272 2883 1394 2937 qua:
1421 2881 1525 2920 una
1556 2866 1640 2941 hic
1664 2882 1797 2941 con-

187 2936 624 2999 sideratttr.Natn
648 2936 787 3009 quod
817 2940 1059 3009 proxime
1082 2947 1240 2992 antea
1261 2936 1339 2991 res
1361 2953 1422 2991 ea:
1445 2953 1501 2991 re
1525 2938 1797 2993 substituta

191 3029 257 3070 ea
279 3014 522 3077 dicatur,
547 3008 757 3080 qum’ex
787 3025 845 3065 re
874 3009 1206 3065 subsistente
1224 3008 1621 3064 subsistentiam
1643 3026 1797 3066 suam

190 3095 491 3143 consecuta
520 3088 622 3150 sit;
672 3088 820 3153 patet
856 3097 920 3137 ex
968 3080 1254 3153 postremis
1310 3080 1409 3135 lib.
1434 3082 1795 3153 Δγιιιᾼνωίἠε,

191 3158 395 3230 quibus
423 3156 588 3230 Filius
616 3150 878 3230 asSeritur
909 3150 983 3209 ita
1007 3150 1319 3230 indi/ferens
1346 3169 1381 3207 a
1414 3150 1526 3230 lico
1552 3151 1721 3222 Deus,
1744 3163 1799 3209 ut

193 3223 490 3303 perfectum
529 3226 695 3303 Deum
726 3226 1037 3303 substituerit
1062 3223 1579 3303 perfectannativitas.

265 3294 348 3371 (ὗ)
385 3299 461 3354 Ita
498 3314 626 3353 mss.
658 3302 728 3353 At
754 3297 957 3371 egensi,
992 3294 1341 3371 esinaniendi.

266 3366 496 3444 (6)81“.
515 3371 751 3444 Remig,
770 3369 978 3436 Germ.,
998 3368 1220 3444 lilartin.
1230 3381 1298 3444 ac
1326 3374 1475 3444 vetus
1498 3366 1679 3434 Colb.,
1702 3384 1801 3444 Ana-

195 3438 474 3502 tivitatem.
531 3438 789 3499 Maluinus
814 3457 938 3496 cum
975 3439 1123 3495 libris
1175 3438 1294 3493 aliis
1335 3441 1604 3494 novitatem
1632 3481 1649 3507 ,
1699 3442 1801 3495 hoc

195 3527 284 3576 est
306 3561 322 3583 ,
354 3532 545 3572 novam
575 3512 807 3569 hominis
838 3524 1120 3567 naturam:
1150 3510 1292 3578 quod
1322 3512 1643 3566 continuare
1677 3513 1803 3583 licet

197 3591 287 3647 his
312 3582 469 3644 num.
500 3587 598 3644 Νι
632 3587 728 3654 Qui
770 3601 885 3640 eum
916 3600 968 3637 se
994 3583 1329 3647 evacuarerit,
1358 3590 1413 3637 ut
1438 3599 1649 3638 manens
1678 3582 1802 3655 Spi-

196 3666 340 3719 ritus
360 3660 599 3718 Christus
621 3699 636 3723 ,
669 3659 803 3713 idem
839 3656 1073 3712 Christus
1117 3658 1265 3708 homo
1308 3664 1468 3721 esset;
1498 3656 1552 3709 in
1589 3671 1803 3726 corpore

197 3736 490 3792 demutatio
519 3731 719 3788 habitus
737 3740 786 3785 et
808 3728 1092 3800 assumptio
1120 3737 1320 3800 natura:
1348 3732 1438 3795 (en
1478 3735 1684 3800 natura:
1708 3744 1802 3782 ηο.

198 3812 345 3865 vitas
364 3807 407 3880 ),
445 3814 678 3880 naturam
726 3798 993 3880 manentis
1023 3798 1300 3880 divinitatis
1331 3814 1433 3880 non
1460 3799 1668 3880 peremit
1692 3815 1710 3880 ί
1734 3815 1799 3854 cn

199 3880 334 3953 quid
361 3867 463 3933 sibi
494 3877 641 3953 velit,
674 3891 775 3929 non
798 3870 999 3953 virtutis
1040 3879 1336 3953 natumque
1364 3867 1573 3953 damno.
1595 3867 1804 3953 Sed-et

200 3940 365 4009 initio
385 3965 535 4006 num.
559 3948 651 4012 55,
681 3963 786 4001 non
807 3946 1038 4001 obscure
1073 3941 1253 4007 datur,
1277 3941 1418 4012 quod
1448 3941 1686 3996 nativitas
1712 3940 1805 3995 ho-

198 4026 364 4080 minis
390 4031 628 4077 naturam
653 4034 838 4074 novam
862 4013 1058 4071 intulit.

274 4096 366 4169 (ά)
398 4094 535 4169 ῥιπᾷ..
568 4101 623 4169 et
660 4092 752 4169 Er.
778 4104 900 4169 cum
932 4085 1236 4169 recentiore
1270 4099 1373 4139 ms.
1395 4081 1707 4169 Δ(Ζοιιιηηοη
1736 4085 1807 4140 si-

202 4156 369 4224 nerei.
400 4164 539 4234 Quid
571 4160 656 4218 hic
685 4158 1018 4234 signiﬁcetur
1038 4157 1299 4234 ,_planum
1331 4164 1414 4211 est
1446 4170 1513 4234 ex
1542 4156 1801 4234 bis_num.

200 4240 311 4298 60:
344 4225 700 4309 Ignorandum
730 4225 1028 4310 Existimas,
1059 4225 1265 4282 Patrem
1302 4236 1443 4310 extra
1467 4227 1599 4310 hanc
1624 4225 1807 4282 huma-

200 4302 399 4368 narum
427 4310 722 4380 passionum
737 4302 1251 4375 assumptiouem.....
1279 4302 1389 4355 sine
1406 4302 1575 4354 carnis
1601 4315 1808 4372 suscep-

203 4388 351 4441 tione
378 4380 671 4437 mansisse?

277 4456 438 4531 (eilu
461 4467 591 4508 mss.
614 4449 775 4531 Corb:
800 4447 869 4503 ab
892 4445 1117 4527 antiqua
1137 4459 1299 4531 manu
1323 4442 1555 4531 secunda
1578 4441 1803 4531 Cislerc.

172 4551 180 4557 ’
202 4514 443 4598 aliisque
465 4521 877 4598 recentioribus,
894 4534 995 4572 non
1013 4516 1276 4582 amiserat;
1294 4525 1483 4598 etniox
1497 4515 1637 4598 apud
1650 4514 1805 4598 Puta,

202 4586 560 4661 nativitatem,
589 4610 696 4650 non
724 4593 1001 4646 unitatem:
1031 4598 1303 4661 corrupte.
1349 4587 1449 4661 Qui
1496 4586 1807 4661 praedictum

202 4673 460 4729 codicem
488 4658 648 4723 Corb.
678 4664 833 4720 annis
861 4662 930 4717 ab
955 4661 1079 4715 hinc
1103 4659 1321 4715 circiter
1347 4659 1454 4716 800
1476 4658 1805 4724 emendavit,

204 4706 580 4802 ῖιῗέ
955 4706 1311 4805 ῇδιανιρῶλιῆι
1336 4706 1556 4802 dogma:
1586 4706 1805 4805 ξιοιῖοεὶί
1834 4706 1889 4767 D

207 4801 373 4888 piens
402 4812 530 4885 quid
563 4801 795 4888 unitatis
816 4806 920 4888 Dei
946 4801 1203 4887 naturalis
1224 4801 1487 4886 iacturam
1527 4803 1803 4888 vel_recuf

245 4875 554 4947 eratio'netn
592 4882 798 4938 diceret
838 4877 1122 4947 Hilarius,
1152 4877 1307 4945 cujus
1345 4890 1481 4930 nova
1529 4875 1704 4947 potius
1750 4882 1805 4929 et

205 4945 473 5020 inusitata
526 4954 680 5011 nobis
718 4960 802 5008 est
857 4945 1111 5019 loquendi
1156 4947 1332 5012 ratio,
1380 4962 1538 5019 quam
1586 4945 1802 5014 dOgma.

205 5037 338 5093 Non
366 5033 510 5089 enim
556 5032 715 5097 negat
762 5024 814 5076 in
843 5022 1059 5097 Christo
1082 5058 1095 5079 ,
1140 5034 1344 5097 ωςμῳο
1373 5033 1593 5074 carnem
1624 5031 1809 5074 susce-

208 5089 653 5179 pi't,inaturaletﬁ
674 5097 815 5150 inter
843 5091 1129 5179 barbariam
1180 5089 1523 5179 divinamqne
1559 5100 1806 5179 naturain

207 5162 523 5239 trinitatem:
568 5184 726 5242 quam
774 5174 1086 5242 constanter
1134 5162 1269 5217 adeo
1311 5164 1708 5242 propuguavih,
1751 5169 1810 5215 ut

205 5232 385 5324 gssit
411 5265 465 5303 η.
497 5232 662 5307 mei
682 5252 899 5324 ρατηθιιι
924 5235 1204 5324 εβριίξιξεηυ
1230 5244 1283 5290 οι
1307 5232 1470 5315 carie
1496 5248 1555 5288 se
1574 5232 1813 5324 spolia!)-

210 5305 335 5383 iga
364 5335 527 5376 unum
558 5305 914 5379 eamdemque
941 5305 1214 5383 Christum
1238 5307 1417 5383 negari
1451 5322 1555 5383 non
1588 5305 1813 5374 permit-

210 5377 382 5454 iéi’ét.
415 5391 600 5460 Longe
620 5384 798 5460 minus
825 5377 990 5436 Sentit
1014 5377 1284 5460 Christum
1298 5379 1375 5459 ab
1393 5377 1594 5460 unitate
1611 5385 1817 5431 natura:

211 5449 467 5545 paterna:
497 5449 937 5545 cgcidiSsezfum.
962 5467 1061 5519 qua
1075 5449 1173 5545 sibi
1193 5490 1208 5517 ,
1238 5452 1547 5545 (illiilli-[Hist
1571 5462 1819 5545 ass-tth;

212 5520 645 5600 hominem
667 5569 684 5596 ,
715 5523 964 5600 naturalis
999 5522 1168 5600 unitas
1196 5532 1324 5587 erat,
1353 5523 1426 5600 uti
1476 5522 1723 5600 proxime
1751 5520 1820 5574 ab

211 5592 347 5688 iis?)
364 5592 691 5686 διιάίνίτημδλ
715 5612 778 5688 ἒξ
805 5595 1211 5688 ¹’¹¹⁵⁴ΞΡ¹’ἔ)¹ξὲἓ¹3ῗ
1230 5593 1461 5688 “251119.”
1466 5592 1818 5688 ίέιὲῗιῗῖῗζίξζτέν

217 5663 439 5747 {ams
473 5663 693 5748 passim.
722 5670 852 5737 Qua:
878 5663 964 5748 esi
1008 5664 1171 5748 igitur
1197 5666 1454 5747 naturalis
1479 5664 1569 5748 illa
1590 5663 1772 5748 unitas
1805 5703 1821 5729 ,

260 5733 687 5817 :lgm—VC'ltristus
729 5733 1041 5817 secundum
1067 5736 1341 5817 hominem
1387 5735 1661 5817 uitiiset-it?
1708 5733 1825 5790 Non

729 5782 961 5892 ipa-tinet
992 5808 1195 5892 gloria:
1234 5810 1396 5892 cujus
1433 5809 1667 5892 nondum
1699 5822 1830 5892 con-

219 5876 528 5964 £33685
559 5876 791 5949 humana
821 5880 986 5957 ipsius
1001 5876 1226 5952 natura,
1258 5876 1490 5953 quodam
1529 5879 1691 5939 modo
1718 5876 1832 5936 dis.

1896 1950 2058 2011 atque
2085 1941 2159 1997 ita
2186 1940 2350 1997 homo
2366 1940 2528 1998 Jesus
2554 1942 2804 1999 Christus
2842 1952 3089 2001 maneret
3114 1944 3167 1999 in
3195 1943 3366 2017 gloria
3393 1944 3492 2002 Dei

1896 2035 2067 2107 patris
2084 2076 2101 2104 ,
2133 2034 2179 2091 si
2207 2036 2261 2091 in
2297 2035 2456 2092 Verbi
2474 2035 2702 2107 gloriam
2726 2050 2856 2095 caro
2876 2047 3022 2095 esset
3049 2038 3234 2094 unita:
3264 2038 3494 2095 rediret-

1895 2145 2002 2200 que
2028 2136 2159 2185 tunc
2181 2129 2236 2185 in
2274 2137 2481 2185 natura:
2510 2137 2750 2201 paterna:
2776 2131 2940 2186 etiam
2982 2130 3279 2188 secundum
3314 2132 3492 2187 homi-

1966 2247 2046 2322 (5)
2072 2244 2166 2322 Sic
2207 2256 2262 2304 et
2291 2261 2320 2302 a
2365 2247 2557 2322 prima,
2586 2264 2753 2305 manu
2794 2249 2999 2307 codicis
3040 2251 3244 2321 nostri;
3281 2249 3377 2309 sed
3423 2265 3491 2306 ex

1892 2320 2293 2388 emendatione,
2323 2336 2429 2377 non
2455 2320 2720 2378 amiserat.

1894 2437 2102 2494 sidebat
2146 2451 2176 2493 a
2207 2435 2417 2510 divina,
2469 2445 2659 2508 utpote
2696 2434 2975 2510 passibilis
3017 2437 3087 2494 ab
3129 2435 3443 2510 impassibili
3477 2481 3493 2507 ,

1896 2510 2140 2565 mortalis
2167 2510 2236 2565 ab
2259 2509 2588 2576 immortali,
2622 2509 2839 2566 inﬁrma
2881 2510 2952 2567 ab
3001 2509 3390 2579 omnipotente.
3426 2510 3497 2567 At

1897 2582 1989 2638 ubi
2015 2597 2111 2654 per
2136 2580 2366 2653 gloriam
2392 2581 2633 2654 redditur
2662 2582 3089 2654 incorruptibilis
3109 2621 3124 2646 .
3150 2582 3497 2648 immortalis,

1896 2652 2116 2717 aeterna,
2148 2652 2285 2720 etc.,
2319 2661 2429 2707 tum
2459 2652 2697 2725 perlecta
2743 2652 2963 2725 gaudet,
2992 2664 3249 2725 quantum
3298 2666 3494 2710 creata:

1896 2724 2211 2781 substantiae
2234 2725 2392 2792 licet,
2424 2738 2547 2780 cum
2575 2724 2671 2780 Dei
2701 2724 2887 2781 natura
2911 2725 3306 2797 consensione:
3334 2741 3495 2797 quam

1896 2798 2115 2869 quidem
2137 2796 2574 2869 consensionem,
2601 2805 2662 2851 ut
2689 2811 2756 2852 ex
2777 2797 3127 2868 sequentibus
3151 2796 3324 2868 magis
3354 2796 3499 2869 per-

1900 2867 2146 2938 spicuum
2169 2869 2294 2935 erit,
2311 2878 2467 2925 vocat
2493 2867 2729 2924 Hilarius
2750 2869 3009 2925 unitatem
3040 2867 3359 2925 naturalem.
3391 2867 3498 2924 Ne-

1900 2957 2003 3012 que
2033 2950 2116 2996 est
2144 2939 2286 3011 quod
2317 2937 2437 3012 quis
2460 2950 2694 3012 qumrat,
2721 2954 2818 2995 cur
2846 2940 3092 2996 Christus
3106 2941 3260 3012 illam
3290 2940 3499 2996 dicatur

1902 3013 2169 3074 amisisse,
2192 3026 2351 3081 quam
2379 3020 2502 3066 ante
2522 3011 2810 3081 gloriosam
2829 3011 3281 3067 resurrectionem
3306 3027 3501 3066 secun—

1903 3084 2030 3138 dum
2066 3090 2402 3148 assumptum
2449 3083 2721 3137 hominem
2771 3096 3059 3150 numquam
3110 3081 3375 3139 habuerit.
3418 3082 3494 3139 Ea

1903 3157 2045 3211 enim
2075 3155 2284 3211 ratione
2325 3167 2452 3210 vere
2476 3151 2778 3225 afﬁrmatur
2816 3155 3095 3220 amisisse,
3129 3170 3231 3225 qua
3261 3169 3389 3210 vere
3415 3155 3499 3211 di-

1903 3228 2041 3281 citur
2067 3226 2134 3281 de
2155 3225 2341 3299 ipsius
2373 3240 2537 3299 carne
2557 3264 2572 3287 .
2605 3224 2713 3299 Hie
2750 3237 2821 3280 est
2843 3226 2991 3299 panis
3016 3227 3106 3299 qui
3131 3227 3195 3281 de
3228 3226 3353 3280 caelo
3410 3230 3500 3299 de-

1904 3299 2120 3353 scendit.
2154 3296 2228 3353 Ut
2256 3297 2399 3352 enim
2431 3296 2591 3352 docet
2615 3299 2671 3351 S.
2697 3297 2806 3351 Leo
2830 3296 2986 3367 epist.
3021 3296 3163 3354 nunc
3190 3311 3337 3365 xstv,
3360 3312 3410 3352 c.
3441 3298 3498 3365 5,

1902 3369 2184 3439 Augustini
2208 3370 2367 3423 verba
2388 3377 2657 3423 mutuatus
2683 3382 2749 3423 ex
2772 3367 2865 3423 lib.
2889 3378 3078 3424 contra
3108 3371 3283 3426 Serm.
3310 3367 3497 3425 Arion.

1902 3458 1949 3497 c.
1977 3443 2041 3498 8:
2065 3442 2284 3513 Propter
2306 3441 2709 3513 hancrunitatem
2732 3455 2965 3512 persona:
2987 3443 3044 3496 in
3070 3451 3286 3513 utraque
3309 3452 3497 3496 natura

1900 3511 2307 3587 intelligendam,
2336 3522 2381 3566 et
2422 3512 2565 3583 ﬁlius
2591 3511 2813 3587 hominis
2852 3513 3035 3587 legitur
3068 3512 3393 3587 descendisse
3436 3514 3501 3568 de

1903 3583 2197 3654 etelofcum
2223 3588 2361 3656 ﬁlius
2394 3587 2485 3640 Dei
2528 3601 2736 3660 carnem
2768 3586 2831 3642 de
2860 3583 3160 3660 ea‘Virgine
3197 3585 3261 3640 de
3296 3602 3396 3655 qua
3422 3594 3497 3640 est

1904 3670 2057 3715 natus
2084 3663 2380 3731 assumpsit,
2423 3667 2529 3715 etc.
2566 3659 2721 3714 Enim
2747 3674 2877 3714 vero
2917 3658 3165 3715 Christus
3183 3701 3198 3723 ,
3225 3663 3351 3731 ante
3380 3671 3501 3731 car-

1904 3737 1990 3789 nis
2014 3729 2413 3803 susceptionem
2436 3775 2452 3801 ,
2488 3735 2797 3801 praedictam
2822 3731 2967 3787 illam
2997 3733 3256 3786 unitatem
3285 3729 3497 3796 simpli-

1903 3812 2039 3862 citer
2066 3816 2122 3861 et
2148 3807 2399 3861 absolute
2439 3805 2734 3871 habuerat,
2791 3814 2976 3874 postea
3022 3818 3153 3858 vero
3202 3804 3499 3874 secundum

1905 3884 2237 3948 assumptum
2285 3878 2556 3932 hominem
2610 3892 2716 3931 non
2747 3871 3022 3948 habebat:
3062 3883 3120 3948 at
3166 3871 3496 3948 aliquid_ha-

1904 3940 2452 4019 buisse'simpliciler,
2482 3959 2535 4003 et
2574 3955 2693 4019 post
2719 3962 2825 4001 non
2855 3947 2986 4019 item
3011 3944 3231 4011 habere,
3256 3940 3385 4013 Quid
3417 3952 3501 4019 est

1906 4022 2010 4077 nisi
2039 4014 2326 4075 amittere?
2347 4014 2627 4090 Negotium
2664 4018 2930 4090 facessere
2974 4016 3060 4071 hic
3088 4023 3310 4090 posset,
3355 4014 3500 4085 quod

1906 4094 2068 4149 etiam
2110 4094 2299 4147 lormze
2332 4085 2733 4161 Dei'jacturam
2787 4089 2968 4161 facere
3014 4085 3108 4161 hic,
3142 4085 3501 4161 praedicetur,

1908 4164 2011 4219 nisi
2038 4164 2219 4233 fornae
2246 4157 2767 4219 nominevexternum
2810 4160 3049 4216 habitum
3099 4157 3504 4229 intelligendum

1908 4251 2030 4292 esse
2052 4236 2161 4306 jam
2189 4250 2372 4307 supra,
2401 4249 2551 4290 num.
2586 4233 2673 4301 M,
2707 4243 2984 4290 ostensum
3008 4237 3175 4288 esset.

1983 4350 2049 4423 (f)
2081 4350 2193 4406 Hoc
2223 4350 2752 4423 est,consumm_atio
2787 4359 2946 4423 atque
2974 4346 3261 4423 perfectio:
3296 4361 3419 4418 qum
3449 4356 3508 4423 ut

1909 4423 1964 4479 in
1990 4418 2134 4494 'psal.
2163 4439 2222 4487 tt,
2252 4440 2306 4479 n.
2330 4422 2424 4489 27,
2457 4421 2763 4493 esponitur,
2792 4418 2971 4477 in'hoc
2984 4421 3092 4494 sita
3115 4427 3268 4494 erat,
3289 4418 3504 4494 utquod

1912 4488 2018 4552 tum
2045 4495 2184 4566 ﬁlius
2205 4488 2424 4549 hominis
2454 4488 2547 4555 est,
2577 4495 2645 4547 ad
2665 4496 2943 4566 perfectum
2972 4490 3065 4547 Dei
3094 4488 3285 4566 filium.
3316 4490 3500 4566 idest,

1913 4567 1980 4621 ad
2034 4561 2391 4621 resumendam
2434 4561 2901 4636 indulgendamque
2957 4562 3161 4636 corpori
3208 4561 3507 4636 teter-uitatis

1914 4656 2025 4711 ante
2053 4639 2294 4711 gloriam,
2322 4654 2413 4711 per
2442 4635 2843 4711 resurrectioiiis
2873 4635 3151 4711 potentiam
3193 4635 3508 4711 gigneretur.

1914 4710 2014 4767 Ubi
2042 4703 2106 4764 ad
2140 4703 2435 4781 peric—cium
2470 4709 2561 4781 Ι)βί
2590 4707 2763 4781 lilium
2795 4703 2941 4781 gigni
2972 4704 3112 4761 idem
3141 4703 3469 4781 omninoest
3493 4746 3508 4770 ,

1909 4783 2055 4855 quod,
2075 4775 2161 4836 hic
2181 4792 2315 4836 totus
2336 4799 2469 4855 nunc
2493 4780 2658 4851 filius,
2683 4779 2768 4835 vel
2790 4775 2937 4855 quod
2958 4792 3146 4855 supra,
3172 4793 3322 4855 _nun_t_.
3350 4779 3407 4855 ii,
3430 4785 3512 4831 to-

1913 4846 1993 4910 fus
2038 4854 2189 4907 homo
2216 4863 2349 4907 totus
2378 4846 2547 4907 Deus:
2578 4846 2651 4907 π
2689 4846 2911 4921 proinde
2957 4846 3101 4921 quod
3132 4847 3236 4921 hic
3258 4846 3454 4903 dicitur
3488 4890 3504 4914 ,

1915 4942 2004 4998 per
2026 4925 2398 4998 indulgentiam
2450 4919 2998 4998 paternw‘voluutatis
3052 4919 3238 4998 unitati
3267 4929 3511 4998 paterna:

1915 4991 2114 5052 natura:
2138 4991 2316 5058 inesse.
2353 4996 2494 5052 idem
2524 4996 2594 5050 sit
2618 5009 2840 5052 necesse
2862 5004 2968 5060 eSt,
2990 4992 3135 5063 quod
3159 4991 3373 5047 laudato
3393 4991 3512 5046 loco

1916 5068 2128 5137 corpori
2179 5065 2497 5122 aeternitatis
2532 5064 2758 5137 gloriam
2801 5082 2896 5137 per
2936 5064 3388 5121 resurrecdonem
3429 5064 3513 5120 itt-

1920 5141 2161 5211 dulgere.
2191 5137 2393 5194 Confer
2424 5149 2708 5210 utrumque
2736 5138 2933 5195 locum.

1987 5232 2065 5305 (g)
2094 5232 2182 5289 Sic
2212 5247 2341 5287 mss.
2387 5231 2459 5288 At
2509 5232 2679 5305 editi,
2710 5231 3026 5286 naturalem:
3072 5227 3173 5283 hac
3218 5230 3515 5305 mutatione

1920 5298 2107 5360 llilarii
2139 5319 2362 5373 scopum
2396 5318 2461 5360 ac
2508 5304 2709 5360 subtile
2752 5310 3134 5374 argumentum
3168 5312 3391 5374 prorsus
3418 5298 3516 5353 ob-

1918 5370 2454 5452 scurantes.'Volens
2473 5377 2617 5452 etaim
2661 5370 3034 5452 demonstrare
3077 5370 3350 5452 Christum
3392 5384 3517 5425 esse

1923 5450 2090 5524 Deum
2121 5449 2417 5524 naturalem
2444 5493 2457 5517 ,
2492 5447 2595 5503 hoc
2624 5464 2691 5524 eo
2719 5446 2973 5524 coniicit,
3017 5441 3171 5524 quod
3195 5441 3362 5524 ipsius
3387 5455 3519 5524 car_o

1926 5523 1979 5576 in
2005 5521 2229 5592 gloriam
2260 5535 2325 5576 ac
2352 5516 2594 5575 naturam
2626 5518 2819 5597 νεεψίΔ
2837 5518 2929 5597 Dei
2960 5516 3127 5577 unita,
3159 5516 3287 5597 insit
3318 5516 3522 5596 uni—

1929 5589 2040 5649 tate
2070 5603 2308 5662 paterna:
2340 5604 2575 5656 naturae;
2605 5591 2747 5660 quod
2788 5589 3032 5662 ﬁerinon
3060 5589 3252 5656 possit,
3281 5589 3383 5641 nisi
3416 5600 3524 5642 una

1934 5674 1988 5721 et
2011 5660 2199 5720 eadem
2232 5663 2302 5718 sit
2347 5663 2520 5719 Patris
2567 5678 2629 5718 ac
2664 5662 2825 5716 Verbi
2887 5660 2981 5715 Dei
3023 5665 3244 5725 natura,
3276 5672 3381 5728 qua
3409 5673 3526 5714 me-

1934 5738 2118 5793 diante
2144 5751 2273 5793 caro
2299 5751 2422 5790 cum
2462 5742 2644 5789 natura
2672 5733 2834 5788 Verhi
2864 5732 2958 5787 Dei
2984 5731 3128 5786 unita
3157 5770 3172 5796 ,
3200 5730 3347 5785 unita
3378 5731 3448 5784 sit
3471 5738 3528 5785 et

1935 5825 2058 5866 cum
2086 5819 2280 5865 natura
2310 5806 2523 5874 Patris;
2551 5805 2882 5878 proindeque
2920 5803 3024 5861 nisi
3051 5797 3300 5859 Christus
3327 5802 3398 5859 sit
3423 5817 3523 5858 na-

1936 5880 2126 5937 turalis
2156 5881 2318 5937 Deus.

1936 5880 2126 5938 turalis
2156 5881 2318 5937 Deus.
