3988 6332
530 264 630 327 '5“

1738 269 1983 328 SANC'I‘I
2026 270 2284 330 lllLARll
2325 269 2637 331 EPISCOPI
3558 268 3561 271 ’
3686 287 3764 343 se

535 402 662 443 nem
708 386 965 442 unitatem
1016 384 1251 442 Verbum
1302 398 1429 441 caro
1466 383 1698 454 factum,
1740 402 1862 443 eum
1904 388 2130 459 gloriam
2162 394 2210 451 Α
2238 387 2398 445 tionis
2425 399 2761 444 excesserat:
2788 389 2992 448 scilicet
3023 402 3079 447 ιιι
3107 390 3160 448 ἰη
3207 407 3267 449 ea
3298 402 3479 450 natura
3508 412 3592 468 per
3609 400 3770 471 gloriﬁ.

542 479 705 537 Verbi
734 495 861 536 caro
881 489 1154 550 assumpta
1180 480 1459 537 tenuisset.
1491 480 1785 538 Reddenda
1817 482 1977 554 igitur
1996 482 2139 553 apud

537 576 798 643 seipsum
826 572 908 647 (a)
955 573 1098 635 Patri
1125 582 1245 630 erat
1296 576 1474 631 unitas
1513 590 1641 641 sua,
1688 585 1748 632 ut
1793 586 1999 632 naturas
2029 592 2142 634 sua:

538 665 799 722 nativitas
839 667 896 721 iu
927 681 986 723 se
1034 679 1245 722 rursnm
1293 666 1640 737 gloril‘teanda
1691 667 1986 724 resideret:
2016 670 2145 740 quia

535 762 954 832 dispensationis
971 763 1182 817 novitas
1196 761 1789 819 oli'ensionentunitatis
1802 764 2070 830 intulerat;
2090 773 2146 820 et

538 856 720 912 unitas
738 864 795 910 ut
817 855 1049 926 perlecta
1090 867 1247 912 antea
1278 855 1481 920 fuerat,
1509 856 1655 911 nulla
1676 871 1796 912 esse
1816 872 1961 912 nunc
1993 866 2143 927 pote-

538 958 645 1015 rat,
683 949 783 1005 nisi
812 948 1109 1019 gloriﬁcata
1147 948 1289 1018 apud
1309 963 1369 1005 se
1398 949 1586 1005 inisset
1610 951 1789 1005 carnis
1819 950 2141 1020 assumptio.

615 1042 708 1099 39.
734 1042 915 1098 Gloria
950 1042 1124 1098 Patris
1144 1043 1312 1113 gloria
1343 1041 1502 1109 Filii,
1532 1044 1685 1113 idque
1718 1055 1866 1099 sonat
1900 1043 2040 1114 apud
2069 1053 2141 1099 te.

443 1209 450 1217 ο
547 1137 676 1194 Ilwc
704 1139 897 1193 homini
918 1148 1182 1210 assumpto
1214 1155 1315 1192 non
1343 1153 1584 1192 concessu
1606 1181 1620 1203 ,
1652 1149 1859 1210 peracta
1879 1141 2145 1211 dispensa-

542 1235 680 1288 tione
708 1243 940 1303 rogatur.
961 1262 1031 1272 -——
1060 1232 1127 1287 Et
1157 1232 1358 1289 ideirco
1383 1241 1533 1288 tanto
1562 1243 1718 1288 antea
1752 1243 2052 1305 praeparato
2076 1232 2145 1289 ad

546 1325 671 1380 ﬁdei
711 1325 869 1394 hujus
898 1324 1308 1395 intelligentiam
1336 1340 1501 1381 sensu
1522 1368 1537 1391 ,
1569 1342 1692 1381 cum
1724 1327 1979 1382 dixisset:
2022 1325 2146 1381 Ila'c

540 1427 612 1472 est
627 1426 794 1473 autem
811 1419 912 1473 vita
926 1428 1137 1483 (eterna,
1153 1428 1208 1470 ut
1218 1426 1523 1489 cognoscant
1538 1428 1584 1473 te
1601 1418 1762 1473 solum
1775 1435 1941 1473 verum
1958 1416 2143 1523 De“,

545 1520 593 1565 et
613 1526 760 1582 quem
777 1511 958 1565 misisti
973 1510 1005 1563 J
1012 1528 1152 1564 esum
1176 1510 1432 1566 Christum
1458 1510 1638 1584 (Joau.
1655 1527 1786 1579 mu,
1800 1512 1858 1584 ὅ)
1879 1530 1893 1575 ;
1920 1510 2148 1583 subjecit

548 1602 845 1658 secundum
863 1602 1281 1672 dispensationis
1298 1619 1409 1659 sua:
1432 1604 1819 1672 obedientiam,
1841 1604 1949 1679 Ego
1974 1615 2022 1660 te
2037 1604 2149 1676 glo-

549 1696 749 1767 riﬁcavi
771 1712 923 1768 super
948 1707 1139 1751 terram
1159 1738 1173 1762 ,
1216 1714 1345 1768 opus
1388 1699 1760 1766 consummaui;
1791 1700 1931 1769 quod
1961 1699 2149 1756 dedisti

2243 482 2510 537 catiouem
2558 498 2743 539 mrsus
2787 496 2961 553 esset,
2992 487 3045 543 in
3072 502 3180 560 qua
3218 501 3540 547 sacramento
3578 506 3676 550 erat
3709 498 3771 554 ili;

2246 576 2383 633 vinas
2412 579 2702 635 nativitatis
2753 580 2963 649 uuitus,
2993 579 3073 656 (g)
3100 594 3350 656 essetque
3378 586 3516 642 Patri
3560 590 3678 660 apud
3708 608 3773 650 sc-

2246 672 2531 744 metipsum
2562 673 2925 743 glorificatus:
2956 685 3014 731 ut
3059 678 3200 747 quod
3249 679 3385 750 apud
3427 696 3540 737 eum
3579 695 3683 741 ante
3706 688 3775 741 lia-

2245 764 2406 821 bebat
2428 779 2697 837 maneret,
2729 785 2899 842 neque
2928 771 3193 828 alienaret
3223 775 3289 829 ab
3315 791 3380 831 eo
3407 776 3579 833 format
3604 780 3681 835 Dei
3706 798 3777 837 na-

2245 868 2444 928 turam,
2476 863 2665 918 fortnm
2695 865 2909 919 servilis
2955 870 3292 938 assumptio;
3332 870 3422 925 sed
3456 873 3583 941 apud
3622 886 3775 931 semet-

2247 952 2422 1023 ipsum
2469 955 2794 1025 glorilicarct
2827 957 3054 1015 formam
3074 962 3238 1022 servi.
3265 971 3320 1017 ut
3345 975 3573 1021 maneret
3599 966 3666 1039 (Ιι)
3686 984 3775 1025 esse

2247 1048 2342 1104 Dei
2372 1048 2581 1105 forma:
2611 1052 2735 1121 quia
2787 1054 2874 1124 qui
2929 1054 2980 1109 in
3013 1056 3107 1111 Dei
3138 1056 3305 1112 forma
3355 1071 3634 1126 manserat,
3675 1062 3779 1119 idem

2244 1150 2368 1198 erat
2393 1144 2444 1198 iu
2473 1145 2617 1200 servi
2647 1144 2839 1201 forma.
2871 1147 2940 1204 Et
2970 1164 3091 1203 cum
3121 1152 3260 1206 servi
3295 1151 3461 1207 forma
3497 1153 3780 1225 gloriﬁcanda

2248 1246 2391 1291 esset
2421 1236 2472 1291 in
2497 1237 2591 1292 Dei
2620 1238 2810 1304 forma,
2841 1241 2979 1312 apud
2999 1256 3121 1297 eum
3144 1244 3315 1310 ipsum
3338 1244 3657 1315 glorificantia
3677 1260 3778 1313 erat,

2248 1326 2301 1381 in
2319 1327 2471 1397 cujus
2494 1328 2663 1384 forma
2690 1330 2876 1385 forma:
2892 1333 3102 1388 servilis
3121 1345 3237 1390 erat
3253 1335 3464 1392 habitus
3482 1338 3779 1395 honorandus.

2320 1422 2410 1475 40.
2437 1421 2604 1477 Verba
2629 1423 2724 1478 Dei
2749 1425 2943 1496 qualia.
2972 1424 3202 1481 Gloriam
3221 1431 3365 1484 carni
3385 1447 3486 1486 non
3525 1431 3662 1487 Verbo
3682 1451 3785 1503 qua-

2249 1516 2365 1570 sivit
2394 1515 2647 1573 Christus.
2684 1518 2882 1574 «Non
2940 1536 3080 1575 nova
3131 1537 3263 1578 vero
3308 1523 3454 1592 ltzne,
3497 1540 3658 1597 neque
3680 1544 3782 1584 nunc

2246 1612 2482 1681 primum
2517 1613 2840 1685 evangelicis
2883 1615 3142 1670 doctrinis
3173 1615 3238 1689 (ἱ)
3261 1619 3563 1688 consignata
3604 1636 3687 1676 vox
3708 1622 3786 1676 Do-

2250 1706 2384 1761 mini
2407 1715 2492 1763 est
2515 1726 2530 1760 :
2555 1717 2610 1761 et
2633 1708 2732 1763 hoc
2760 1710 2935 1780 ipsum
2960 1711 3039 1783 (j)
3074 1711 3408 1782 glorificandi
3440 1711 3551 1768 Filii
3592 1714 3706 1784 apud
3726 1730 3788 1770 se-

550 1786 678 1842 nii/ti
703 1798 761 1843 ut
782 1787 1187 1862 {acerem(lbid.
1221 1789 1301 1862 4).
1329 1789 1459 1847 Post
1484 1806 1624 1861 qute.
1650 1800 1708 1845 nt
1736 1792 1985 1847 meritmu
2016 1793 2147 1849 obe-
2179 1794 2228 1856 B
2258 1801 2542 1870 metipsum
2574 1801 2667 1856 Dei
2718 1804 2883 1872 patris
2931 1816 3327 1859 sacramentum
3358 1808 3688 1876 pulcherrima
3724 1808 3785 1862 illa

550 1882 766 1941 dientite
783 1893 834 1939 et
853 1896 1247 1940 sacramentum
1272 1885 1432 1941 totius
1452 1885 1868 1955 dispensationis
1889 1885 2152 1957 intellige~

547 1980 758 2047 remus,
779 1980 1007 2050 adjecit,
1036 1979 1101 2035 Et
1129 1996 1264 2034 nunc
1286 1978 1361 2051 (b)
1389 1979 1625 2051 gloriﬁca
1645 1996 1723 2034 me
1750 1988 1805 2034 tu
1834 1978 1992 2034 Pater
2015 1981 2156 2053 apud

553 2074 1069 2148 temetipsum'gloria
1106 2090 1259 2144 quam
1299 2072 1545 2128 habebam
1568 2115 1582 2140 ,
1608 2083 1879 2145 antequam
1911 2073 2156 2127 saeculum

552 2176 711 2235 esset,
739 2168 881 2239 apud
922 2177 970 2223 te
998 2166 1162 2239 (Ibid.
1196 2167 1276 2241 5).
1308 2168 1411 2237 Qui
1436 2182 1657 2224 manere
1677 2164 1948 2223 Christum
1982 2169 2034 2222 itt
2062 2182 2144 2221 ua.

553 2271 672 2317 tura
700 2260 793 2316 Dei
820 2261 1070 2334 denegat,
1086 2272 1141 2318 et
1164 2262 1579 2333 inseparabilem
1610 2277 1733 2319 esse
1753 2273 1915 2334 atque
1942 2261 2154 2318 indiil‘eo

550 2366 758 2411 rentem
795 2371 825 2409 a
857 2356 973 2411 solo
1012 2356 1123 2410 Deo
1155 2371 1282 2412 vero
1311 2372 1415 2411 non
1439 2354 1643 2420 credit;
1689 2359 2014 2427 respondeat
2037 2372 2157 2427 qua:

551 2449 715 2519 hujus
744 2451 1017 2519 petitionis
1035 2453 1106 2507 sit
1129 2453 1286 2516 ratio,
1308 2451 1374 2507 Et
1396 2467 1531 2508 nunc
1559 2451 1796 2523 glori/ica
1816 2467 1892 2505 me
1919 2460 1972 2504 tu
2004 2449 2160 2505 Pater

553 2548 699 2617 apud
717 2549 1052 2618 temetipsum.
1087 2550 1226 2618 Quid
1252 2550 1394 2605 enim
1417 2564 1594 2605 causa:
1623 2557 1728 2615 est,
1759 2557 1816 2602 ut
1844 2564 1969 2602 cum
2001 2546 2159 2602 Pater

555 2640 824 2713 gloriﬁcct
847 2642 987 2713 apud
1016 2644 1401 2713 semetipsum?
1434 2651 1525 2697 aut
1552 2657 1672 2714 quae
1712 2641 1864 2696 verbi
1904 2640 2062 2712 hujus
2087 2644 2157 2696 si-

553 2732 834 2804 gniﬁcatio
854 2735 973 2791 est?
995 2736 1158 2808 quive
1175 2736 1582 2806 signiﬁcationis
1609 2734 1831 2792 eﬂ‘eetus
1854 2736 1971 2797 est?
1999 2733 2161 2790 Pater

553 2840 791 2898 namque
811 2835 920 2882 non
941 2836 1062 2898 eget
1079 2828 1247 2899 gloria
1268 2870 1284 2894 ,
1315 2842 1413 2884 nec
1434 2843 1495 2884 se
1528 2828 1867 2885 exinanierat
1891 2827 1960 2884 de
1987 2827 2155 2884 forma

554 2920 742 2992 gloria:
772 2934 904 2975 sine.
937 2919 1018 2993 (1)
1060 2921 1342 2990 Quomodo
1395 2932 1573 2978 autem
1622 2921 1763 2991 apud
1808 2922 2159 2993 semetipsum

554 3015 953 3087 gloriﬁcaturus
981 3026 1065 3073 est
1107 3017 1335 3087 Filium,
1366 3027 1422 3073 et
1442 3033 1506 3074 ea
1558 3018 1729 3089 gloria
1784 3034 1942 3089 quam
1972 3018 2160 3074 habuit

555 3111 699 3183 apud
758 3127 879 3166 eum
927 3122 1055 3167 ante
1100 3111 1287 3168 mundi
1339 3112 1817 3168 constitutionem?
1864 3112 1970 3168 Sed
2018 3111 2157 3183 apud

2256 1895 2372 1965 spei
2414 1910 2528 1950 suae
2557 1897 2913 1966 gratulatione
2942 1907 3171 1955 testatus
3192 1910 3274 1955 est
3303 1909 3414 1967 tum
3438 1908 3597 1967 ,‘cum
3615 1900 3719 1956 Juda
3740 1902 3786 1957 ad

2259 1988 2620 2059 proditionem
2673 1999 2904 2046 exeunte
2948 2034 2963 2058 ,
3010 1992 3206 2063 gaudio
3254 1995 3668 2050 consummandae
3711 2010 3787 2049 stur

2257 2078 2688 2151 dispensationis
2719 2082 2890 2139 elatus
2935 2084 3050 2140 hinc
3090 2085 3261 2141 dixit:
3297 2085 3452 2141 Nunc
3494 2084 3788 2155 honori/iratus

2259 2184 2337 2228 est
2364 2174 2507 2243 [ilius
2534 2174 2791 2241 hominis,
2841 2185 2887 2231 et
2918 2176 3061 2233 Deus
3106 2177 3479 2251 houoriﬁcatus
3504 2190 3572 2233 est
3595 2181 3639 2233 in
3659 2195 3718 2233 eo.
3748 2178 3789 2231 Si

2260 2267 2402 2322 Deus
2451 2266 2823 2339 honoriﬁcatus
2865 2279 2942 2326 est
2985 2271 3039 2325 in
3081 2286 3140 2325 eo
3170 2313 3186 2339 ,
3230 2281 3276 2325 et
3309 2271 3451 2326 Deus
3497 2270 3786 2340 houoriﬁcarit

2260 2378 2374 2417 eum
2400 2363 2453 2418 in
2483 2379 2557 2428 se,
2583 2373 2631 2418 et
2659 2363 2800 2419 Deus
2842 2366 3077 2436 protinus
3130 2365 3490 2436 honoriﬁcam
3532 2382 3635 2419 eum
3657 2362 3788 2433 (locu.

2263 2473 2379 2528 xm,
2410 2458 2501 2523 51,
2533 2457 2650 2529 32).
2685 2456 2823 2525 Quid
2855 2457 3038 2513 limosi
3062 2460 3310 2526 corporis
3343 2472 3532 2529 graves
3556 2459 3731 2521 animm,
3754 2467 3790 2510 ct

2261 2550 2519 2607 sordente
2575 2551 2812 2622 peccatis
2868 2553 3198 2607 conscientia
3263 2552 3464 2608 faetida:
3524 2565 3792 2620 omnemque

2262 2645 2339 2720 (k)
2355 2654 2564 2702 mentes
2580 2645 3101 2717 ttsqucadjudicium
3128 2645 3329 2701 divina:
3352 2645 3421 2701 de
3438 2660 3494 2701 se
3520 2643 3792 2716 proiessionis

2265 2740 2565 2796 inﬂantur?
2597 2748 2652 2795 et
2676 2741 2913 2796 arbitros
2942 2753 3041 2794 nos
3071 2748 3277 2794 natura:
3293 2739 3532 2796 etelestis
3559 2739 3626 2811 (id
3646 2747 3718 2803 est,
3739 2736 3794 2791 di-

2265 2832 2431 2903 vinae)
2457 2831 2800 2902 deputantes,
2834 2832 3013 2902 impiis
3060 2831 3125 2885 ad
3152 2831 3323 2887 Deum
3356 2832 3626 2889 calumniis
3653 2839 3793 2885 nostra

2264 2923 2717 2995 disputationibus
2751 2922 2814 2997 (ι)
2850 2925 3175 2981 rebellamus
3197 2924 3220 2978 ?
3246 2924 3460 2991 Quanta
3510 2922 3663 2994 potuit
3693 2919 3793 2976 enim

2265 3015 2528 3072 Dominus
2570 3017 2857 3073 verborum
2913 3017 3262 3088 simplicitate
3307 3016 3656 3088 evangelieam
3683 3013 3795 3069 ﬁdem

2264 3110 2476 3166 locutus
2505 3120 2618 3165 est:
2647 3120 2703 3166 et
2739 3112 2790 3165 in
2834 3118 3040 3167 tantum
3069 3111 3136 3165 ad
3184 3110 3589 3182 intelligentiam
3618 3119 3795 3163 nostram

560 3221 686 3263 eum
716 3205 917 3262 habere
947 3207 1039 3278 qui
1069 3221 1263 3263 sensus
1292 3208 1411 3263 est?
1442 3205 1558 3262 Non
1608 3208 1752 3262 enim
1784 3206 1855 3262 ait
1896 3207 2160 3287 gloriam,
2190 3190 2236 3254 C
2269 3218 2552 3259 sermones
2580 3205 2817 3274 aptavit,
2854 3204 2905 3258 in
2936 3214 3196 3275 quantum
3229 3215 3439 3260 natura:
3471 3214 3653 3259 nostra.
3679 3200 3798 3257 ferret

558 3314 720 3367 quam
770 3298 1034 3355 habebam
1079 3310 1366 3369 antequam
1407 3300 1665 3355 Steeulum
1728 3308 1906 3366 esset,
1940 3284 2159 3372 (cicuta

559 3406 739 3447 essem
768 3392 911 3461 apud
964 3401 1051 3458 te;
1085 3392 1180 3448 sed
1229 3392 1482 3459 gloriam,
1511 3408 1671 3463 quam
1718 3392 1981 3448 habebam
2021 3391 2163 3463 apud

562 3494 639 3541 te.
669 3485 805 3540 Esse
836 3485 983 3541 enim
1011 3486 1151 3555 apud
1183 3494 1257 3553 te,
1299 3488 1684 3543 consistentem
1732 3486 2030 3557 signiﬁcat:
2066 3490 2162 3541 ha-

561 3577 697 3633 bere
739 3591 920 3636 autem
972 3579 1112 3651 apud
1160 3590 1244 3641 te.
1292 3589 1495 3636 natura:
1543 3591 1941 3637 sacramentum
1982 3580 2161 3637 docet.

566 3669 820 3742 Gloriﬁca
849 3673 927 3743 (2)
952 3689 1082 3729 vero
1112 3674 1195 3747 (d)
1226 3690 1305 3729 me
1327 3674 1468 3744 apud
1497 3684 1564 3738 te,
1597 3690 1704 3730 non
1732 3674 1873 3732 idem
1911 3686 1993 3730 est
2017 3675 2161 3746 quod

560 3766 803 3836 gloriﬂca
843 3782 945 3828 me.
980 3766 1098 3823 Non
1133 3769 1275 3824 enim
1322 3768 1673 3838 semetipsum
1720 3768 2009 3841 gloriﬁcari
2050 3779 2165 3825 tan-

564 3869 678 3914 tum
708 3860 874 3935 288
897 3861 993 3928 ita,
1023 3870 1081 3915 ut
1101 3861 1202 3916 sibi
1230 3861 1429 3933 aliquid
1457 3862 1526 3916 sit
1554 3862 1635 3935 (ε)
1655 3864 1925 3933 proprium
1953 3864 2163 3932 gloriae,

564 3962 754 4024 rogat:
779 3954 873 4010 sed
901 3954 1040 4026 apud
1073 3956 1424 4027 semetipsum
1455 3956 1667 4012 Patrem
1690 3956 1980 4028 glorilieari
2009 3972 2069 4011 se
2097 3956 2168 4011 ab

564 4064 632 4105 eo
655 4062 925 4120 precatur.
957 4051 1026 4109 Ut
1049 4054 1193 4108 enim
1225 4053 1276 4107 in
1307 4054 1511 4109 unitate
1536 4068 1634 4108 sua
1660 4062 1901 4107 maneret
1931 4063 1989 4106 ut
2018 4069 2170 4109 mau-

562 4156 751 4211 serat,
783 4146 1180 4218 gloriﬁcaturus
1220 4163 1343 4204 eum
1374 4147 1515 4219 apud
1558 4162 1617 4202 se
1657 4147 1817 4202 Pater
1860 4156 2010 4211 erat;
2043 4147 2170 4219 quia

564 4238 747 4310 gloria:
769 4256 882 4296 sua:
917 4241 999 4314 (5)
1035 4242 1211 4298 unitas
1254 4240 1322 4313 (Ῑ)
1358 4256 1452 4313 per
1490 4238 1853 4296 obedientiam
1886 4239 2173 4312 dispensa-

639 4401 717 4542 (i;
748 4400 1021 4468 Quomodo
1047 4415 1189 4472 ergo.

639 4473 693 4542 (2
752 4473 919 4528 Abest
945 4488 1084 4526 vero.

636 4473 717 4547 (2)
752 4473 919 4528 Abest
945 4488 1084 4526 vero.

2269 3297 2581 3364 inﬁrmitas;
2614 3314 2720 3354 non
2744 3308 2924 3355 tamen
2957 3308 3016 3353 ιιι
3073 3298 3274 3369 aliquid
3326 3300 3505 3355 minus
3529 3298 3715 3369 dignum
3736 3306 3800 3346 ua-

2272 3400 2407 3446 turae
2435 3407 2547 3445 suae
2567 3392 2851 3461 majestate
2889 3391 3223 3462 loqueretur.
3274 3391 3346 3448 Et
3382 3392 3600 3464 primam
3640 3384 3800 3473 quidep

2270 3484 2398 3540 dicti
2446 3484 2528 3539 sui
2583 3484 3037 3555 signiﬁcationem
3080 3500 3186 3540 non
3234 3487 3541 3556 ambiguam
3585 3483 3800 3543 existimo,

2270 3593 2393 3634 cum
2419 3578 2490 3633 ait
2513 3596 2526 3631 :
2558 3576 2611 3631 Ν
2617 3595 2716 3633 unc
2745 3577 3115 3647 honoriﬁcatus
3137 3590 3211 3634 est
3240 3581 3388 3651 ﬁlius
3416 3580 3644 3635 hominis
3667 3573 3802 3633 Gloria

2274 3670 2417 3725 enim
2445 3671 2621 3726 omnis
2665 3685 2769 3725 non
2800 3670 3002 3735 Verbo,
3041 3672 3136 3727 sed
3190 3674 3343 3728 carni
3386 3664 3803 3745 acquiri-baturzid

2275 3775 2378 3831 est,
2410 3780 2513 3821 non
2540 3765 2801 3820 nativitati
2828 3766 2993 3838 289
3024 3766 3116 3822 Dei
3143 3808 3159 3834 ,
3192 3766 3289 3824 sed
3335 3769 3448 3825 nati
3493 3764 3701 3823 hominis
3727 3759 3806 3817 dis-

2277 3860 2601 3931 pensationi.
2632 3859 2744 3914 lloc
2790 3875 2920 3914 vero
2949 3860 3092 3929 quod
3138 3862 3409 3933 sequitur,
3436 3861 3563 3933 quid
3601 3855 3805 3929 signiﬁcet

2276 3962 2569 4029 interrogo,
2604 3957 2670 4012 Et
2701 3957 2836 4012 Deus
2881 3957 3257 4028 honoriﬁcatus
3284 3966 3361 4011 est
3390 3958 3443 4010 in
3488 3971 3563 4010 eo.
3606 3946 3805 4008 liotmriﬁ-

2274 4050 2452 4108 catttnt
2484 4054 2626 4109 enim
2654 4055 2706 4109 in
2727 4068 2792 4109 eo
2824 4057 2987 4109 Deum
3019 4053 3215 4108 audin:
3247 4064 3299 4107 ct
3325 4052 3453 4125 quid
3495 4049 3626 4107 ismd
3666 4047 3722 4103 sit
3749 4057 3807 4097 se

2277 4146 2510 4201 rutidum
2544 4145 2950 4215 intelligentiam
2980 4154 3148 4210 tuam,
3182 4146 3464 4214 hmretice,
3485 4145 3676 4214 ignoro.
3704 4136 3805 4192 Dens

2278 4242 2332 4297 in
2354 4256 2421 4296 eo
2469 4240 2857 4296 honoriﬁcatus
2896 4249 3011 4306 est,
3061 4240 3113 4295 in
3143 4239 3255 4295 lilio
3291 4242 3479 4311 utique
3521 4233 3808 4292 hominiszet

2345 4398 2428 4476 (ὅ)
2459 4398 2503 4455 ι]
2510 4400 2738 4455 nitatem.

635 4617 712 4691 (a)
739 4620 848 4675 Seu
873 4636 905 4673 a
931 4616 1110 4682 Patre,
1146 4615 1306 4671 tacita
1330 4627 1465 4670 voce
1494 4610 1632 4667 Filio
1652 4628 1666 4666 :
1686 4611 1778 4684 qui
1808 4610 2049 4666 nativitas
2076 4628 2168 4665 na—
2193 4613 2248 4675 D
2272 4621 2327 4666 et
2354 4611 2470 4678 En,
2504 4620 2557 4665 ut
2583 4619 2810 4691 maneret
2831 4609 2932 4691 Dei
2954 4615 3121 4691 [arma
3144 4652 3185 4691 ι
3187 4611 3311 4691 quia
3332 4612 3423 4684 qui
3460 4611 3512 4666 in
3537 4612 3687 4682 forma
3718 4596 3812 4657 tm;

565 4702 698 4746 turre
724 4707 832 4745 sure
853 4698 1039 4759 postea
1067 4697 1308 4759 vocatur.

637 4761 713 4833 (ὁ)
738 4756 962 4833 Garum.
989 4760 1182 4833 codex,
1218 4758 1462 4833 Clariﬁca
1493 4774 1664 4812 me...
1707 4756 1871 4828 gloria
1895 4771 2048 4833 quam
2075 4756 2169 4807 ha-

570 4829 873 4955 bui.("'l‘unt
933 4847 1038 4886 ms.
1082 4830 1202 4886 Vat.
1246 4831 1366 4886 bas.
1415 4840 1688 4901 antequam
1752 4829 1973 4882 mundus
2043 4837 2171 4881 esset

572 4919 674 4955 amt
741 4912 807 4955 te.

572 4912 713 4956 apud
741 4912 807 4956 te.

606 4922 718 5046 pili?)
882 4974 1067 5047 verba,
1084 4990 1199 5028 cum
1221 4990 1379 5047 essent
1392 4973 1533 5047 apud
1547 4983 1615 5040 te,
1631 4972 1830 5028 omittit
1850 4970 2021 5027 codex
2046 4970 2165 5026 Vat.

573 5045 720 5108 bas.’,
744 5045 838 5100 sed
869 5046 1044 5101 omitti
1076 5061 1181 5100 non
1211 5045 1429 5102 debent.

646 5118 727 5187 (ά)
756 5116 890 5171 illud
920 5133 996 5171 me
1021 5117 1317 5186 adjeeimus
1343 5132 1410 5172 ex
1461 5132 1563 5173 ms.
1590 5116 1714 5171 Vat.
1747 5115 1863 5170 bas.
1917 5125 1969 5170 et
2001 5114 2174 5171 altero

576 5189 849 5245 Vaticame
874 5188 1237 5244 bibliothecae.

648 5260 724 5332 (e)
758 5259 812 5315 Id
835 5271 920 5316 est
944 5301 959 5325 ,
989 5274 1096 5314 non
1125 5270 1277 5329 rogat
1319 5269 1376 5315 ut
1426 5259 1631 5332 aliquid
1674 5258 1860 5332 gloria}
1901 5256 2029 5332 sibi_
2054 5271 2179 5332 pro-

576 5328 753 5401 prium
780 5333 1033 5387 obveniat
1060 5346 1124 5387 ac
1153 5328 1458 5400 peculiare,
1486 5330 1628 5401 quod
1649 5328 1773 5385 cum
1801 5328 1971 5401 gloria
1998 5328 2177 5385 Patris

579 5418 685 5458 non
721 5417 941 5474 prorsus
962 5418 1251 5458 commune
1275 5404 1368 5459 sit.

651 5474 717 5544 (ί)
745 5476 834 5546 Sic
856 5475 1111 5546 potiores
1139 5489 1270 5530 mss.
1299 5478 1365 5529 At
1387 5473 1538 5546 editi,
1571 5473 1839 5527 unitatem.

651 5541 727 5618 (ᾖ)
756 5541 939 5601 Codex
970 5545 1089 5601 Vat.
1142 5547 1255 5602 bas.
1287 5562 1406 5601 cum
1448 5544 1689 5612 Martin.,
1718 5552 1945 5614 essetque
1986 5541 2179 5600 Pater:

579 5619 723 5688 quod
762 5631 868 5673 non
900 5618 1096 5685 placet.

655 5687 735 5760 (Ιι)
786 5688 839 5741 In
870 5690 1097 5760 vulgatis
1124 5689 1280 5745 deest
1320 5706 1446 5753 esse,
1472 5687 1612 5760 quod
1634 5687 1918 5757 suppletur
1942 5702 2005 5742 ex
2038 5701 2170 5760 mss.

582 5758 673 5825 Sic
718 5774 874 5831 Stipra
914 5758 1099 5815 n.14:
1131 5778 1233 5816 non
1273 5772 1326 5826 ut
1356 5758 1586 5824 Christus
1610 5801 1625 5823 .
1655 5761 1742 5831 qui
1781 5759 1835 5812 in
1865 5763 2045 5831 forma
2076 5758 2171 5831 Dei

576 5836 709 5898 erat,
736 5826 965 5888 Christus
992 5846 1100 5887 esse
1127 5847 1229 5889 non
1257 5843 1481 5889 maneat.
1505 5832 1638 5891 Male
1658 5826 1837 5888 autem
1864 5826 2004 5903 apud
2034 5830 2163 5888 Dad.

2273 4693 2552 4747 manserat,
2588 4683 2722 4737 idem
2743 4692 2850 4736 erat
2870 4684 2921 4737 in
2951 4681 3115 4753 forma
3139 4681 3256 4736 Dei.

2348 4753 2412 4826 (i)
2434 4756 2552 4808 Par.
2578 4770 2699 4808 eum
2723 4765 2905 4810 vetere
2935 4769 3036 4809 ttlS.
3068 4754 3246 4820 Colb.,
3269 4755 3592 4823 conﬁrmata.

2349 4826 2421 4896 (ᾔ)
2451 4826 2575 4880 Mss.
2617 4826 2888 4897 VMLDQS.
2916 4835 2971 4880 et
2996 4826 3205 4880 Martia.
3231 4868 3245 4892 ,
3271 4827 3717 4897 gloriﬁcariitttm‘
3748 4829 3814 4871 εο-

2278 4892 2365 4953 ius
2386 4898 2509 4954 Vat.
2541 4898 2679 4964 has.,
2713 4896 2907 4951 Filium
2950 4899 3094 4967 apud
3137 4892 3462 4969 semetipsum
3495 4897 3558 4952 de
3588 4892 3737 4970 Patris
3758 4902 3820 4970 ta-

2277 4979 2568 5024 cramento:
2600 4970 2874 5024 mendose.
2906 4963 3000 5025 llic
3019 4986 3120 5024 Vox
3142 4963 3519 5024 sacramentum
3548 4963 3818 5037 nerin‘iein'

2280 5040 2702 5112 telligendarest,
2739 5055 2801 5095 ac
2821 5042 2864 5095 si
2907 5040 3131 5110 repetita
3164 5049 3310 5095 esset
3340 5043 3393 5095 in
3434 5034 3573 5095 hunc
3613 5034 3816 5092 modum:

2280 5111 2421 5189 Filii;
2458 5111 2605 5189 apud
2652 5112 3003 5189 semetipsum
3051 5112 3405 5189 glorilicandi_
3442 5115 3818 5189 sacramentum.

2280 5184 2423 5254 quod
2458 5172 2550 5239 Dei
2573 5184 2747 5238 Patris
2775 5172 3175 5239 saéramenium
3207 5196 3317 5249 est,
3355 5185 3408 5239 id
3438 5194 3540 5248 est,
3569 5178 3751 5254 propria
3768 5172 3815 5225 il-

2282 5257 2384 5310 lius
2409 5256 2580 5311 ratio:
2611 5270 2718 5325 quo
2748 5268 2913 5310 sensu
2943 5271 3088 5310 num.
3126 5257 3189 5311 3i
3221 5256 3422 5312 dictum
3481 5263 3583 5321 est,
3604 5254 3820 5307 Auctorem

2284 5328 2560 5382 nativitatis
2591 5343 2699 5381 esse
2719 5369 2735 5393 ,
2767 5337 3145 5382 sacramentum
3174 5337 3441 5396 paternum
3468 5337 3556 5382 est.

2356 5398 2434 5471 (lt)
2471 5399 2781 5469 Adjecimtts
2804 5407 2995 5454 mentes
3017 5416 3079 5454 ex
3115 5413 3247 5454 mss.

2356 5455 2428 5540 lli
2452 5455 2661 5544 Bad'._et
2685 5472 2783 5544 Er.
2807 5486 2929 5525 cum
2960 5485 3067 5525 uno
3096 5486 3198 5526 ms.
3227 5470 3397 5544 Vatic.
3449 5455 3821 5544 {ultimum-qugd

2284 5552 2339 5599 et
2363 5530 2735 5597 'halmitCorh.
2764 5558 2790 5593 a
2825 5544 2994 5612 prima
3026 5558 3207 5598 manu.
3252 5542 3372 5599 Par.
3398 5530 3518 5599 etim
3555 5553 3673 5596 mss.

2279 5630 2344 5670 ac
2365 5613 2549 5670 Germ.
2576 5606 2944 5686 repugnamus.
2976 5613 3324 5670 Prml‘erimus
3350 5629 3473 5671 cum
3507 5612 3642 5684 Lips.
3669 5606 3818 5686 etalils

2279 5702 2408 5741 mss.
2451 5675 2775 5740 rebelliimus.
2821 5684 2912 5741 Sic
2945 5686 3040 5741 lib.
3074 5702 3112 5740 tt
3156 5687 3224 5742 ad
3279 5675 3640 5743 Constautfu.
3667 5679 3720 5734 6:
3746 5675 3817 5728 sub

2272 5757 2565 5831 reﬁciendis
2592 5756 2897 5813 novitatibus
2926 5759 3069 5815 novis
3122 5759 3223 5829 ipsi
3247 5759 3314 5813 ad
3347 5758 3505 5813 Deum
3542 5751 3722 5813 υοςὲΙηιε
3752 5760 3815 5800 η’·

2267 5830 2539 5887 (leuamus.
