3988 6332
165 328 263 385 515

1362 328 1452 385 DE
1490 325 1865 384 TRINITATE
1906 326 2112 383 LIBER
2152 328 2246 383 IX.

3344 330 3450 389 5M

161 458 330 519 quer
358 459 426 499 an
475 442 614 501 ﬁlius
657 443 891 501 hominis
936 442 1076 499 idem
1128 441 1198 499 sit
1245 451 1299 499 et
1329 441 1467 498 ﬁlius
1514 442 1629 497 Dei.
1672 441 1735 497 Et
1761 440 2071 512 Ailligent,
2099 442 2153 496 in
2186 441 2340 498 nullo
2390 451 2570 500 tamen
2600 442 2816 514 agmine
2866 441 3107 500 hazrendi
3142 444 3447 502 molestiam

164 557 273 600 cum
301 554 405 596 neu
440 539 514 612 (ιι)
536 540 672 597 alius
710 542 782 596 sit
829 538 970 595 ﬁlius
999 537 1262 603 hominis,
1295 552 1472 608 neque
1513 537 1651 593 alius
1684 536 1749 592 ﬁ-

162 636 254 697 lius
298 634 387 690 Dei
436 632 691 705 (Verbum
737 634 880 689 enim
934 647 1062 688 caro
1109 630 1304 688 factum
1358 630 1501 702 est);
1532 638 1587 686 et
1623 644 1745 685 cum

164 729 243 799 qui
276 725 437 782 Filius
463 726 559 781 Dei
586 735 700 792 est,
731 727 845 797 ipse
873 735 926 781 et
954 724 1186 782 hominis
1212 725 1282 779 sit
1315 722 1492 789 ﬁlius;
1527 723 1748 794 requiro

163 822 272 894 quis
298 821 349 875 in
376 820 477 877 hoc
508 820 619 876 ﬁlio
645 818 911 888 hominis,
942 817 1034 890 qui
1060 828 1114 876 et
1145 818 1288 874 ﬁlitts
1313 817 1407 873 Dei
1435 825 1518 873 est
1542 859 1556 884 ,
1586 817 1750 887 glori—

166 917 342 973 ﬁcatus
364 914 433 969 sit
465 915 608 971 Deus
633 915 731 985 (ὁ).

224 1009 311 1067 Η.
359 1009 525 1078 Quam
547 1019 722 1064 mutua
744 1008 921 1066 Patris
951 1019 999 1063 et
1019 1006 1149 1064 Filii
1175 1007 1359 1081 gloria.
1385 1007 1679 1079 Gloriﬁcari
1693 1007 1748 1062 in

163 1103 259 1175 ﬁlio
283 1103 499 1157 hominis
526 1100 690 1157 Deum
729 1101 873 1174 quid.
906 1100 1258 1172 Gloriﬁcatum
1291 1102 1346 1157 in
1389 1101 1503 1172 [ilio
1527 1101 1749 1157 hominis

164 1195 317 1251 Deum
339 1195 426 1267 qui
454 1193 595 1250 Deus
624 1194 876 1266 glori/ica!
899 1194 952 1249 in
981 1211 1053 1249 se.
1083 1224 1150 1234 —
1179 1192 1315 1263 Quia
1343 1193 1396 1248 in
1428 1192 1540 1251 ﬁlio
1568 1192 1746 1249 homi-

162 1292 258 1357 nis,
283 1290 451 1362 quiet
477 1288 619 1345 ﬁlius
648 1287 740 1344 Dei
768 1296 872 1354 est,
904 1285 1232 1358 gloriﬁcatus
1261 1287 1403 1343 Deus
1431 1296 1533 1352 est,
1566 1286 1747 1342 videa-

161 1399 269 1441 mus
293 1384 420 1456 quid
449 1383 519 1439 sit
550 1382 668 1447 hoc,
700 1380 771 1455 (ε)
796 1380 936 1452 quod
967 1381 1182 1436 tertium
1213 1379 1483 1436 subditur:
1514 1378 1577 1435 Si
1603 1378 1745 1435 Deus

161 1477 469 1551 glori/iectus
508 1476 657 1530 estin
687 1492 763 1540 eo,
796 1486 845 1529 et
881 1473 1018 1528 Deus
1062 1473 1366 1545 gloriﬁcavit
1411 1487 1529 1527 eum
1569 1473 1624 1526 in
1667 1487 1742 1528 se.

160 1570 297 1642 Quod
337 1569 510 1637 istud,
547 1584 678 1642 rogo
699 1609 716 1637 ,
746 1569 1070 1625 sacramenti
1103 1566 1416 1640 mysterium
1444 1564 1565 1621 ρειῖ
1607 1566 1745 1621 Deus

159 1666 208 1721 in
232 1664 338 1720 ﬁlio
367 1663 602 1718 hominis
630 1661 929 1734 gloriﬁcan
954 1660 1311 1733 gloriﬁcatum
1344 1659 1512 1716 Deum
1537 1657 1746 1731 gloriﬁ-

157 1768 234 1816 cat
268 1759 320 1815 in
351 1772 496 1814 sese.
541 1757 595 1812 ltt
628 1755 737 1812 ﬁlio
772 1756 1006 1811 hominis
1035 1755 1126 1811 Dei
1156 1754 1325 1826 gloria
1353 1762 1458 1820 est,
1490 1764 1545 1810 et
1571 1754 1739 1825 gloria

1853 533 2225 591 continebant.
2265 534 2434 591 Filius
2489 536 2634 591 enim
2675 535 2911 592 hominis
2954 536 3326 609 gloriﬁcatur,
3391 548 3451 596 et

1851 627 2182 699 gloriﬁcatur
2203 629 2256 685 in
2283 645 2352 687 eo
2374 630 2551 687 Deus:
2598 641 2655 688 et
2691 631 2835 688 Deus
2860 634 3218 705 gloriﬁcatutn
3247 650 3369 691 eum
3394 636 3448 692 in

1853 718 2073 777 homine
2119 721 2442 791 gloriﬁcavit
2478 722 2533 778 in
2564 738 2705 779 sese.
2746 723 2864 780 Non
2913 724 3055 781 enim
3100 724 3334 794 idipsum
3365 735 3449 783 est

1850 813 2139 883 gloriﬁcari
2173 814 2342 870 lilium
2374 815 2631 882 hominis,
2674 816 2816 888 quod
2845 829 2898 873 et
2923 818 3217 889 gloriﬁcari
3249 820 3302 874 in
3336 818 3447 875 ﬁlio

1850 906 2085 963 hominis
2113 907 2279 963 Deum
2299 950 2314 975 ,
2344 908 2428 964 vel
2464 907 2544 983 (h)
2574 908 2883 981 gloriﬁcare
2910 910 2962 965 itt
3016 906 3141 967 sese
3178 910 3448 982 gloriﬁca-

1851 1010 1963 1056 tum
1993 1001 2047 1057 in
2071 1000 2289 1058 homine
2335 1002 2527 1060 Deum.
2560 1002 2811 1076 Loquere
2858 1005 2962 1062 hoc
3004 1007 3297 1062 secundum
3344 1006 3448 1062 int-

1848 1094 2065 1166 pietatis
2093 1106 2195 1150 tuac
2222 1111 2439 1151 sensum
2469 1096 2648 1153 verbis
2666 1098 2791 1165 tuis,
2817 1098 2945 1169 quid
2973 1098 3110 1155 velis
3137 1114 3259 1156 esse
3284 1099 3449 1172 glori-

1849 1190 1996 1246 ﬁcari
2027 1189 2080 1245 in
2107 1190 2216 1247 ﬁlio
2242 1191 2475 1248 hominis
2492 1192 2683 1249 Deum.
2712 1192 2906 1265 Utique
2930 1202 3022 1248 aut
3044 1194 3320 1250 Christum
3352 1210 3447 1249 ne-

1848 1299 2002 1342 cesse
2028 1296 2112 1341 est
2149 1302 2271 1342 esse
2300 1287 2392 1358 qui
2417 1286 2755 1357 gloriﬁcatur
2792 1289 2844 1343 in
2875 1303 3059 1353 carne,
3106 1296 3201 1343 aut
3228 1287 3443 1344 Patrem

1847 1393 1937 1449 qut
1959 1378 2288 1449 gloriﬁcetur
2314 1379 2366 1434 in
2391 1379 2628 1435 Christo.
2659 1379 2980 1437 SiChristus
2998 1389 3120 1447 est;
3150 1380 3296 1437 Deus
3322 1396 3444 1438 cer-

1848 1470 2185 1528 te.Christus
2227 1482 2329 1539 est,
2376 1473 2469 1545 qui
2518 1474 2852 1545 gloriﬁcatur
2891 1474 2943 1529 in
2988 1489 3169 1531 carne.
3202 1474 3259 1531 Si
3287 1474 3446 1531 Pater

1846 1574 1954 1630 est,
1980 1575 2377 1621 sacramentum
2399 1567 2620 1623 unitatis
2645 1576 2748 1633 est,
2770 1581 2892 1623 cum
2927 1567 3085 1624 Pater
3111 1567 3446 1638 gloriﬁcatur

1844 1657 1900 1714 in
1932 1658 2088 1714 Filio.
2144 1657 2252 1715 Aut
2287 1657 2562 1715 Christum
2607 1660 2939 1728 conﬁtendo,
2970 1661 3138 1717 Deum
3167 1661 3330 1717 etiam
3364 1662 3446 1717 itt-

1847 1752 1990 1807 vitus
2017 1752 2288 1822 loqueris:
2311 1762 2404 1809 aut
2426 1753 2487 1827 (i)
2506 1754 2718 1810 Patrem
2746 1754 2915 1810 Deum
2948 1754 3320 1828 intelligemo,
3349 1770 3447 1811 na-

158 1852 241 1909 Dei
268 1853 318 1907 in
339 1851 508 1923 gloria
536 1849 627 1905 lilii
659 1848 912 1904 hominis.
946 1848 1088 1904 Deus
1115 1846 1195 1921 (ά)
1224 1846 1486 1920 gloriﬁcat
1519 1846 1571 1901 itt
1597 1860 1737 1901 sese.
1773 1854 1819 1914 Β
1849 1852 2021 1900 turam
2053 1845 2151 1901 Dei
2180 1846 2345 1915 patris
2372 1861 2480 1901 non
2511 1847 2733 1917 negabis
2764 1847 2817 1903 in
2854 1846 3091 1903 Christo.
3119 1849 3300 1920 Atque
3329 1847 3445 1905 hate

158 1945 318 2002 Homo
348 1945 531 2015 utique
560 1959 666 1999 non
698 1959 795 2015 per
826 1958 885 1998 se
922 1941 1274 2014 gloriﬁcatur.
1317 1941 1500 2012 Neque
1522 1954 1733 1996 rursum

155 2040 239 2110 qui
268 2040 317 2094 in
346 2039 563 2095 homine
588 2036 921 2108 gloriﬁcatur
961 2036 1124 2105 Deus,
1155 2036 1281 2093 licet
1326 2035 1555 2107 gloriam
1595 2034 1739 2089 acci-

158 2132 283 2203 piat,
311 2146 413 2188 non
458 2140 635 2187 tamen
679 2129 825 2185 aliud
870 2130 984 2200 ipse
1013 2144 1175 2200 quam
1201 2129 1340 2184 Deus
1369 2136 1473 2184 est.
1505 2129 1573 2182 At
1604 2140 1737 2182 vero

163 2240 296 2292 cum,
319 2225 611 2295 gloriﬁcato
633 2224 743 2280 ﬁlio
774 2224 1030 2289 hominis,
1056 2222 1367 2290 gloriﬁcans
1395 2222 1563 2278 Deum
1596 2220 1737 2277 Deus

155 2318 406 2388 gloriﬁcet
460 2318 510 2373 in
542 2333 684 2384 sese;
717 2316 932 2373 invenio
958 2315 1028 2391 (e)
1057 2328 1260 2371 natura:
1289 2315 1514 2387 gloriam
1542 2314 1593 2370 in
1622 2314 1738 2386 glo-

152 2414 280 2469 riam
310 2421 511 2469 naturae
536 2421 780 2470 naturam
808 2412 1161 2484 gloriﬁcantis
1187 2411 1413 2468 assumi.
1446 2410 1561 2466 Non
1591 2411 1734 2467 enim

154 2518 206 2559 se
239 2506 374 2561 Deus
400 2506 667 2577 glorilicat
693 2525 705 2560 :
727 2508 821 2563 sed
847 2507 1206 2579 gloriﬁcatum
1240 2509 1291 2563 in
1323 2509 1543 2565 homine
1569 2508 1734 2565 Deum

147 2598 401 2669 gloriﬁcat
448 2601 503 2656 in
574 2601 928 2671 seseaQuOd
984 2611 1159 2657 autem
1213 2582 1563 2673 gloriﬁcatiu
1588 2618 1733 2671 sese,

148 2692 265 2761 licet,
286 2710 395 2751 non
429 2710 489 2752 se
516 2696 805 2767 gloriﬁcel,
837 2706 1014 2753 tamen
1045 2697 1099 2752 in
1143 2706 1347 2753 natura:
1372 2713 1483 2753 sure
1510 2698 1735 2769 gloriam

149 2800 384 2847 naturam
417 2791 485 2863 (Ῑ)
515 2791 830 2860 gloriﬁcans
880 2794 1124 2849 assumit.
1162 2794 1226 2849 Et
1253 2808 1374 2850 cum
1426 2794 1736 2866 gloriﬁcans

150 2883 301 2940 Deum
333 2884 503 2951 Deus,
539 2885 663 2954 quia
725 2883 1054 2956 gloriﬁcatus
1084 2886 1136 2940 in
1193 2886 1411 2943 homine
1452 2887 1545 2955 sit,
1574 2889 1737 2960 glori-

149 2976 344 3034 ﬁct-tin‘
370 2992 523 3043 sese;
557 2994 678 3034 eum
719 2994 878 3051 quem
920 2979 1237 3051 gloriﬁcavit
1277 2980 1354 3055 (g)
1377 2982 1544 3038 Deum
1582 2982 1635 3038 in
1676 2998 1737 3039 se

146 3068 309 3127 inesse
329 3072 696 3139 demonstrat,
720 3089 843 3129 cum
880 3089 1002 3130 eum
1033 3074 1297 3145 glorilicet
1326 3077 1377 3130 in
1418 3092 1558 3132 sese.
1589 3076 1738 3134 Aﬁ‘er

151 3178 276 3219 nunc
296 3166 548 3236 quisquis
577 3181 659 3232 es,
693 3167 964 3234 haeretice,
998 3166 1257 3224 ﬁexuosae
1282 3170 1447 3243 29o
1474 3170 1736 3227 doctrina:

1840 1939 1907 1996 de
1947 1940 2250 2011 gloriﬁcato
2290 1940 2402 1995 ﬁlio
2429 1940 2689 2007 hominis,
2719 1951 2774 1997 et
2803 1941 3106 2013 gloriﬁcalo
3152 1941 3205 1997 in
3252 1940 3444 1998 eodem

1840 2032 1953 2089 Deo
1974 2033 2113 2089 dicta
2146 2035 2274 2090 sint.
2307 2034 2383 2089 De
2423 2051 2488 2090 eo
2519 2051 2671 2104 vero,
2712 2036 2853 2107 quod
2884 2037 3239 2108 gloriﬁcatum
3255 2037 3307 2092 in
3336 2022 3446 2093 ﬁlio

1841 2126 2074 2182 hominis
2104 2127 2273 2183 Deum
2301 2129 2443 2185 Deus
2474 2129 2737 2197 glorilicat
2761 2130 2815 2186 in
2841 2145 2986 2199 sese,
3015 2132 3067 2188 in
3091 2147 3200 2203 quo
3226 2130 3444 2187 tandem

1841 2222 1935 2277 tibi
1968 2222 2212 2279 relictam
2246 2223 2559 2280 facultatem
2590 2227 2906 2282 exserenda:
2934 2227 3232 2299 impietatis
3259 2227 3447 2283 existi-

1839 2334 1977 2388 mas,
2024 2337 2092 2377 ne
2142 2321 2438 2377 secundum
2498 2332 2703 2377 natura:
2749 2325 3032 2379 veritatem
3092 2338 3251 2380 verus
3296 2323 3444 2379 Deus

1838 2419 2088 2477 Christus
2126 2422 2241 2477 sit?
2271 2419 2545 2477 Christum
2591 2421 2734 2478 enim
2766 2422 2909 2478 Deus
2951 2431 3135 2477 natum
3169 2421 3445 2477 hominem

1838 2514 2103 2583 glorilicat
2134 2514 2186 2568 in
2232 2528 2384 2569 sese:
2420 2514 2677 2585 numquid
2706 2523 2855 2571 extra
2887 2528 2947 2571 se
2976 2523 3079 2581 est,
3107 2513 3252 2586 quod
3279 2512 3448 2585 glori-

1841 2608 1965 2663 ﬁcat
2013 2609 2065 2663 in
2112 2609 2275 2664 sese?
2320 2607 2518 2663 Reddit
2571 2610 2713 2663 enim
2756 2608 2809 2663 in
2838 2623 2896 2664 se
2933 2606 3155 2664 Christo
3191 2607 3445 2679 gloriam,

1839 2718 1997 2772 quam
2027 2700 2168 2773 apud
2200 2717 2258 2757 se
2283 2701 2499 2756 habuit:
2531 2711 2585 2757 et
2616 2717 2738 2756 cmn
2772 2702 2850 2776 (j)
2892 2701 2946 2757 in
2988 2701 3216 2757 formam
3243 2700 3338 2756 Dei
3362 2715 3450 2757 as-

1839 2796 2076 2866 sumplio
2118 2796 2306 2851 forata:
2335 2795 2548 2851 servilis
2588 2800 2901 2862 assumitur,
2931 2797 2985 2851 in
3015 2810 3076 2852 se
3116 2795 3450 2867 gloriﬁcatur

1838 2892 2174 2964 gloriﬁcatus
2205 2892 2256 2946 in
2301 2892 2518 2947 homine
2539 2891 2702 2959 Deus,
2731 2891 2822 2961 qui
2860 2902 2985 2946 ante
3032 2887 3115 2962 Ut)
3157 2888 3446 2946 vacuitatis

1839 2984 2298 3055 dispensationem
2325 2985 2379 3039 in
2403 2999 2523 3039 sese
2548 2993 2688 3049 erat,
2716 2992 2770 3039 et
2797 2982 2865 3056 (ι)
2904 2998 3000 3053 per
3025 2980 3260 3038 fortnam
3299 2980 3445 3036 servi

1839 3088 1894 3134 et
1921 3095 2019 3150 per
2047 3087 2295 3134 naturam
2325 3077 2625 3132 nativitatis
2653 3077 2855 3131 unilus.
2882 3074 3142 3130 Nativitas
3166 3073 3308 3130 enim
3335 3087 3444 3128 non

1840 3189 1995 3231 novae
2027 3188 2203 3245 neque
2240 3173 2435 3228 alienae.
2462 3182 2668 3229 natura:
2700 3172 2871 3227 Deum
2905 3168 3125 3235 fecerat,
3156 3167 3251 3224 sed
3283 3178 3443 3223 natu-

150 3265 241 3313 tua:
270 3258 636 3317 inevolubiles
672 3262 1029 3332 quastiones:
1063 3277 1183 3334 qutc
1211 3278 1332 3318 cum
1362 3280 1421 3319 se
1443 3264 1599 3322 nodis
1626 3267 1738 3322 suis
1766 3259 1811 3325 C
1843 3270 1971 3341 ralis
1996 3268 2136 3324 ﬁlius
2149 3267 2288 3339 patri
2307 3267 2536 3323 naturali
2563 3264 2911 3338 generatione
2932 3264 3092 3338 291
3107 3262 3443 3319 substiterat.

211 3443 287 3515 (ιι)
336 3444 402 3499 ln
454 3442 836 3515 vetustissimis
875 3443 1155 3499 codicibus
1201 3443 1322 3500 Vat.
1372 3444 1511 3509 bas.,
1571 3445 1727 3503 Colb.

147 3528 202 3591 ac
228 3518 415 3591 Germ.
442 3530 648 3591 necnon
678 3514 809 3569 Bad.
843 3524 897 3591 et
928 3516 1129 3591 Er._ltic
1150 3526 1204 3591 et
1237 3531 1382 3581 mox,
1415 3518 1597 3573 aliud:
1627 3534 1732 3591 qua

148 3586 392 3658 loquendi
422 3588 650 3653 ratione,
679 3588 925 3661 quamvis
951 3586 1108 3641 ttobis
1134 3587 1311 3647 minus
1327 3600 1600 3656 accurata,
1637 3586 1733 3661 pro

147 3672 237 3713 suo
272 3669 457 3715 tamen
488 3668 731 3727 tempore
765 3659 987 3713 minime
1030 3670 1278 3730 suspecta
1310 3676 1465 3715 nsunt
1492 3676 1613 3718 esse
1641 3659 1735 3718 Hi-

148 3731 327 3787 larium
386 3732 479 3788 vix
522 3732 831 3786 dubitamus
861 3730 928 3785 ad
969 3731 1375 3802 signiﬁcandam
1421 3733 1471 3788 in
1513 3734 1735 3791 Christo

149 3818 388 3873 personal:
421 3804 696 3863 unitatem.

212 3874 286 3949 (ὁ)
330 3876 545 3931 Pendet
575 3875 799 3949 quaestio
853 3874 1093 3949 instituta
1100 3875 1296 3949 5rquia
1341 3892 1736 3947 supervacanea

150 3946 358 4003 videtur
405 3948 858 4017 responsiozcutn
894 3948 1052 4003 Pater
1079 3946 1217 4003 Filio
1246 3949 1506 4004 honorem
1541 3952 1739 4019 imper-

152 4020 300 4085 tiens,
328 4028 391 4075 et
412 4020 482 4073 ab
502 4034 569 4074 eo
597 4033 809 4074 rursum
833 4021 1121 4088 recipiens.
1141 4021 1252 4088 jam
1284 4036 1390 4074 non
1418 4023 1583 4076 semel
1613 4021 1740 4077 inde

150 4101 396 4147 ostensus
423 4091 494 4145 sit
515 4101 700 4146 natura
734 4107 853 4144 cum
887 4107 952 4146 eo
991 4108 1155 4146 untnn
1177 4106 1318 4146 esse.
1352 4092 1457 4146 Ant
1480 4102 1627 4148 certe
1653 4093 1736 4148 di-

152 4163 247 4216 lata
274 4164 481 4218 solutio
512 4163 591 4218 his
620 4162 847 4218 habetur
874 4163 1256 4233 subsequentis
1288 4164 1498 4219 numeri
1522 4164 1735 4221 verbis:

151 4233 491 4290 Glorilicatus
525 4234 665 4289 Deus
696 4236 741 4287 si
770 4233 1002 4289 Christus
1041 4246 1111 4289 est
1136 4250 1154 4294 :
1183 4233 1321 4289 Deus
1348 4245 1480 4289 certe
1506 4234 1739 4291 Christus

152 4316 240 4368 est.
280 4310 368 4378 qui
400 4306 722 4378 gloriﬁcatur
746 4306 822 4378 in_
837 4322 1022 4360 carne:
1048 4308 1094 4361 si
1123 4305 1280 4361 Pater
1306 4316 1742 4378 esttsacramen—

153 4387 249 4431 tum
278 4375 498 4433 unitatis
518 4389 613 4445 est,
642 4394 759 4432 cum
789 4375 945 4432 Pater
974 4380 1290 4447 glorificetur
1314 4383 1368 4431 in
1402 4377 1558 4434 Filio.

218 4450 289 4523 (ε)
331 4452 429 4508 Sic
455 4465 587 4506 mss.
618 4454 684 4505 At
707 4450 1013 4516 editi,quod
1033 4452 1201 4504 tertio.
1226 4450 1601 4521 Sequentium,
1623 4466 1742 4521 qua:

150 4520 400 4578 intricata
454 4523 611 4577 valde
660 4523 932 4577 nonnullis
982 4520 1343 4593 videbuntur,
1394 4520 1741 4593 intelligentia

151 4595 384 4651 maxime
430 4594 628 4664 pendet
671 4610 738 4649 ex
787 4594 1131 4663 perceptione
1164 4592 1525 4664 superiorum,
1550 4595 1746 4664 quibus

1838 3458 1923 3505 cet
1948 3449 2145 3517 Pater,
2197 3457 2376 3505 tamen
2404 3449 2456 3503 in
2505 3457 2709 3503 natura:
2758 3463 2867 3504 suae
2904 3448 3132 3520 gloriam
3181 3447 3447 3505 redundet

1839 3521 1985 3593 quod
2006 3521 2271 3592 gloriﬁcat
2293 3524 2344 3593 in
2374 3536 2453 3575 se.

1914 3593 2277 3669 (glAddimus
2297 3592 2465 3669 Deum
2491 3592 2952 3669 ex__pleris_que_ac
2981 3593 3281 3669 potioribus
3308 3607 3440 3669 mss.

1842 3664 2119 3737 exquibus
2137 3664 2947 3735 Colb.,Gcrm.,Vind.,llemig.
2975 3665 3266 3731 subjiciunt
3294 3665 3445 3720 dein-

1844 3736 2018 3801 de,'in
2044 3754 2118 3801 se,
2146 3737 2201 3791 in
2231 3753 2340 3792 sese
2368 3738 2702 3791 deinonstrat.
2739 3737 2893 3793 Unde
2922 3753 3027 3792 non
3050 3736 3295 3807 displicet
3319 3752 3442 3792 cum

1843 3810 2016 3866 altero
2042 3809 2197 3864 Colb.
2231 3818 2286 3864 et
2314 3826 2421 3864 uno
2454 3808 2688 3866 Sorbon.
2714 3809 2769 3864 iu
2788 3825 2843 3864 se
2867 3824 2885 3863 :
2905 3809 2959 3862 in
2988 3825 3043 3863 se
3061 3825 3171 3864 esse
3198 3807 3439 3863 demons-

1842 3892 1968 3938 trat.

1916 3952 1994 4027 (h)
2031 3951 2190 4027 Apud
2215 3951 2522 4027 Erasmum,
2555 3951 2842 4027 glori/icari
2866 3968 2886 4006 :
2900 3967 3070 4027 quem
3104 3950 3242 4027 male
3273 3951 3443 4027 secuti

1842 4021 2084 4081 sunt'alii
2108 4023 2365 4080 editores.
2383 4024 2441 4079 In
2464 4021 2593 4078 mss.
2624 4024 2777 4079 Colb.
2809 4031 2865 4078 et
2889 4021 3074 4079 Germ.
3110 4022 3308 4094 legitur
3333 4023 3446 4096 glo—

1840 4099 2070 4167 riﬁcaus.

1918 4166 1982 4240 (i)
2020 4166 2167 4237 Lips.
2197 4176 2253 4240 et
2295 4166 2444 4232 Par.,
2492 4166 2711 4240 Pati-ent
2747 4176 2794 4240 et
2846 4165 3066 4240 Deum:_
3094 4181 3290 4240 prave;
3340 4166 3445 4223 hoc

1845 4238 1987 4297 enim
2012 4239 2114 4292 sibi
2169 4239 2314 4295 vult:
2357 4240 2416 4295 Si
2466 4241 2623 4294 verba
2673 4238 2736 4294 Et
2763 4239 2898 4293 Deus
2936 4238 3256 4309 glori/iectus
3279 4250 3354 4295 est
3392 4240 3446 4294 iu

1846 4328 1927 4376 eo,
1959 4311 2027 4366 de
2046 4310 2265 4365 Christo
2313 4311 2364 4365 in
2409 4326 2572 4366 carne
2600 4310 2899 4381 gloriﬁcato
2942 4311 3081 4365 dicta
3110 4309 3443 4373 conﬁtearis.

1845 4382 2120 4439 Christum
2146 4381 2421 4438 conﬁteris
2450 4383 2653 4437 Deum:
2708 4384 2751 4438 si
2786 4396 2913 4438 vero
2939 4381 3003 4436 ad
3026 4381 3195 4437 Deum
3240 4392 3444 4453 patrem

1848 4455 2073 4516 releras,
2099 4454 2210 4524 jam
2236 4470 2342 4508 non
2385 4456 2605 4525 negabis
2627 4453 2844 4510 Christo
2872 4455 3047 4509 Patris
3078 4464 3350 4523 naturam,
3375 4455 3447 4510 ob

1847 4543 2009 4597 quam
2037 4526 2155 4596 ipse
2182 4528 2234 4580 in
2276 4527 2368 4581 illo
2388 4527 2688 4597 gloriﬁcato
2711 4526 3065 4596 gloriﬁcelur.

1922 4598 1991 4670 (j)
2033 4598 2198 4664 Editi,
2254 4598 2305 4652 in
2348 4601 2516 4670 forma
2572 4597 2689 4653 Dei.
2722 4599 2942 4654 Rectius
2971 4598 3204 4665 mss.,in
3226 4602 3447 4670 formam

150 4665 423 4760 Christus,
446 4676 565 4735 post
583 4674 1009 4750 consummatam
1037 4664 1518 4760 dispensationem,
1548 4667 1599 4720 in
1627 4667 1742 4760 g'l‘o-
1772 4699 1828 4760 Β
1857 4664 1990 4754 Dei}
2024 4671 2126 4725 hoc
2143 4680 2258 4753 .cst,
2289 4664 2415 4725 eum
2451 4670 2755 4760 lll'glttl‘lalll
2788 4670 2882 4725 Dei
2911 4664 3264 4760 etiamllrom'o
3294 4685 3447 4725 assu-

152 4737 282 4793 riam
308 4739 434 4805 Dei,
460 4752 634 4808 eoque
662 4738 879 4793 nomine
906 4737 958 4792 in
1000 4750 1248 4794 naturam
1276 4749 1327 4793 et
1358 4738 1619 4793 unitatem
1646 4738 1746 4794 Pa-

153 4810 245 4864 tris
273 4820 593 4882 assumptus
619 4810 960 4878 praedicatur.

218 4883 300 4955 (ά)
344 4883 403 4939 Ιιι
443 4881 706 4955 vulgatis,
730 4882 985 4955 glori/ient
1030 4897 1169 4955 cunt.
1204 4881 1375 4937 Abest
1402 4897 1515 4936 eum
1544 4896 1573 4936 a
1615 4897 1743 4937 mss.

153 4952 425 5010 ctabesse
445 4952 626 5011 debet.
656 4954 778 5008 Mox
812 4958 889 5009 sic
914 4952 1322 5022 intelligendum
1351 4962 1611 5023 estneque
1634 4971 1751 5007 rur-

151 5042 298 5089 sum;
328 5028 509 5097 quasi,
554 5038 601 5081 et
629 5041 866 5091 rursum;
898 5035 953 5081 ut
974 5026 1044 5078 sit
1067 5024 1415 5080 helleuistnus
1447 5024 1650 5081 Hilario
1672 5024 1752 5079 fa-

154 5098 403 5154 tniliaris.

225 5169 298 5244 (e)
332 5172 447 5226 lloc
462 5179 573 5237 est,
600 5179 806 5244 natura:
831 5169 1311 5244 paternzegloriam
1335 5169 1607 5244 assumiin
1637 5171 1753 5240 glo-

154 5241 289 5296 riam
322 5255 537 5297 natura:
585 5243 747 5306 illius,
779 5244 867 5313 qui
901 5256 1021 5296 cum
1065 5242 1225 5294 homo
1254 5241 1345 5304 sit,
1379 5242 1749 5309 gloriﬁcatur;

155 5324 428 5382 quatenus
464 5325 644 5369 autem
694 5315 859 5379 Deus,
908 5314 1151 5367 eantdem
1188 5326 1431 5384 naturam
1466 5313 1749 5384 gloriﬁcat.

156 5385 233 5440 Ex
257 5402 374 5456 quo
402 5386 493 5450 sit,
522 5394 582 5441 ut
608 5396 827 5456 propter
844 5386 1169 5440 artissimam
1210 5385 1303 5439 ﬁlii
1329 5383 1422 5439 Dei
1450 5402 1512 5439 ae
1537 5386 1629 5438 lilii
1658 5385 1758 5439 ho-

157 5459 320 5529 minis
350 5455 671 5523 nuitionem,
712 5455 1012 5529 gloriﬁcato
1038 5456 1149 5510 ﬁlio
1171 5456 1405 5510 hominis
1426 5455 1756 5529 gloriﬁcetur

156 5528 303 5584 ﬁlius
333 5530 473 5592 Dei:
518 5544 583 5584 ac
610 5528 824 5585 rursum
865 5536 1082 5599 propter
1125 5528 1427 5599 naturalem
1460 5528 1556 5583 Dei
1588 5529 1754 5597 patris

155 5618 219 5657 ac
245 5602 346 5657 ﬁlii
388 5601 653 5671 unigeniti
690 5598 974 5667 unitatem,
1009 5598 1309 5671 gloriﬁcato
1337 5599 1448 5657 ﬁlio
1488 5600 1584 5656 Dei
1611 5601 1756 5658 Deus

157 5685 315 5743 pater
334 5673 688 5743 gloriﬁcetur.

229 5754 305 5828 (Ι)
340 5752 517 5828 Εὐὶιι,
564 5753 906 5828 gloriﬁcantis
948 5770 962 5807 :
997 5753 1399 5828 reluctantibus
1464 5751 1761 5828 potioribus

160 5822 298 5881 mss.
339 5824 462 5879 Vat.
487 5822 626 5893 bas.,
655 5822 834 5887 Colb.,
856 5825 1093 5894 Martin.,
1116 5822 1302 5892 Carn.,
1321 5835 1453 5892 etc.,
1473 5840 1538 5881 ex
1569 5824 1763 5894 quibus

162 5896 252 5951 hic
283 5904 578 5968 praestatur
618 5912 834 5956 sensus.
867 5904 926 5953 ut
945 5898 1191 5968 quamvis
1231 5897 1391 5954 alium
1422 5914 1453 5952 ιι
1483 5911 1542 5953 se
1563 5896 1765 5969 gloriﬁ-

1854 4742 2037 4806 mitnr,
2068 4742 2247 4796 unitur
2264 4757 2329 4797 ac
2347 4739 2783 4807 transl'ortnatnr,
2811 4752 2939 4797 tunc
2964 4739 3318 4811 gloriﬁcatur,
3338 4753 3443 4797 etc.

1925 4813 2004 4886 (Ic)
2046 4815 2101 4869 In
2136 4814 2371 4884 vulgatis
2411 4814 2712 4879 natiuitatis,
2743 4814 2829 4868 ubi
2873 4828 2938 4868 es
2983 4827 3112 4868 mss.
3147 4814 3452 4869 restituitur

1853 4887 2145 4952 vacuitatis,
2175 4886 2278 4941 hoc
2315 4896 2418 4950 est,
2447 4886 2848 4941 exinanitionis.
2896 4888 3029 4950 Qua:
3075 4900 3235 4956 supra
3275 4903 3329 4941 ιι.
3356 4885 3447 4953 14,

1855 4961 2023 5013 verbo
2080 4957 2356 5011 euacuandi
2392 4964 2446 5012 et
2471 4956 2690 5011 nomine
2728 4956 3075 5012 evacuationis
3097 4974 3117 5025 ;
3158 4967 3214 5014 et
3236 4959 3331 5015 lib.
3364 4974 3444 5027 ιι,

1855 5046 1911 5085 ιι.
1933 5030 2023 5097 48,
2050 5029 2435 5099 vacuefacicndi
2470 5029 2635 5084 verbo
2657 5030 2989 5084 enuntiatur.

1927 5108 1991 5181 (ι)
2032 5108 2170 5163 Editi
2215 5122 2337 5163 cum
2389 5108 2558 5163 tribus
2582 5124 2711 5164 mss.
2761 5107 2941 5175 Colb.,
2976 5108 3190 5181 duobus
3213 5110 3447 5181 Remig.,

1856 5179 2018 5238 Vind.
2042 5193 2173 5243 etc.,
2203 5196 2291 5248 per
2313 5182 2533 5252 formam
2553 5182 2654 5234 sui.
2682 5179 3081 5241 Prmferendum
3106 5197 3227 5236 cum
3258 5179 3449 5245 Corb..

1857 5253 1979 5310 Vat.
2031 5254 2171 5317 bas.,
2207 5251 2431 5316 Pratel.,
2480 5252 2693 5307 Martio.
2724 5264 2856 5319 etc.,
2905 5269 2996 5323 per
3026 5257 3249 5324 formam
3295 5256 3448 5320 servi,

1858 5324 1962 5380 hoc
1981 5333 2065 5378 cst
2087 5340 2190 5379 non
2232 5324 2407 5378 solum
2438 5328 2734 5379 secundum
2761 5337 3026 5387 naturam,
3061 5341 3219 5393 quam
3247 5334 3451 5381 :eterna

1858 5396 2142 5453 nativitate
2163 5396 2379 5464 accipit,
2410 5396 2504 5450 sed
2536 5406 2590 5451 et
2612 5396 2905 5451 secundum
2942 5398 3228 5450 humanam
3260 5395 3312 5451 in
3334 5397 3451 5454 Deo

1860 5468 2223 5543 unitusadum
2244 5467 2406 5543 homo
2429 5478 2485 5543 et
2513 5468 2652 5543 Deus
2672 5472 2792 5543 jam
2812 5467 2952 5522 Deus
2973 5477 3136 5543 totum
3164 5478 3255 5543 est,
3276 5472 3452 5543 Antilo-

1857 5542 2039 5612 quitttr
2067 5541 2159 5595 ιιι).
2184 5554 2260 5604 χι,
2297 5557 2350 5594 ιι.
2380 5539 2445 5595 Μ
2468 5558 2481 5595 :
2514 5539 2685 5610 {arma
2711 5539 3136 5612 ridelt'cet_serrili
3159 5539 3212 5593 in
3232 5541 3451 5612 gloriam

1861 5610 1976 5687 éjus
1998 5616 2145 5668 cu'us
2165 5613 2217 5667 in
2245 5612 2412 5683 [arma
2433 5625 2549 5668 ante
2570 5613 2803 5666 manebat
2827 5610 3143 5683 proﬁciente,
3169 5610 3429 5683 corruptio

1864 5691 1945 5739 nis
1973 5634 2167 5739 scilicet
2212 5693 2396 5739 natura
2421 5701 2512 5739 uer
2542 5685 2823 5739 profectum
2851 5684 3252 5739 incorruptionis
3281 5688 3429 5739 obsor

1864 5684 1945 5740 riis
1973 5684 2167 5740 scilicet
2212 5693 2396 5739 natura
2421 5701 2512 5755 per
2542 5685 2823 5752 profectum
2851 5684 3252 5747 incorruptionis
3281 5688 3457 5741 obsor—

1867 5768 1978 5829 pta,
2008 5758 2330 5827 ut‘apertius
2350 5772 2414 5808 ex
2429 5757 2587 5825 plicat
2619 5757 2826 5829 inpsal.
2849 5769 3113 5821 cxxsvttt,
3145 5775 3198 5829 ιι,
3234 5759 3318 5813 l9.
3356 5760 3457 5815 Ita-

1864 5825 1972 5900 que
2002 5825 2224 5885 verbum
2257 5830 2452 5901 unitus,
2484 5842 2591 5883 non
2621 5826 2687 5883 ad
2711 5825 2765 5882 in
2793 5843 2902 5883 sese
2924 5837 3057 5896 erat,
3085 5828 3180 5886 sed
3211 5830 3275 5886 ad
3298 5833 3458 5901 glow

1866 5902 2056 5970 (iretur
2084 5900 2424 5957 referendum
2454 5908 2555 5955 est.
