3988 6332
566 267 672 324 515

1773 262 2018 324 SANCTI
2058 265 2316 323 IIIIARII
2343 265 2648 326 EPISCOPI
3716 280 3792 335 51ιί

570 382 785 439 Etcum
813 388 936 453 post
957 379 1881 453 nativitatembominisgloriﬁcatns
1904 383 1957 439 in
1981 384 2154 439 homi-
2185 385 2241 445 Α
2264 385 2376 440 veri
2405 385 2476 440 sit
2513 385 2628 441 lucc
2656 384 2990 442 necessitatis
3011 385 3301 443 confessio:
3333 389 3510 459 Amen,
3550 409 3679 449 amen
3702 398 3788 452 dico

570 495 660 546 ne,
678 479 732 536 in
751 486 958 535 natura:
982 492 1096 535 suae
1120 490 1330 534 rursum
1348 480 1574 550 gloriam
1605 479 1876 545 clarescit;
1891 482 1943 533 in
1958 495 2017 536 se
2040 494 2163 534 eum

570 570 716 629 Deus
742 569 1026 639 clariﬁcat,
1078 584 1201 627 cum
1233 571 1285 627 in
1318 581 1524 627 natura:
1553 579 1792 643 pateram
1818 571 2065 643 gloriam,
2099 572 2167 628 ab

571 679 634 722 ea
664 680 759 736 per
787 664 1245 736 dispensationem
1282 672 1599 732 evacuatus,
1632 664 1949 720 assumitur.

640 758 732 813 Η.
778 757 901 812 Non
929 758 1036 814 alia
1083 756 1263 815 Patris
1286 768 1333 814 et
1379 759 1504 813 Filii
1545 758 1737 828 gloria.
1776 756 1893 811 Vita
1945 772 2048 811 non
2095 764 2167 810 est

570 851 738 908 Deum
761 869 912 909 nosse
938 856 1048 910 sine
1074 851 1406 925 Christa,qui
1427 862 1474 908 et
1498 853 1640 908 Deus
1668 869 1816 909 uerus
1846 850 2157 907 est.—-Con-

570 944 741 1002 cludit
777 953 958 1001 autem
1003 946 1418 1002 audacissimum
1444 947 1735 1015 nnpietatis
1780 952 1885 1000 tua:
1932 943 2168 1000 furorem

569 1039 870 1110 apostolica
923 1038 1079 1105 ﬁdes,
1111 1056 1177 1095 ne
1198 1055 1306 1110 quo
1335 1040 1549 1095 licentia
1588 1039 1772 1095 libera:
1800 1038 2170 1109 intelligentia:

571 1133 839 1204 evugeris,
866 1148 989 1188 cum
1012 1135 1084 1188 ait
1111 1152 1126 1190 :
1157 1131 1223 1187 Et
1247 1134 1413 1188 omnis
1469 1132 1646 1204 lingua
1681 1130 2023 1203 confitebitur,
2047 1130 2169 1200 quia

571 1223 827 1281 Dominus
845 1224 1003 1282 Iesus
1035 1226 1117 1298 (Ι)
1140 1227 1194 1282 in
1213 1227 1379 1298 gloria
1396 1224 1496 1281 Dei
1527 1226 1687 1296 patris
1715 1226 1941 1297 (Philip.
1965 1242 2026 1293 tt,
2055 1223 2168 1297 il).

573 1320 745 1385 Quem
774 1318 917 1372 enim
949 1318 1003 1373 in
1041 1333 1167 1374 sese
1213 1317 1373 1374 Pater
1396 1318 1740 1390 gloriﬁcavit,
1776 1318 1829 1373 in
1855 1333 1971 1387 eius
1998 1317 2171 1389 gloria

574 1410 911 1468 conﬁtendns
956 1423 1060 1469 est.
1109 1413 1169 1467 Et
1200 1414 1290 1482 qui
1319 1413 1372 1468 in
1403 1412 1579 1467 Patris
1618 1412 1790 1483 gloria
1831 1412 2171 1467 conﬁtendus

574 1517 682 1573 est,
712 1506 787 1579 (a)
820 1513 877 1561 et
903 1520 1062 1576 quem
1106 1505 1157 1559 in
1188 1520 1248 1561 se
1277 1505 1434 1561 Pater
1459 1504 1780 1576 gloriﬁcavit
1801 1547 1815 1570 ,
1861 1504 1914 1559 in
1947 1504 2030 1559 his
2056 1504 2172 1560 sine

574 1601 737 1659 dubio
765 1601 1143 1672 intelligendus
1191 1611 1440 1667 estesse,
1487 1601 1685 1672 quibus
1710 1601 1869 1656 Pater
1894 1612 2007 1667 est;
2048 1614 2169 1656 cum

575 1704 632 1752 et
662 1697 715 1750 in
746 1711 805 1752 se
824 1710 946 1752 eum
971 1696 1380 1767 gloriﬁcaverit,
1412 1704 1467 1752 et
1496 1696 1552 1752 in
1593 1694 1765 1766 gloria
1796 1698 1916 1763 ejus
1946 1695 2016 1751 sit
2036 1710 2171 1750 con-

2268 480 2431 547 voln's,
2471 496 2574 534 non
2619 488 2778 550 potest
2826 476 2876 532 F
2879 480 2999 535 ilius
3033 481 3102 536 alt
3125 496 3180 536 se
3209 486 3379 555 facere
3425 483 3690 557 quidquam,
3719 493 3793 547 uisi

2267 569 2407 641 quod
2437 571 2619 627 viderit
2648 570 2869 627 Patrem
2894 574 3169 644 facientem
3198 573 3378 647 (lacn.
3404 590 3460 643 ν,
3487 576 3589 651 l9).
3615 578 3709 638 Nisi
3726 583 3798 638 duo

2271 663 2464 734 plicem
2516 668 2926 737 responsionem
2971 667 3183 738 duplex
3230 668 3533 726 Judmorum
3556 672 3793 745 indignatio

2272 758 2352 830 (5)
2379 759 2578 831 exigit;
2613 761 2685 815 sit
2715 759 2829 816 haec
2856 762 3011 832 plane
3036 761 3366 819 inﬁrmitatis
3410 764 3673 835 professio,
3698 772 3794 827 nihil

2272 852 2339 907 ab
2364 868 2423 908 se
2472 853 2647 909 facere
2688 854 2881 910 Filium
2909 871 3090 926 posse,
3121 857 3224 912 nisi
3252 860 3392 929 quod
3426 858 3604 915 viderit
3633 861 3795 919 Patrem

2270 946 2578 1003 facientem.
2606 949 2758 1017 Quod
2797 950 2843 1005 si
2869 948 3069 1006 ludris
3096 961 3152 1008 et
3178 952 3361 1007 violati
3411 953 3606 1009 sabbati
3634 970 3790 1012 mrum

2272 1039 2672 1109 objicientibus,
2704 1052 2758 1097 ct
2814 1043 3180 1113 mqualitatetn
3237 1045 3288 1100 in
3313 1042 3526 1100 Christo
3550 1046 3634 1102 Dei
3658 1049 3713 1119 (ι’)
3733 1065 3801 1119 per

2273 1132 2573 1204 professum
2626 1135 2728 1190 sibi
2759 1135 2930 1190 Deum
2977 1145 3189 1207 patrem
3245 1152 3352 1192 non
3395 1137 3689 1205 ferentibus,
3727 1143 3800 1196 sub

2273 1227 2467 1284 eodem
2516 1228 2661 1285 dicto
2696 1230 2764 1285 ad
2791 1240 3078 1301 utrumque
3113 1246 3434 1305 responsum
3481 1244 3597 1300 est;
3626 1244 3802 1306 putasne

2274 1335 2371 1393 per
2397 1322 2793 1379 confessionem
2824 1326 3192 1393 reSponsionis
3219 1342 3380 1396 posse
3404 1327 3653 1383 (Ιὶι-ιεπιιιιι
3699 1332 3801 1385 ocnli

2276 1414 2603 1471 veritatem?
2630 1416 2696 1472 Et
2738 1432 3060 1488 quamquam
3089 1418 3141 1474 in
3173 1419 3283 1474 alio
3314 1420 3495 1474 libello
3526 1419 3652 1488 (Lib.
3674 1436 3745 1486 ru,
3764 1439 3800 1476 ιι.

2275 1507 2355 1581 7)
2384 1515 2640 1563 tractatus
2669 1508 2756 1564 hic
2782 1524 2814 1564 a
2868 1510 3025 1565 nobis
3071 1511 3225 1567 locus
3274 1512 3470 1568 fuerit:
3524 1522 3681 1569 tamen
3714 1517 3800 1586 quia

2275 1617 2382 1657 non
2412 1602 2575 1657 modo
2605 1618 2711 1657 non
2756 1603 2936 1671 obest,
2963 1604 3057 1659 sed
3108 1606 3269 1661 etiam
3294 1605 3364 1660 ad
3400 1605 3689 1676 religionem
3714 1620 3802 1676 pro-

2276 1698 2409 1764 ﬁcit,
2446 1697 2606 1754 ﬁdem
2633 1698 2956 1768 retractari,
2988 1699 3238 1756 eumdem
3290 1702 3489 1771 ipsum,
3540 1702 3649 1772 quia
3682 1715 3803 1757 causa

577 1788 829 1846 ﬁtcndus.
860 1789 976 1844 Non
1004 1790 1149 1845 enim
1197 1788 1284 1845 hic
1330 1804 1473 1845 nunc
1504 1788 1875 1843 tantummodo
1904 1786 1956 1842 in
2000 1788 2170 1858 gloria
2200 1787 2250 1849 B
2279 1793 2534 1865 postulat,
2565 1793 2925 1849 revolvamus.

578 1882 676 1940 Dei
705 1894 807 1949 est,
838 1884 933 1940 sed
959 1885 1009 1940 in
1036 1885 1204 1956 gloria
1236 1884 1333 1941 Dei
1360 1883 1525 1955 patris
1563 1894 1667 1939 est.
1698 1883 1883 1954 Neque
1902 1883 2174 1955 gloriﬁca-

578 1974 657 2030 vit
674 1976 842 2045 gloria
866 1979 1158 2046 exteriore,
1206 1981 1285 2052 (2)
1328 1980 1423 2036 scd
1461 1980 1780 2051 glorilicavit
1822 1978 1895 2053 (ὑ)
1926 1980 1979 2035 in
2024 1993 2167 2034 sese.

578 2067 635 2123 In
657 2082 777 2123 eam
803 2085 926 2125 eum
951 2086 1070 2142 qua:
1100 2086 1197 2128 sua
1218 2084 1301 2129 est
1323 2072 1549 2144 gloriam
1581 2073 1932 2141 resumendo,
1968 2082 2023 2129 et
2048 2087 2169 2128 eam

578 2161 803 2232 glorianti
829 2180 987 2234 quam
1008 2166 1152 2236 apud
1180 2181 1304 2223 eum
1330 2166 1536 2236 habuit,
1564 2184 1687 2225 eum
1721 2178 1776 2225 et
1804 2169 1947 2241 apud
1971 2184 2031 2226 se
2055 2170 2174 2241 glo-

580 2255 756 2311 riﬁcat
783 2266 837 2313 et
863 2257 919 2312 in
950 2274 1092 2315 sese.
1139 2257 1317 2331 Atque
1346 2260 1416 2316 ita
1464 2261 1842 2332 inseparabilis
1872 2278 1903 2317 a
1928 2261 2052 2318 ﬁdei
2078 2263 2176 2318 bu-

574 2347 671 2419 jus
700 2348 1085 2419 conjunctione
1126 2350 1447 2424 intelligitur
1475 2354 1636 2408 etiam
1677 2356 1779 2409 sub
1821 2354 2055 2410 hominis
2081 2354 2181 2409 hu-

582 2442 831 2510 militale,
863 2444 943 2499 sic
968 2443 1185 2501 dicens:
1210 2443 1337 2500 Haec
1361 2456 1435 2501 est
1456 2457 1625 2502 autem
1647 2448 1749 2501 vita
1773 2456 1986 2512 artemo,
2016 2458 2069 2501 ut
2095 2465 2181 2503 co-

583 2549 830 2609 gnoscant
858 2548 905 2594 te
926 2540 1094 2593 solum
1132 2555 1306 2593 verum
1339 2539 1525 2606 Deum,
1548 2548 1593 2595 et
1621 2555 1765 2609 queat
1799 2542 1982 2595 misisti
1999 2537 2181 2596 Iesum

586 2629 849 2683 Christum
879 2629 1060 2699 (Joan.
1104 2646 1239 2699 xvn,
1269 2631 1327 2701 ’5)
1355 2649 1367 2687 :
1420 2647 1542 2688 cum
1573 2641 1631 2687 et
1655 2633 1773 2689 sine
1797 2633 2035 2697 Christo.
2061 2634 2182 2690 solo

586 2721 698 2777 Deo
729 2733 880 2794 patre
919 2725 1156 2795 cognito,
1188 2725 1297 2780 vita
1337 2733 1537 2781 aeterna
1568 2742 1674 2783 non
1714 2728 1804 2794 sit,
1858 2735 1914 2783 et
1936 2727 2184 2785 Christus

585 2815 919 2888 gloriﬁcatus
944 2818 999 2874 in
1032 2817 1192 2874 Patre
1242 2818 1331 2875 sit.
1370 2819 1427 2876 Si
1454 2828 1634 2875 autem
1689 2835 1753 2876 ea
1802 2819 2019 2876 demum
2065 2822 2176 2876 vita

588 2918 791 2967 aterna
822 2921 927 2981 est,
977 2912 1153 2970 solum
1202 2928 1387 2970 verum
1419 2914 1490 2988 (ε)
1535 2915 1706 2972 Deum
1737 2930 1918 2983 nosse,
1943 2925 2000 2972 et
2022 2932 2183 2988 quem

587 3004 737 3060 misit
770 3003 955 3061 Jesum
978 3007 1284 3075 Christum;
1309 3024 1417 3065 non
1447 3010 1787 3067 existimetur
1818 3011 1976 3081 plane
2028 3024 2188 3067 verus

587 3095 731 3153 Deus
769 3095 1041 3169 Christus,
1088 3100 1133 3156 si
1174 3101 1283 3157 vita
1328 3102 1399 3156 sit
1441 3103 1493 3157 in
1530 3080 1707 3159 ‘Deum
1737 3080 2034 3161 credidisse
2070 3104 2188 3159 sine

2345 1883 2437 1937 44.
2481 1883 2695 1940 Sabbati
2748 1884 2922 1939 uiolati
2967 1886 3179 1940 crimen.
3227 1884 3331 1952 Qui
3394 1894 3683 1941 amoveatur.
3719 1884 3803 1938 Non

2274 1975 2419 2031 aliud
2447 1975 2616 2032 Patris
2639 1994 2699 2030 ac
2720 1973 2848 2032 Filii
2868 1994 3015 2050 opus.
3035 1978 3239 2032 Crimen
3273 1979 3491 2033 alterum
3509 1979 3566 2032 ob
3590 1994 3804 2049 presump-

2277 2081 2380 2126 tam
2410 2070 2508 2125 Dei
2532 2070 2891 2140 mqualitatem.
2910 2099 2985 2112 —
3011 2071 3145 2127 Hinc
3171 2083 3356 2133 autem
3388 2073 3608 2143 primum
3642 2085 3804 2140 resimi.

2279 2164 2450 2220 sionis
2481 2165 2777 2220 necessitas
2807 2172 2927 2219 orta
2953 2174 3069 2221 est:
3125 2164 3190 2219 Et
3212 2175 3425 2239 propter
3478 2165 3568 2219 hoc
3607 2180 3801 2234 perseque-

2280 2257 2466 2313 bantur
2506 2257 2684 2314 λιιάωὶ
2718 2257 2919 2325 Jesum,
2968 2268 3015 2315 et
3060 2261 3360 2330 quaerebant
3401 2273 3517 2314 eum
3560 2257 3801 2329 interﬁcere,

2281 2352 2524 2421 quoniam
2563 2352 2670 2407 lues
2699 2351 2920 2422 faciebat
2962 2350 3176 2407 sabbato
3201 2350 3389 2421 (Joan.
3434 2365 3491 2418 γ,
3520 2349 3625 2422 16).
3654 2348 3802 2403 lraita-

2282 2460 2390 2516 que
2416 2460 2601 2501 eorum
2634 2461 2807 2516 usque
2836 2444 2904 2499 ad
2952 2444 3303 2516 cupiditatem
3350 2444 3682 2501 interﬁciendi
3720 2456 3802 2497 cum

2281 2540 2677 2597 accendebatur
2705 2581 2720 2605 ,
2766 2549 2983 2609 propter
3034 2554 3199 2610 opera
3269 2540 3498 2595 sabbato
3550 2546 3692 2607 gesta.
3737 2533 3806 2589 Sed

2286 2646 2337 2691 et
2370 2635 2645 2690 videamus
2670 2633 2797 2705 quid
2823 2633 3085 2689 Dominus
3113 2632 3494 2704 responderit:
3543 2630 3681 2686 Pater
3715 2642 3807 2681 ttlt’ltt

2286 2745 2448 2800 usque
2466 2730 2618 2784 modo
2640 2737 2909 2799 operatur,
2940 2738 2987 2783 et
3034 2744 3126 2799 ego
3168 2742 3359 2799 operor
3386 2724 3546 2798 (Ibid.
3574 2722 3669 2798 ιτ).
3706 2722 3808 2788 Quod

2288 2837 2421 2893 rogo
2452 2821 2590 2878 istud
2622 2837 2757 2892 opus
2785 2820 2963 2876 Patris
2982 2831 3087 2886 est,
3112 2818 3391 2883 hmretice,
3424 2817 3720 2873 demonstra.
3743 2812 3811 2868 Prr

2290 2915 2484 2971 Filium
2511 2916 2656 2971 enim
2679 2925 2733 2971 et
2763 2915 2814 2970 in
2846 2913 2981 2969 Filio
3007 2911 3187 2967 omnia
3211 2921 3364 2976 sunt,
3394 2923 3449 2968 et
3476 2911 3678 2967 visibilia
3698 2908 3807 2961 clin-

2292 3009 2543 3065 visibilia.
2575 3008 2646 3063 Et
2668 3017 2742 3074 tu,
2771 3007 2860 3078 qui
2886 3005 3026 3061 ultra
3056 3005 3353 3076 Evangelia
3375 3005 3539 3075 sapis,
3565 3006 3815 3058 accesserit

2293 3114 2354 3161 ut
2378 3102 2456 3177 (g)
2483 3104 2601 3159 aliis
2627 3103 2894 3176 aliquibus
2945 3116 3270 3158 arcanorum
3324 3100 3584 3155 doctrinis
3620 3094 3813 3166 cognitio-

587 3190 822 3246 Cbristo.
853 3191 923 3246 Et
951 3192 1094 3261 quod
1139 3193 1289 3249 solus
1317 3193 1459 3251 Deus
1510 3205 1660 3265 pater
1689 3196 1833 3252 Deus
1867 3212 2025 3254 verus
2058 3206 2175 3263 est;
2207 3193 2254 3259 C
2286 3217 2405 3256 nem
2441 3202 2646 3271 paterni
2673 3199 2851 3269 operis
2878 3197 3226 3269 adeptusisis,
3258 3206 3315 3252 ut
3346 3207 3643 3267 operantem
3669 3193 3729 3266 (Ιι)
3754 3205 3816 3244 1:0-

589 3300 696 3339 nun
748 3287 1015 3355 pertineat
1055 3286 1121 3341 ad
1172 3287 1340 3343 Deum
1373 3288 1675 3357 Christum,
1729 3290 1832 3346 nisi
1881 3292 2053 3363 gloria
2106 3292 2184 3363 (Δ)

589 3376 793 3433 Christi
814 3381 990 3434 clunis
1018 3379 1072 3435 in
1099 3381 1215 3437 solo
1255 3397 1384 3437 vero
1410 3382 1523 3439 Deo
1555 3392 1704 3455 patre
1730 3397 1831 3442 est.
1862 3387 1916 3443 Si
1955 3386 2099 3442 enim
2134 3389 2184 3441 in

591 3488 713 3529 sese
738 3488 861 3528 eum
890 3473 1155 3545 gloriﬁcat
1176 3475 1357 3544 Pater,
1387 3487 1442 3532 ct
1481 3478 1629 3534 solus
1659 3479 1817 3535 Pater
1844 3480 1991 3537 Deus
2022 3495 2186 3536 verus

594 3574 696 3634 est,
727 3583 831 3622 non
862 3577 1019 3624 extra
1048 3568 1224 3626 Solum
1249 3587 1434 3628 verum
1459 3574 1622 3629 Deum
1653 3573 1899 3632 Christus
1924 3585 2040 3633 est:
2063 3577 2190 3649 quia

593 3659 954 3732 gloriﬁcatum
977 3662 1029 3717 in
1055 3663 1226 3719 Deum
1268 3664 1567 3731 Christum,
1595 3668 1861 3738 gloriﬁcet
1907 3670 2065 3724 Pater
2097 3685 2191 3725 ve-

595 3770 689 3810 rus
713 3755 859 3812 Deus
880 3755 1027 3815 Solus
1055 3759 1108 3814 in
1136 3772 1278 3816 sese.
1306 3761 1372 3817 Et
1409 3758 1551 3832 quod
1574 3778 1603 3817 a
1636 3764 1755 3818 solo
1778 3779 1905 3819 vero
1936 3763 2007 3838 (e)
2035 3766 2198 3836 glori-

598 3849 792 3906 ﬁcatur
820 3851 874 3907 in
899 3866 1041 3921 sese,
1074 3870 1180 3910 non
1212 3854 1478 3912 alienatur
1508 3873 1537 3913 a
1566 3858 1684 3913 solo
1715 3872 1873 3927 vero;
1905 3860 2032 3932 quia
2060 3860 2111 3915 in
2138 3874 2197 3916 se

593 3945 711 4003 solo
736 3946 1065 4017 gloriﬁcatur
1084 3964 1114 4005 a
1139 3966 1287 4006 vero.

664 4041 752 4095 45.
801 4039 1069 4114 Objectum
1119 4040 1219 4098 Ill
1267 4056 1444 4099 contra
1499 4044 1630 4102 Filii
1679 4048 1940 4103 deitatem.
1986 4044 2193 4104 —Scd

596 4132 736 4190 forte
766 4135 865 4205 pitu
892 4134 1017 4192 huic
1057 4137 1184 4195 ﬁdei
1230 4154 1452 4211 nostrae,
1493 4142 1670 4215 impia:
1701 4143 1939 4215 perﬁdia:
1968 4154 2071 4218 tua:
2102 4158 2193 4199 oc-

595 4231 1056 4297 curratassertio;
1088 4243 1144 4288 ut
1173 4232 1349 4291 aliena
1378 4235 1542 4310 292
1595 4236 1666 4292 ab
1697 4238 2060 4310 intelligentia
2094 4238 2192 4296 Dei

668 4386 751 4533 (lg
790 4389 857 4444 In
878 4390 1045 4461 gloria
1070 4401 1145 4447 est
1175 4392 1268 4449 Dei
1293 4395 1492 4452 Patris.

671 4460 728 4532 (2
793 4461 900 4517 Sed
928 4462 1234 4533 glori/iamut
1273 4468 1491 4533 gloriam

603 4530 615 4544 .
671 4460 750 4533 (2)
793 4460 900 4547 Sed
928 4462 1234 4547 gloriﬁcauit
1273 4468 1491 4547 gloriam
1525 4470 1578 4547 in
1603 4485 1732 4527 sese.
1762 4469 1929 4527 Paulo
1957 4481 2098 4544 post,
2129 4480 2178 4528 et

596 4535 652 4587 in
680 4549 794 4587 eam
817 4535 1055 4605 gloriam,
1080 4552 1187 4593 non
1219 4535 1399 4595 et'eam
1425 4540 1662 4612 gloriam.

673 4675 751 4820 ξω)
788 4676 847 4734 ln
872 4680 1021 4749 prius
1046 4682 1273 4752 vulgatis
1299 4682 1486 4741 deerat
1504 4685 1762 4754 particula
1791 4693 1861 4741 et.

698 4747 749 4820 ll)
793 4752 1127 4809 Anctoritate
1153 4771 1285 4812 mss.
1337 4759 1670 4813 removimus
1716 4756 1843 4813 hinc

698 4747 749 4820 ll)
793 4747 1285 4812 Auctoritate'mss.
1337 4747 1670 4813 removimus
1716 4756 1843 4813 hinc
1863 4753 2190 4812 vocabulum

602 4818 789 4903 gloria.
815 4821 948 4891 Quae
984 4834 1309 4903 sequuntur,
1366 4830 1586 4899 majoris
1629 4829 2023 4903 perspicuitatis
2065 4842 2195 4903 ergo

604 4895 676 4947 ita
697 4895 1029 4976 disponenda
1073 4908 1225 4954 sunt:
1261 4899 1398 4954 Eum
1435 4895 1483 4956 et
1533 4895 1675 4974 apud
1702 4895 2032 4976 se'glori/icat
2061 4895 2192 4953 etin

604 4980 734 5047 sese,
765 4975 838 5048 tu.
861 4982 982 5048 eam_
1012 4984 1291 5048 eumgmr
1336 4989 1432 5026 sua
1457 4983 1571 5048 est,
1610 4985 1714 5029 etc.
1755 4975 1895 5048 quod
1921 4981 2188 5037 notamus,

604 5038 907 5116 quia‘pt'itts
936 5038 1122 5116 vitiosa
1145 5038 1578 5116 interpunctione
1609 5038 1914 5116 perturbata
1942 5052 2115 5099 erant.

679 5106 756 5181 (σε)
798 5107 1138 5186 ln_vulgatis,
1172 5106 1336 5169 Deum
1361 5106 1893 5185 patremfredundat
1922 5123 2191 5186 postrema

606 5195 731 5247 vox,
759 5190 814 5234 et
832 5181 985 5237 abest
1008 5198 1037 5237 a
1070 5201 1199 5241 mss.

649 5252 760 5334 _(d)
782 5254 929 5334 Lips.
961 5265 1026 5334 et
1038 5256 1163 5334 Par.
1192 5273 1259 5334 es
1287 5260 1527 5334 margine
1553 5262 1784 5328 Erasmi,
1812 5259 2002 5316 Christi
2024 5258 2196 5334 [tomi-

608 5327 719 5379 uis:
746 5327 1135 5383 reluctantibus
1159 5329 1280 5384 aliis
1320 5327 1489 5386 libris.
1538 5333 1648 5389 Nec
1687 5327 1817 5389 sane
1835 5333 2035 5388 Christi
2069 5340 2192 5385 tan-

611 5405 723 5475 tnm
746 5408 800 5451 ut
826 5396 1090 5475 hominis,
1120 5400 1215 5475 sed
1251 5404 1484 5457 maxime
1529 5416 1585 5459 ut
1627 5406 1739 5472 Dei,
1768 5405 1936 5475 gloria
1978 5405 2030 5458 in
2082 5401 2198 5456 solo

611 5467 724 5521 Deo
753 5484 972 5539 semper
996 5470 1111 5526 luit.
1145 5473 1213 5528 Et
1236 5476 1356 5543 quia
1383 5477 1558 5531 omnis
1585 5488 1650 5532 ex
1676 5467 1859 5531 nam
1886 5477 1940 5531 in
1965 5476 2077 5531 Deo
2107 5488 2198 5542 pa-

614 5550 696 5621 tre
718 5553 942 5621 semper
978 5543 1105 5621 fuit;
1138 5562 1243 5601 non
1283 5547 1384 5600 alia
1418 5546 1516 5602 luit
1552 5546 1748 5602 Christi
1779 5547 2054 5621 Patrisque
2084 5549 2201 5621 glo-

623 5612 720 5664 ria.
748 5612 978 5692 ttonalin
1020 5619 1303 5675 divinitas:
1346 5636 1409 5676 ac
1452 5623 1677 5692 proinde
1725 5621 1811 5673 ubi
1852 5612 2021 5692 Pater
2058 5612 2206 5670 scius

620 5698 786 5761 νοΐιξε
812 5686 1319 5761 ρθιιῦγβγωιιὶοιιιιιτ,
1349 5686 1466 5747 ηοιῖ
1485 5692 1790 5749 excluditur
1834 5690 2101 5747 Christus.

691 5754 766 5828 (ε)
802 5756 932 5828 )Iat.
961 5754 1079 5815 has.
1102 5763 1271 5820 codex
1306 5754 1393 5821 hic
1431 5765 1576 5821 addit
1597 5765 1734 5820 Deo:
1760 5764 1891 5819 citra
1920 5759 2205 5819 necessita-

636 5827 764 5884 tem.
799 5827 933 5885 Tum
959 5833 1099 5903 apud
1127 5834 1250 5892 Par.
1280 5852 1382 5893 non
1414 5839 1603 5895 alienat
1627 5853 1659 5893 a
1690 5838 1800 5896 solo
1830 5851 1965 5904 vero,
1996 5833 2114 5906 quia
2152 5831 2209 5888 in

2290 3296 2369 3349 bis
2420 3296 2628 3350 Patrem
2692 3294 2965 3349 ostendas.
3020 3292 3172 3361 Quod
3207 3294 3249 3347 si
3315 3293 3479 3347 Pater
3524 3300 3736 3361 operatur
3783 3286 3819 3337 ia

2292 3387 2432 3443 Filio
2453 3429 2466 3453 ,
2494 3385 2792 3441 secundum
2824 3384 2965 3455 quod
2996 3387 3108 3455 ipse
3152 3386 3260 3439 ait:
3321 3384 3515 3449 Verba,
3564 3397 3661 3455 qua!
3680 3395 3750 3451 ego
3768 3377 3818 3432 luo

2293 3496 2420 3552 quor
2446 3477 2605 3543 vobis,
2637 3476 2714 3552 (4)
2749 3494 2850 3533 non
2872 3494 2962 3549 ego
2988 3477 3048 3550 (i)
3080 3477 3407 3546 loquor;sed
3431 3476 3598 3542 Pater,
3626 3475 3697 3545 qui
3713 3472 3817 3523 iam:

2294 3586 2484 3640 manet,
2518 3576 2624 3647 ipse
2659 3573 2784 3647 facit
2806 3588 2961 3645 opera
2997 3588 3093 3626 sua
3126 3569 3303 3642 (Joan.
3342 3587 3454 3634 xw,
3496 3567 3599 3642 lli).
3648 3564 3815 3621 Videat)?-

2297 3667 2425 3741 quid
2450 3669 2551 3723 hoc
2582 3667 2691 3722 sit:
2720 3664 2880 3721 Pater
2927 3681 3066 3720 meus
3092 3680 3252 3735 usque
3276 3664 3434 3718 modo
3453 3659 3708 3733 operatur?
3742 3653 3815 3708 ΙΙοι

2300 3764 2441 3820 enim
2481 3762 2601 3817 ideo
2641 3762 2732 3829 ait,
2769 3770 2825 3815 ut
2858 3767 3095 3831 paterna:
3122 3758 3175 3813 in
3204 3774 3263 3813 se
3290 3768 3500 3812 natura:
3527 3754 3596 3831 (j)
3619 3748 3815 3819 intellige-

2303 3868 2455 3915 retur
2504 3865 2769 3929 potestas,
2798 3854 2852 3909 in
2899 3850 3108 3909 sabbati
3136 3866 3299 3923 opere
3330 3850 3604 3921 potestatis
3644 3858 3729 3899 sua:
3752 3852 3817 3893 una

2304 3962 2515 4009 natura.
2546 3950 2683 4006 Cum
2708 3950 2852 4004 enim
2880 3945 2959 4019 (5)
2985 3947 3119 4002 inse
3146 3955 3327 4015 operct
3343 3961 3407 3999 ur
3429 3946 3669 4013 operante
3692 3934 3817 3991 Pater.

2304 4048 2420 4120 ipse
2452 4061 2671 4102 necesse
2694 4051 2778 4100 est
2802 4042 2960 4097 Patre
2987 4050 3244 4109 operante
3264 4048 3548 4108 operetur:
3579 4043 3715 4102 atque
3735 4023 3816 4120 ideo

2303 4117 2399 4199 ait:
2427 4140 2587 4196 Pater
2612 4155 2750 4194 meus
2778 4152 2933 4207 usque
2956 4134 3107 4188 modo
3137 4139 3383 4206 aperatnr
3423 4126 3596 4202 (Joau.
3621 4141 3668 4192 ι’,
3690 4117 3824 4192 17).υι

2302 4236 2478 4308 ipsum
2508 4232 2641 4289 illud
2663 4232 2768 4287 hoc
2814 4241 3056 4302 praesens
3099 4225 3373 4291 dictorum
3422 4230 3579 4295 atque
3609 4222 3816 4290 gestorum

2385 4398 2439 4467 3)
2482 4395 2692 4468 Exegit.

2382 4469 2440 4542 4)
2483 4466 2659 4542 Νοηά
2688 4481 2767 4521 me
2787 4466 2988 4535 loquor.

2382 4541 2440 4615 5)
2472 4541 2540 4597 In
2568 4558 2622 4596 se
2647 4549 2886 4614 operante
2908 4544 3164 4610 aperetur.

2218 4684 2273 4747 D
2297 4699 2351 4736 se
2375 4682 2486 4737 solo
2513 4682 2838 4752 gloriﬁcatur
2886 4679 2939 4732 in
2965 4691 3117 4752 vero:
3166 4671 3464 4752 mendose;
3497 4671 3604 4752 "fec
3633 4656 3826 4752 ,δ’δίξῗξξῖῗ

2297 4738 2597 4824 intelligere
2620 4738 2704 4809 est
2747 4770 2761 4806 :
2805 4766 2913 4824 non
2940 4749 3208 4802 alienatur
3244 4745 3313 4824 ab
3327 4758 3418 4810 eo.
3449 4738 3827 4824 ἢυίβ⁰¹¹ξῗξξῗέ

2296 4799 2777 4897 ἕὲὶἷὶῇῗιῖἑιέιῑῆό,
2933 4799 3245 4883 {sius—"esi,
3278 4816 3331 4871 in
3369 4799 3431 4870 se
3467 4799 3593 4870 'solo
3631 4799 3827 4878 gloriﬁca-

2300 4908 2408 4954 llll‘.

2372 4947 2439 5042 tt)
2480 4968 2615 5043 Tres
2660 4981 2792 5043 mss-
2823 4964 3036 5043 ,νθιῖοη
3054 4965 3316 5043 “male.”
3339 4958 3438 5042 "ibi
3462 4953 3656 5043 ,Ρεξιξίτ
3680 4947 3827 5043 Pii"?

2296 5028 2739 5111 sicvperSpicuior
2758 5039 2893 5095 erit:
2922 5028 3032 5093 non
3052 5028 3347 5111 ferentibus
3371 5032 3433 5111 in
3460 5028 3820 5111 Clll’iSlfli‘l‘ff'

2297 5092 2859 5182 Ῐιίῖιιτεὶίίὺείζειὶιᾱιῆ
2881 5092 2983 5166 sibi
3034 5104 3338 5178 proﬁtendo
3369 5103 3534 5158 Deum
3566 5104 3740 5167 patrem
3763 5092 3820 5136 ul-

2301 5186 2587 5240 tribuerat.
3686 5232 3723 5243 ,,
3804 5225 3811 5233 .

2370 5234 2728 5328 (ρδνῖιιὲόίιίε
2768 5253 3108 5328 desideratur
3135 5251 3274 5314 aliis,
3328 5260 3430 5328 nec
3459 5258 3561 5299 non
3600 5234 3749 5293 verbis
3780 5238 3829 5279 ut

2299 5320 2711 5389 cun't'seqnente
2740 5326 2999 5398 particula
3024 5333 3097 5387 ut,
3133 5333 3255 5394 pOSt
3279 5320 3513 5389 adeptus.

2396 5402 2453 5471 Ιι)
2493 5383 2609 5454 υιιη
2632 5383 2771 5471 mss'.
2789 5397 2943 5471 Colit.
2968 5383 3112 5471 nobis
3135 5383 3665 5471 postremo-ostendas.

2396 5402 2453 5471 It)
2493 5401 2609 5454 Duo
2632 5412 2760 5454 mss.
2789 5401 2943 5453 Coll).
2968 5401 3112 5451 nobis
3144 5404 3397 5467 postremo
3427 5401 3665 5470 ostenaas.

2371 5401 3023 5563 ittsotussstsila:
3055 5452 3828 5563 '32:;21'!f..313':"'a"°;:ait:

2308 5524 2532 5632 ’θ’ὶέῗνῖ
2560 5524 3024 5632 είδξιεθηιὶθηιὶιῃιε
3055 5540 3270 5611 quidem
3296 5524 3829 5632 supra}:

2311 5598 2669 5678 n.'55.’oditis
2698 5625 2752 5670 et
2781 5614 3018 5683 scriptis,
3051 5598 3261 5667 necnon
3296 5598 3450 5685 sacro
3471 5611 3608 5685 text“
3632 5598 3813 5685 εςίξξῗξ

2311 5670 2506 5742 latino:
2541 5670 2799 5743 sedideo
2830 5670 3016 5741 minus
3031 5692 3281 5755 suspecta
3316 5678 3402 5735 hic
3439 5673 3635 5731 videtur
3665 5670 3828 5720 cornui-

2310 5760 2431 5815 deni
2455 5760 2764 5816 consensio.

2384 5811 2482 5907 (1)*
2496 5811 2683 5905 illiti
2693 5811 3070 5903 intelligeretur
3089 5828 3350 5902 maiestas,
3362 5811 3721 5892 refragantibus
3730 5811 3825 5861 mssa
