3988 6332
114 376 211 433 517

1315 374 1402 433 DE
1442 374 1813 436 TliINITATE
1852 378 2059 436 LIBER
2096 381 2187 438 IX.

3402 213 3452 223 ..ιι-

3289 387 3393 445 ’518

113 509 202 567 per
230 505 453 563 scapus,
483 497 719 563 paterna:
744 491 796 546 in
821 504 878 547 se
900 498 1105 546 natura:
1125 490 1699 564 293existimaretur
1726 500 1776 559 Α
1802 492 1988 566 Neque
2027 494 2171 551 enim
2204 504 2422 567 praestat
2465 495 2663 556 vidisse
2709 498 2996 558 virtutem:
3041 510 3092 557 cl
3130 518 3251 557 cum
3284 518 3389 557 non

111 588 360 658 Operatio.
380 584 438 641 Id
452 586 621 653 enim,
637 585 778 657 quod
794 599 952 657 usque
978 583 1133 639 modo
1148 593 1410 656 operatur,
1432 598 1593 640 unum
1613 593 1695 639 at-

111 697 207 755 que
249 679 387 736 idem
417 678 550 736 dicti
597 679 963 750 temporisque
992 684 1326 733 momentum
1353 686 1467 745 est;
1499 686 1556 733 ut
1584 691 1690 733 non

109 780 244 835 aliud
274 775 487 848 aliquod
519 791 659 848 opus
678 791 798 833 esse
827 774 1023 843 Patris,
1058 789 1389 847 quamsuum
1419 778 1521 832 hoc
1548 774 1690 847 quod

108 871 228 942 sgit,
254 869 601 926 crederetur:
632 884 755 923 cum
796 883 889 940 per
929 867 1004 936 id,
1028 869 1169 940 quod
1212 883 1382 939 usque
1402 867 1563 923 modo
1585 867 1689 922 Pa-

110 973 183 1017 ter
205 971 481 1032 operatur,
519 959 638 1017 haec
674 959 789 1031 ipsa
810 968 956 1017 esset
984 960 1159 1016 Patris
1199 962 1302 1017 sub
1330 960 1522 1018 eodem
1556 971 1693 1016 tem-

107 1072 226 1127 pore
250 1055 517 1112 sermonis
545 1057 812 1127 operatio.
842 1054 919 1111 Ac
942 1072 1008 1111 ne
1051 1054 1206 1117 ﬁdes,
1244 1055 1387 1110 intra
1425 1056 1689 1127 cognitio-

105 1168 218 1209 nem
261 1160 465 1207 tantum
508 1149 683 1205 Patris
712 1149 919 1215 relicta,
944 1166 972 1203 a
996 1150 1119 1205 vita:
1148 1158 1369 1206 astet-na:
1399 1164 1495 1221 spe
1534 1151 1689 1205 abes-

106 1258 208 1314 set;
237 1247 496 1302 continuo
517 1243 781 1318 subjecit:
812 1244 880 1299 Et
911 1262 1003 1316 ego
1034 1260 1253 1315 aperor:
1286 1254 1337 1299 ut
1362 1244 1466 1301 hoc
1490 1246 1686 1316 ipsum,

104 1342 235 1415 quod
268 1340 346 1414 (a)
400 1340 561 1396 modo
612 1350 871 1411 operatur
920 1340 1101 1408 Pater,
1124 1349 1381 1411 operetur
1408 1348 1464 1396 et
1491 1339 1683 1395 Filius.

102 1439 171 1493 Ac
197 1437 271 1492 sic
301 1434 595 1506 perfectam
621 1435 779 1490 tidem
824 1433 1027 1501 docuit,
1083 1449 1204 1491 cum
1229 1434 1304 1500 id,
1343 1433 1485 1506 quod
1528 1434 1689 1489 modo

102 1539 195 1597 est,
226 1528 467 1601 ejusdem
501 1527 762 1599 temporis
786 1540 924 1599 cpus
943 1529 1045 1593 sit;
1071 1535 1123 1583 et
1151 1527 1223 1590 id,
1255 1527 1396 1597 quod
1434 1537 1690 1598 operatur

103 1623 249 1679 Pater
268 1630 528 1693 operatur
572 1630 628 1676 et
662 1619 861 1685 Filius,
910 1629 1061 1676 extra
1100 1616 1389 1692 singularis
1432 1621 1499 1676 sit
1530 1622 1687 1676 unio-

104 1730 236 1772 nem.
284 1714 393 1772 Sed
427 1714 733 1784 geminatus
763 1721 846 1769 cst
882 1712 1213 1770 audientium
1236 1714 1427 1771 dolor:
1463 1714 1514 1771 id
1541 1716 1686 1772 enim

102 1810 361 1881 sequitur:
406 1806 633 1878 Propter
670 1809 765 1863 Itoc
805 1809 971 1880 magis
1011 1809 1301 1880 quterebant
1344 1826 1463 1865 eum
1509 1807 1687 1865 «Ιαάωὶ

1796 592 2015 658 praestet
2060 588 2205 643 visus
2251 590 2524 657 virtutem,
2572 599 2814 649 naturam
2859 611 2965 651 non
3006 594 3243 651 infirmat
3287 611 3392 650 non

1795 694 1956 753 posse
1984 681 2102 738 sine
2126 682 2263 750 visu,
2288 683 2383 739 sed
2410 684 2785 743 auctoritatem
2816 689 3051 746 ostendit
3082 704 3147 745 ex
3173 689 3309 747 visu.
3337 684 3393 746 Id

1794 776 1938 831 enim
1960 775 2105 849 quod
2134 776 2228 846 ait,
2262 774 2363 833 nisi
2390 778 2580 849 videat,
2611 783 2999 838 conscientiam
3031 780 3299 851 signiﬁcat
3340 781 3392 838 in

1792 870 1932 937 visu,
1974 871 2132 926 sicuti
2160 870 2225 927 ad
2271 871 2561 943 Apostolos
2595 873 2700 927 ait:
2734 873 2867 931 Ecce
2893 876 3007 931 dico
3046 874 3207 943 vobis,
3239 875 3397 930 levate

1793 966 1969 1021 oculos
2001 974 2208 1034 vestros,
2251 978 2297 1024 et
2344 971 2506 1027 videte
2540 971 2794 1042 regiones,
2825 971 3064 1042 quoniam
3102 967 3233 1023 alba:
3278 983 3396 1028 sunt

1791 1059 1862 1115 ad
1888 1078 2099 1116 messem
2129 1057 2307 1133 (Joan.
2337 1080 2408 1132 tv,
2435 1065 2550 1137 55).
2571 1065 2909 1121 Conscientia
2941 1062 3102 1134 igitur
3132 1062 3181 1117 in
3211 1077 3269 1119 se
3300 1079 3389 1117 ua-

1793 1164 1926 1209 tura:
1956 1164 2214 1226 paternae,
2242 1173 2361 1229 ane
2400 1158 2450 1213 in
2493 1174 2550 1215 se
2583 1169 2838 1230 aperatnr
2865 1167 3145 1228 operante,
3176 1172 3241 1212 ne
3272 1155 3388 1212 vio-

1791 1247 1932 1304 Iasse
1981 1235 2267 1306 sabbatum
2320 1252 2581 1308 Dominus
2632 1250 2840 1307 sabbati
2899 1249 3228 1315 crederetur,
3277 1247 3390 1304 ait:

1791 1338 1916 1398 Non
1964 1352 2125 1416 potest
2169 1345 2312 1416 ﬁlius
2358 1345 2421 1401 ab
2468 1362 2521 1403 se
2563 1347 2731 1420 facere
2773 1333 3075 1418 quidquam,
3125 1343 3224 1398 nisi
3258 1342 3396 1413 quod

1789 1437 1973 1491 viderit
2020 1436 2231 1492 Patrem
2272 1437 2541 1510 facientem
2589 1435 2769 1511 (Joan.
2806 1453 2859 1505 v,
2910 1434 3036 1507 I9):
3068 1441 3126 1490 ut
3172 1433 3221 1489 id
3253 1433 3395 1505 quod

1790 1539 2132 1602 operaretur,
2162 1546 2227 1587 ex
2252 1531 2582 1588 conscientia
2613 1541 2817 1588 natura:
2840 1530 2891 1585 in
2920 1545 2979 1584 sc
3011 1514 3287 1600 opera'utis
3310 1541 3401 1581 os-

1789 1622 2061 1690 tenderet,
2095 1639 2216 1678 cum
2247 1631 2301 1679 et
2335 1639 2394 1679 se
2425 1623 2653 1678 sabbato
2695 1632 2977 1693 operante,
3029 1636 3198 1693 usque
3235 1618 3398 1674 modo

1790 1714 1951 1770 Pater
1979 1723 2298 1786 operaretur
2329 1716 2379 1771 in
2409 1715 2655 1772 sabbato.
2692 1714 2770 1770 Ad
2802 1715 3021 1770 alterius
3049 1727 3178 1769 vero
3211 1710 3290 1781 (2)
3316 1712 3396 1766 in-

1789 1807 2064 1879 dignitatis
2095 1808 2161 1880 (Ῑ)
2185 1788 2451 1877 doloiem,
2479 1809 2859 1880 consequentis
2895 1805 3026 1862 dicti
3060 1806 3239 1861 retulit
3266 1820 3398 1860 catt-

102 1902 394 1973 interficere,
421 1902 665 1972 quoniam
702 1917 804 1955 non
828 1901 995 1956 solum
1020 1898 1243 1956 solvebat
1276 1900 1561 1970 sabbatum,
1588 1901 1680 1957 sed
1711 1896 1757 1960 B
1787 1917 1934 1958 sam:
1990 1900 2333 1975 Quaecumque
2368 1903 2501 1957 enim
2540 1901 2704 1957 Pater
2733 1902 2879 1974 facit,
2914 1900 3091 1955 eadem
3130 1909 3175 1954 et
3229 1897 3399 1952 Filius

100 2006 146 2053 et
170 1995 302 2069 quod
326 2005 523 2068 patrem
539 2011 689 2051 suum
706 1996 970 2068 proprium
1005 1995 1202 2050 dicebat
1230 1995 1417 2065 Deum,
1440 1997 1685 2068 arqualem

103 2106 153 2145 se
175 2090 361 2161 faciens
406 2085 515 2144 Deo
546 2088 711 2158 (Ibid.
746 2088 862 2162 I8).
895 2088 963 2143 Et
993 2086 1080 2144 hic
1118 2104 1330 2144 rursum
1361 2090 1686 2157 admonebo,

109 2192 164 2239 et
189 2183 535 2255 Evangelista:
555 2183 783 2255 judicio,
814 2195 866 2239 et
913 2182 1190 2239 communi
1226 2180 1447 2240 humani
1476 2187 1691 2257 generis

111 2292 348 2348 assensu,
381 2278 542 2334 ﬁlium
574 2280 629 2334 in
669 2285 911 2351 paternae
959 2286 1164 2334 natura:
1198 2281 1505 2351 :eqnalitate
1527 2296 1647 2337 esse
1677 2300 1690 2338 :

104 2371 455 2443 aequalitatem
487 2376 667 2427 autem
721 2385 829 2427 non
869 2369 971 2426 nisi
1013 2386 1081 2428 ex
1105 2371 1293 2427 eadem
1321 2387 1441 2429 esse
1469 2381 1691 2440 natura;

108 2463 224 2535 quia
268 2461 517 2519 uativitss
561 2477 666 2519 non
702 2464 897 2520 habeat
940 2462 1157 2519 aliunde
1191 2465 1334 2536 quod
1378 2475 1609 2535 maneat,
1643 2473 1697 2522 et

112 2557 279 2613 omnis
325 2558 608 2626 generatio
634 2570 661 2611 a
689 2567 982 2630 generante
1012 2572 1071 2614 se
1098 2573 1204 2613 non
1233 2559 1299 2614 sit
1325 2556 1538 2627 aliena;
1567 2559 1695 2615 dum

110 2651 170 2707 ad
195 2652 243 2707 id
273 2654 420 2723 quod
448 2661 661 2720 manet,
693 2652 940 2709 subsistit
972 2651 1049 2727 (b)
1075 2669 1142 2709 ex
1178 2653 1393 2710 eodem.
1426 2654 1559 2710 lluic
1593 2653 1697 2727 igi-

113 2755 187 2802 tur
208 2747 505 2819 duplicatre
547 2746 904 2820 indignationi
947 2747 1230 2805 videamus
1276 2749 1404 2821 quid
1439 2748 1700 2806 Dominus

112 2838 473 2910 responderit:
526 2844 708 2907 Amen,
750 2856 898 2895 amen
921 2839 1037 2896 dico
1069 2840 1233 2909 vobis,
1275 2857 1377 2896 non
1406 2850 1566 2912 potest
1606 2839 1703 2897 Fi-

114 2929 200 2986 lius
211 2926 271 2986 ab
301 2947 359 2986 se
387 2930 556 3002 facere
574 2932 871 3003 quidquam,
896 2933 995 2987 nisi
1021 2932 1361 3005 quodaideril
1387 2931 1595 2989 Patrem
1622 2935 1705 3005 fa-

113 3024 331 3081 cientem.
387 3026 735 3098 Quacumque
759 3027 895 3081 enim
938 3026 1030 3081 ille
1057 3027 1205 3099 facit,
1236 3022 1487 3084 eademet
1530 3026 1704 3084 Filius

112 3119 332 3175 similiter
362 3118 496 3191 facit
526 3118 707 3195 (Joan.
740 3137 789 3191 ν,
826 3119 934 3194 i9).

173 3214 256 3268 45.
310 3214 603 3286 Responsio
658 3212 727 3268 ad
780 3214 977 3271 sabbati
1043 3214 1221 3269 violati
1270 3215 1487 3270 crimen.
1559 3213 1707 3270 Illud

1790 1994 1918 2067 facit
1966 1994 2202 2050 similiter
2247 1994 2485 2067 (Ibid).
2542 1990 2827 2065 Exprobra
2880 1993 3247 2049 inﬁrmitatem
3303 1991 3400 2047 Dei

1792 2089 1931 2158 lilio,
1985 2089 2165 2145 adime
2218 2105 2431 2161 quoque
2485 2101 2690 2145 naturte
2741 2089 3143 2160 aequalitatem,
3196 2087 3242 2142 si
3290 2101 3397 2141 non

1789 2197 2149 2255 qnmcumqne
2180 2181 2305 2238 facit
2337 2182 2515 2250 Pater,
2549 2182 2736 2238 eadem
2769 2192 2819 2237 et
2848 2179 3018 2236 Filius
3049 2178 3177 2235 facit
3203 2178 3397 2234 simili.

1793 2285 1898 2345 ter,
1931 2276 1975 2332 si
2003 2276 2296 2333 discrimen
2326 2277 2543 2349 aliquod
2574 2287 2813 2348 paterna:
2841 2274 3053 2330 virtutis
3084 2280 3245 2343 atque
3272 2284 3402 2342 0pc-

1794 2372 2026 2428 rationis
2059 2371 2390 2440 admittitur,
2420 2372 2503 2440 si,
2544 2370 2687 2444 quod
2735 2371 2814 2444 (g)
2842 2368 3131 2441 arqualitall
3190 2368 3402 2423 virtutis

1798 2477 2115 2539 natumque
2170 2469 2444 2541 proprium
2502 2476 2627 2535 est,
2685 2466 2908 2521 honoris
2963 2463 3247 2532 atqualitas
3294 2478 3401 2518 non

1798 2562 2124 2636 postulatur.
2149 2561 2268 2633 Ipse
2295 2562 2443 2617 enim
2479 2561 2530 2615 in
2559 2560 2828 2617 continuis
2856 2558 2967 2613 ait:
3010 2556 3079 2612 Ut
3105 2571 3279 2611 omnes
3309 2555 3400 2609 Ito-

1800 2658 2067 2730 noriﬁcent
2098 2655 2313 2722 Filium,
2344 2658 2473 2711 sicut
2518 2654 2866 2726 honorificam
2905 2651 3139 2707 Patrem.
3173 2650 3274 2719 Qui
3303 2664 3406 2705 non

1801 2751 2111 2822 honori/ient
2143 2750 2337 2806 Filium
2358 2792 2373 2818 ,
2418 2764 2522 2805 non
2560 2748 2868 2815 honori/ient
2910 2743 3123 2800 Patrem
3148 2744 3236 2815 qui
3266 2743 3407 2798 misit

1799 2848 1951 2903 illum
1982 2844 2146 2919 (Ibid.
2168 2845 2283 2917 25).
2315 2844 2570 2901 Discerne
2591 2842 2951 2913 aequalitatem
2980 2840 3033 2894 in
3063 2839 3271 2895 honore
3291 2852 3399 2892 non

1803 2942 2045 3013 dispari:
2091 2941 2303 2997 inﬁrma
2337 2950 2580 2996 naturam
2622 2940 2675 2993 in
2710 2937 2900 2994 eadem
2936 2933 3250 3007 operatione
3293 2934 3408 2987 vir-

1808 3039 1956 3094 tutis.
3100 3046 3103 3051 ’

1875 3132 1967 3190 46.
2024 3129 2296 3205 Epilogus.
2350 3158 2423 3172 --
2467 3128 2604 3199 Quid
2656 3126 3024 3202 responsionis
3070 3134 3287 3182 causam
3342 3121 3408 3178 ad

1806 3224 2190 3281 contumeliam
2244 3224 2539 3279 divinitatis
2592 3221 2849 3277 invadisi
2903 3219 2984 3277 Ad
3042 3217 3409 3288 operationem

113 3318 205 3360 non
250 3315 436 3375 potest
486 3308 841 3362 auctoritatem
890 3307 1128 3375 ostendit,
1183 3323 1284 3363 non
1326 3307 1699 3379 inﬁrmitatem.
1730 3304 1776 3367 (ἒ
1809 3320 2015 3377 sabbati
2062 3318 2362 3388 respondit,
2413 3333 2518 3373 non
2567 3330 2627 3373 se
2675 3317 2963 3387 quidquam
3012 3313 3192 3370 facere
3229 3325 3410 3381 posse,

115 3397 239 3464 Quid
261 3400 522 3472 signiﬁcet
543 3402 644 3456 nisi
661 3400 1152 3474 videat.Responsio
1173 3402 1241 3457 ad
1258 3402 1475 3458 alterum
1492 3406 1703 3459 crimen.

109 3491 278 3549 —Nisi
307 3495 457 3549 dicta
488 3493 563 3568 (ε)
592 3492 946 3565 propositioni
979 3497 1191 3566 propria
1220 3506 1380 3563 sunt;
1414 3497 1521 3552 vim
1551 3498 1711 3554 dictis

111 3591 531 3661 praesumptione
562 3591 793 3663 propriae
822 3604 877 3649 et
909 3588 1143 3649 inﬁdelis
1173 3594 1543 3665 intelligentia
1574 3592 1710 3650 alle-

110 3686 287 3741 rimus.
331 3687 401 3743 Si
444 3697 624 3742 autem
664 3687 866 3744 irarum
910 3689 1090 3745 causis
1139 3688 1380 3760 subjecta
1427 3689 1710 3760 responsio

111 3789 216 3845 est;
251 3781 392 3836 ﬁdes
425 3782 601 3851 potius
623 3792 806 3837 nostra
831 3782 1073 3852 loquitur
1093 3781 1235 3853 quod
1260 3782 1510 3850 docetur,
1548 3800 1708 3856 quam

111 3872 408 3945 irreligioso
449 3874 778 3943 perversitas
814 3874 1107 3944 impietatis
1142 3889 1255 3931 sum
1295 3874 1535 3932 delendit
1561 3893 1714 3934 erro-

111 3986 234 4028 rem.
282 3969 614 4038 Qumramus
658 3983 788 4039 ergo
828 3982 896 4023 an
943 3967 1022 4042 (τι)
1065 3966 1132 4025 ad
1169 3967 1376 4025 sabbati
1420 3984 1555 4042 Opus
1596 3970 1714 4028 haec

112 4068 315 4138 propria
344 4063 637 4135 responsio
657 4061 763 4137 sit:
812 4060 934 4116 Non
964 4068 1130 4134 potest
1160 4062 1303 4134 filius
1340 4061 1403 4119 ab
1446 4080 1502 4120 se
1540 4064 1713 4134 facere

110 4162 408 4234 quidquam,
430 4158 533 4215 nisi
550 4158 690 4230 quod
708 4157 891 4212 viderit
915 4154 1127 4212 Patrem
1147 4158 1437 4231 facientem.
1458 4158 1550 4214 Ait
1565 4159 1711 4215 enim

109 4260 350 4328 superius
374 4276 391 4313 :
417 4254 578 4311 Pater
596 4269 737 4308 meus
760 4267 921 4321 usque
942 4256 1095 4307 modo
1112 4262 1374 4325 operatur,
1408 4262 1456 4308 et
1476 4268 1567 4326 ego
1593 4269 1716 4326 ope-

109 4367 189 4407 ror
214 4349 401 4425 (Ibid.
435 4346 505 4404 l7
527 4346 567 4419 ).
598 4340 658 4403 Si
687 4348 927 4414 paternas
972 4347 1023 4400 in
1059 4358 1118 4401 se
1149 4356 1356 4401 natura:
1395 4342 1716 4401 auctoritate

110 4443 241 4516 quod
269 4440 441 4517 gerit,
465 4447 691 4512 gerente
721 4434 881 4493 Patre
905 4436 1046 4508 agit,
1077 4437 1169 4509 qui
1193 4450 1364 4510 usque
1391 4436 1554 4495 modo
1584 4452 1718 4511 ope-

110 4546 250 4596 ratur
279 4537 337 4595 in
378 4528 648 4600 sabbato;
693 4540 847 4587 extra
876 4531 1084 4587 crimen
1110 4531 1294 4603 operis
1317 4540 1399 4588 est
1430 4529 1624 4598 Filius,
1660 4533 1713 4589 in

110 4652 209 4709 quo
248 4647 498 4710 paternae
541 4629 875 4704 operationis
914 4625 1198 4699 praefertur
1229 4631 1543 4686 auctoritas.
1595 4624 1712 4686 Non

1811 3412 1912 3467 nisi
1942 3410 2084 3483 quod
2118 3410 2328 3465 Patrem
2361 3408 2644 3465 facientem
2679 3409 2936 3463 vidisset:
2971 3406 3036 3461 ad
3077 3405 3417 3461 demonstra-

1809 3505 2011 3561 tionem
2042 3519 2172 3559 vero
2201 3503 2543 3575 atqualitatis,
2594 3512 2947 3573 quaecumque
2991 3499 3149 3553 Pater
3187 3496 3413 3561 faceret,

1813 3599 1992 3653 facere
2034 3610 2093 3654 se
2139 3596 2416 3668 professus
2453 3605 2554 3651 est.
2606 3596 2756 3651 Tene
2807 3594 3038 3670 (supple,
3073 3590 3415 3663 responsum)

1811 3692 1953 3763 quod
1983 3692 2047 3746 ad
2078 3692 2361 3748 sabbatum
2403 3691 2635 3761 pertinet
2663 3691 2727 3745 ad
2758 3689 3106 3761 opprobrium
3137 3685 3420 3741 inﬁrmita-

1815 3786 1905 3852 tis,
1947 3778 1992 3840 εἰ
2027 3800 2132 3840 non
2159 3794 2510 3856 quacumque
2545 3784 2672 3839 facit
2708 3783 2888 3850 Pater,
2920 3782 3109 3837 eadem
3152 3789 3209 3835 et
3247 3777 3420 3835 Filius

1812 3878 1944 3934 facit
1972 3878 2239 3934 similiter.
2264 3879 2320 3935 Si
2345 3886 2520 3934 autem
2544 3876 2621 3953 (Is)
2649 3887 2777 3934 sunt
2796 3879 2912 3933 sine
2931 3877 3250 3946 exceptione
3281 3890 3423 3941 qua:—

1815 3988 2031 4045 cumque
2073 3980 2236 4038 sunt;
2288 3970 2341 4027 in
2387 3986 2496 4041 quo
2534 3971 2747 4028 tandem
2781 3970 3064 4027 inﬁrmitas
3092 3969 3416 4039 reperietur,

1815 4078 1938 4123 cum
1991 4065 2055 4140 (i)
2111 4070 2161 4122 in
2221 4066 2371 4122 nullo
2410 4080 2531 4137 quae
2580 4065 2736 4121 Pater
2783 4064 2952 4134 possit
2998 4078 3102 4118 non
3147 4061 3314 4133 possit
3367 4068 3425 4115 et

1816 4160 1989 4217 Filius
2009 4160 2034 4215 ‘l
2058 4160 2168 4218 Aut
2192 4160 2245 4217 in
2277 4176 2385 4232 quo
2411 4160 2625 4217 tandem
2659 4176 2755 4231 per
2783 4156 3238 4215 intercessionem
3271 4157 3422 4212 inﬁr-

1816 4254 2023 4311 mitatis
2050 4261 2279 4325 negatur
2305 4253 2602 4325 aequalitas,
2638 4267 2760 4309 cum
2784 4267 2923 4308 unus
2952 4256 3115 4323 atque
3143 4250 3286 4307 idem
3321 4250 3427 4305 bo-

1816 4358 1918 4405 nor
1948 4347 2252 4420 postuletur
2280 4346 2346 4402 ad
2374 4345 2706 4418 utrumque?
2731 4344 2884 4414 Quod
2910 4345 2956 4401 si
2984 4343 3172 4400 eodem
3200 4350 3284 4398 est
3316 4341 3429 4397 vir-

1817 4452 1902 4499 tus
1916 4442 2198 4515 operandi,
2218 4450 2273 4499 et
2285 4442 2473 4499 eadem
2491 4448 2575 4499 est
2591 4441 2782 4513 religio
2799 4437 3123 4506 honorandi;
3140 4436 3303 4513 295
3318 4452 3425 4494 non

1818 4540 2062 4613 intelligo
2100 4538 2155 4595 In
2199 4550 2307 4611 quo
2335 4537 2553 4595 tandem
2587 4548 2794 4594 natura:
2827 4534 3054 4592 inﬁrmis
3093 4532 3426 4590 contumelia

1818 4635 2182 4706 relinquatur,
2224 4640 2347 4691 cum
2395 4631 2585 4689 eadem
2624 4631 2696 4688 sit
2743 4632 2796 4687 in
2832 4628 2997 4686 Patre
3032 4635 3088 4685 et
3126 4627 3179 4683 in
3206 4620 3345 4683 Filio
3374 4632 3429 4680 et

112 4701 337 4787 enim-ad
354 4701 729 4785 inﬁrmitatem
748 4722 1069 4791 retulit,non
1087 4729 1273 4795 potest,
1289 4720 1382 4779 sed
1401 4720 1713 4780 adauctori-
1737 4701 1791 4763 Ῐ)
1820 4701 2037 4783 virtutis
2072 4732 2329 4798 potestas,
2362 4735 2419 4783 et
2447 4726 2667 4782 honoris
2693 4723 2993 4795 mqualitas.

112 4832 301 4891 tatem;
330 4814 502 4897 294
521 4830 644 4874 nam
665 4817 736 4874 ab
756 4830 816 4874 se
841 4830 948 4873 non
974 4820 1170 4888 potest,
1195 4815 1273 4888 (l)
1291 4814 1476 4889 (e)nlsi
1494 4814 1709 4875 viderit.

205 4942 259 5013 I)
290 4939 422 4997 Nisi
454 4936 644 4994 videat.

175 4942 257 5089 ἓξ)
309 5010 644 5085 Indignatioa

1892 4819 1983 4877 47.
2002 4819 2139 4888 Quid
2161 4820 2247 4887 sit,
2266 4818 2405 4876 Nihil
2430 4828 2607 4891 patest
2628 4817 2799 4874 Filius
2820 4815 2997 4872 facere
3015 4828 3047 4869 a
3069 4827 3151 4881 se,
3181 4811 3285 4867 alio
3314 4811 3428 4866 loco

197 5000 257 5089 2)
309 5004 721 5085 Indignationis.
770 5004 861 5065 Sic
902 5016 1128 5063 numero
1158 5003 1423 5076 superiori
1454 5002 1696 5063 dixerat:
1742 5002 1879 5061 Huic
1904 5004 2063 5077 igitur
2080 5002 2358 5075 duplicatae
2380 5000 2741 5076 indignationi.

179 5126 256 5202 (a)
295 5127 419 5183 Vat.
453 5120 577 5182 Bas.
610 5139 672 5179 ac
699 5116 914 5178 Martin.
948 5135 1080 5177 mss.
1109 5162 1123 5189 ,
1157 5112 1311 5175 modo
1340 5134 1503 5194 usque
1539 5137 1721 5195 aperu-

112 5211 258 5344 mir)
292 5272 485 5328 Solum
520 5269 796 5339 exemplar
823 5264 1224 5330 Martinianum,
1255 5264 1350 5319 sub
1373 5265 1569 5320 eodem.

124 5414 133 5417 _
180 5276 259 5417 is)
290 5340 464 5405 Edili,
496 5338 882 5417 propositionis.
918 5340 983 5393 At
1012 5336 1563 5417 _ntss.,nproposil_ioni,

206 5336 259 5414 c)
290 5340 464 5405 Edili,
496 5336 882 5423 propositionis.
918 5340 983 5393 At
1012 5336 1563 5423 _ntss.,nproposit‘ipni,
1594 5336 1712 5393 scil.

114 5407 454 5482 Judteorttm,
494 5407 789 5480 cui'aptata
830 5419 955 5465 sunt
993 5408 1131 5462 dicta
1164 5407 1383 5463 Christi.
1424 5407 1544 5464 Mox
1574 5426 1716 5466 unus

116 5507 212 5537 ms-
241 5486 453 5537 Vatic..
485 5494 531 5537 et
564 5484 729 5537 ﬁdelis
763 5478 1147 5537 intelligendas:
1176 5494 1279 5533 non
1310 5472 1640 5537 probandus.

116 5507 212 5545 ms.
241 5481 453 5551 Vatic.,
485 5494 531 5539 et
561 5484 729 5554 ﬁdelis
763 5481 1147 5553 intelligendas:
1176 5494 1279 5533 non
1310 5481 1640 5549 probandus.

180 5561 265 5629 (tl)
294 5558 399 5615 Sic
417 5570 549 5629 mss.
582 5555 722 5629 Editi
753 5554 997 5629 vero,_de
1017 5550 1212 5629 sabbati
1233 5567 1424 5629 opere._
1587 5622 1633 5629 __

1829 5123 1927 5190 tis;
1955 5131 2008 5176 et
2037 5114 2139 5176 hoc
2164 5119 2275 5176 ait:
2309 5126 2366 5175 ut
2392 5118 2554 5190 paulo
2579 5128 2702 5175 ante
2725 5117 2886 5174 habet
2905 5116 3047 5174 idem
3070 5112 3422 5189 Augustinus,

1828 5196 1946 5264 quia
1966 5194 2104 5249 videt
2127 5209 2190 5247 ea:
2217 5194 2332 5262 ipso
2361 5191 2583 5263 faciendi
2609 5208 2663 5246 se
2691 5191 3181 5264 haberepotentiam
3198 5230 3210 5251 .
3240 5202 3305 5264 ea:
3325 5204 3425 5264 quo

1825 5261 1879 5321 se
1914 5267 2046 5321 videt
2073 5261 2322 5321 existendi
2352 5261 2536 5319 habere
2559 5275 2816 5319 naturam.
2854 5262 3006 5319 Unde
3033 5272 3087 5319 et
3115 5261 3421 5318 concludit:

1827 5337 1951 5393 Non
1974 5339 2267 5402 deﬁcienter
2298 5354 2399 5392 non
2434 5343 2615 5408 potest,
2644 5335 2734 5390 sed
2759 5343 3008 5408 potenter.

1896 5410 1962 5484 (ι’)
1995 5410 2159 5477 Editi,
2190 5407 2565 5481 indignationis
2588 5424 2608 5463 :
2659 5406 3015 5464 renitentibus
3054 5419 3247 5477 magno
3286 5418 3421 5459 con-

1820 5499 1983 5540 SCIISII
2012 5496 2146 5537 mss.

1897 5555 1974 5627 (g)
2008 5555 2064 5608 In
2096 5553 2347 5625 vulgatis.
2379 5552 2450 5609 ad
2481 5548 2952 5627 (equalitatem.__ln
2984 5546 3257 5627 plerisque
3288 5562 3421 5627 mss.

178 5620 258 5707 (e)
282 5630 403 5687 Soli
427 5628 556 5685 editi
579 5627 687 5694 hic,
716 5627 816 5681 nisi
834 5626 1019 5707 uideat.
1044 5623 1110 5707 ᾼι
1134 5620 1551 5707 ιηιικγαιηὺθε..
1579 5622 1720 5707 Nam
1821 5620 2133 5707 mqu'alitate.
2175 5620 2441 5684 ﬂaluntus
2471 5620 2593 5682 cum
2633 5623 2821 5679 codice
2854 5620 2977 5676 Vat.
3013 5621 3130 5677 bas.
3158 5659 3173 5686 ,
3211 5620 3427 5690 wquali—

113 5696 247 5769 quod
275 5707 344 5757 ab
378 5717 432 5757 se
459 5716 562 5754 non
582 5709 767 5771 potest,
795 5698 895 5753 nisi
915 5697 1097 5751 uiderit
1120 5712 1141 5763 ,°
1170 5696 1296 5764 quid
1325 5698 1460 5771 enim
1486 5706 1719 5768 praestat,

112 5791 243 5843 τις..
276 5784 559 5843 corrupte.
585 5770 781 5825 ’llilarii
805 5772 871 5824 ad
915 5775 1149 5823 mentem
1181 5770 1510 5838 Augustinus
1531 5778 1719 5843 contra

770 5843 923 5913 Quod
946 5843 1017 5913 ait
1042 5857 1097 5896 se
1126 5857 1226 5895 non
1254 5854 1424 5909 posse,
1454 5857 1556 5897 non
1589 5842 1720 5913 defi-

117 5922 300 5979 cientis
327 5929 431 5986 est,
456 5917 545 5973 sed
562 5918 616 5975 in
634 5933 696 5973 eo
718 5912 858 5989 quod
886 5914 949 5971 de
972 5912 1128 5971 Patre
1151 5922 1302 5970 natus
1323 5923 1396 5971 est
1411 5912 1722 5988 permanen-

119 5849 301 5905 Serm.
342 5846 530 5900 Arion.
554 5860 606 5901 c.
637 5844 736 5901 Ib:

1821 5710 1981 5845 mih)
2016 5768 2248 5829 Verbum
2276 5782 2397 5827 sunt
2425 5769 2851 5845 restituimus‘ex
2879 5781 3011 5845 mss.

1903 5839 1970 5921 (i)
2009 5845 2174 5915 Editi,
2231 5845 2399 5902 nulla.
2454 5843 2525 5901 At
2577 5857 2709 5902 mss.
2758 5840 2813 5897 in
2859 5840 3030 5911 nullo,
3089 5839 3249 5903 tacita
3296 5852 3427 5896 voco

1824 5933 1997 5975 eorum
2004 5955 2018 5973 ι
