3988 6332
641 316 752 377 319

1854 326 2099 385 SANCTI
2140 329 2394 388 "ILARII
2437 332 2739 391 EPISCOPI
3760 356 3832 413 Γ)Ξο

640 438 991 509 conﬁrmatur.
1039 438 1299 496 Meritum.
1342 471 1413 484 ——-
1461 442 1532 500 Et
1576 443 1692 502 hrcc
1726 446 1942 519 quidem
1995 448 2237 519 quamvis
2265 451 2320 512 Α
2413 449 2504 507 49.
2534 451 2618 507 Ait
2659 470 2762 509 non
2796 470 2850 510 se
2871 471 3038 524 suam,
3081 457 3170 514 sed
3198 456 3371 516 Patris
3398 461 3552 535 facere
3580 468 3832 534 voluntatem.

643 545 766 589 cum
794 534 907 605 ipsa
934 550 1114 591 rerum
1146 535 1488 594 absolutionc
1524 547 1750 597 tractata
1789 542 1932 608 sint;
1965 552 2143 600 tamen
2174 559 2243 600 ne

640 628 767 698 quid
792 629 845 685 in
875 644 941 686 eo
970 630 1114 702 quod
1136 631 1205 688 ait
1232 632 1493 691 Dominus
1518 654 1530 690 :
1569 634 1689 692 Non
1721 646 1885 708 potest
1906 637 2048 708 ﬁlius
2074 638 2242 709 facere

641 722 706 777 ab
745 738 797 777 se
832 724 1134 795 quidquam,
1187 727 1289 782 nisi
1323 727 1461 799 quod
1496 729 1678 785 viderit
1725 729 1934 786 Patrem
1972 732 2242 803 facientem

640 814 823 887 (locu.
857 832 915 886 v,
950 816 1064 892 l9),
1091 819 1157 875 ad
1182 820 1517 878 inﬁrmandas
1537 832 1743 879 natura:
1764 824 1882 893 ejus
1909 826 2238 894 impietatem

642 909 890 981 prolieiat
923 913 1103 985 potius
1125 957 1140 980 ,
1175 930 1334 987 quam
1362 916 1427 973 ad
1459 915 1896 975 demonstranda:
1925 929 2160 991 paterna:
2188 920 2240 978 in

642 1018 704 1059 se
747 1014 952 1061 naturae
1000 1008 1417 1076 conscientiam,
1460 1025 1558 1081 per
1600 1026 1759 1082 quam
1806 1027 1872 1067 ex
1923 1013 2243 1070 auctoritate

640 1105 898 1169 operatus
927 1098 980 1155 in
1013 1100 1239 1157 sabbato
1266 1114 1348 1159 est
1371 1120 1385 1170 ;
1409 1103 1536 1160 dicti
1568 1120 1780 1176 quoque
1805 1105 2063 1163 dominici
2090 1107 2156 1163 ad
2188 1108 2240 1164 id

639 1195 967 1266 pertinentis
989 1196 1406 1254 demonstranda
1437 1199 1672 1272 cognitio
1702 1209 1807 1267 est,
1829 1216 1937 1273 quo
1971 1201 2082 1258 ait:
2111 1200 2180 1258 Et
2209 1220 2242 1258 a

641 1305 724 1345 me
750 1290 887 1360 facio
916 1293 1068 1362 niltil,
1097 1294 1188 1348 sed
1216 1304 1272 1349 ut
1296 1295 1469 1351 docuit
1491 1314 1573 1351 me
1598 1296 1780 1362 Pater,
1804 1299 1911 1354 haec
1940 1298 2138 1370 loquor.
2178 1297 2243 1352 Et

639 1384 730 1453 qui
754 1400 833 1440 me
856 1387 1014 1451 misit,
1038 1403 1234 1442 mecum
1256 1399 1366 1457 est,
1391 1389 1472 1463 (Ι)
1500 1400 1546 1445 et
1582 1407 1682 1445 non
1723 1392 1926 1462 reliquit
1948 1409 2026 1447 me
2051 1391 2239 1461 solum,

640 1482 881 1550 quoniam
894 1496 985 1553 ego
1004 1497 1119 1553 quae
1131 1492 1249 1538 sunt
1267 1484 1317 1537 ei
1335 1483 1526 1550 placita
1545 1484 1682 1554 facio
1701 1502 1898 1558 semper
1919 1485 2101 1559 (Joan.
2127 1502 2239 1553 vttt,

639 1573 708 1630 28
740 1584 787 1628 ct
813 1574 928 1646 29).
960 1575 1214 1633 Sentisne
1240 1577 1365 1648 quid
1394 1578 1482 1645 sit,
1522 1594 1627 1634 non
1658 1593 1815 1650 posse
1842 1580 2133 1652 quidquam
2163 1581 2244 1637 fa-

640 1681 767 1723 cere
789 1666 1016 1735 Filium,
1053 1668 1155 1725 nisi
1184 1670 1364 1727 videat
1399 1672 1615 1729 Patrem
1654 1672 1981 1730 facientem?
2035 1682 2091 1730 ct
2135 1689 2242 1743 quo

638 1773 982 1818 sacramento
998 1763 1204 1820 dictum
1238 1766 1328 1833 sit,
1355 1775 1403 1821 et
1421 1784 1454 1821 a
1475 1784 1554 1823 me
1575 1768 1708 1840 facio
1730 1768 1898 1835 nihil;
1920 1777 1975 1824 et
2000 1785 2238 1837 rursum,

2346 543 2470 601 Non
2514 546 2577 601 ob
2607 549 2793 619 agendi
2823 550 3171 606 necessitatem
3192 594 3207 619 ,
3236 554 3325 608 sed
3350 554 3407 609 ob
3428 558 3663 616 unitatem.
3689 594 3744 606 —
3762 567 3838 624 Ad.

2340 639 2506 712 jnnge
2534 657 2747 713 quoque
2778 641 2900 698 huic
2933 643 3060 700 illud
3084 687 3098 711 ,
3142 647 3284 716 quod
3311 648 3373 704 ad
3404 654 3707 723 opprobrium
3735 661 3838 719 inlit-

2346 734 2549 789 mitatis
2578 749 2841 805 usurpas:
2878 736 3041 792 Omne
3079 740 3215 811 quod
3243 741 3330 796 dat
3367 744 3486 799 mihi
3522 744 3687 815 Pater,
3712 754 3763 806 ad
3787 772 3839 812 me

2346 830 2499 893 renit,
2531 840 2579 884 et
2618 832 2899 886 venientem
2934 832 3002 888 ad
3038 850 3118 888 me
3146 852 3250 891 non
3284 838 3448 908 apello
3467 858 3485 906 ;
3529 844 3634 910 quia
3671 848 3839 905 descendi

2346 922 2409 977 de
2433 923 2557 978 cmlo
2585 941 2686 978 non
2718 934 2773 979 ut
2796 926 2985 997 faciant
3016 929 3325 985 voluntatem
3352 948 3524 997 meum,
3563 936 3639 989 sed
3669 940 3837 995 volunta-

2346 1023 2444 1070 tem
2473 1014 2649 1070 Patris
2669 1019 2755 1089 qui
2774 1034 2851 1073 me
2874 1020 3012 1075 ntisit
3037 1018 3219 1089 (Joau.
3246 1038 3318 1090 vt,
3348 1024 3415 1079 57
3443 1036 3486 1079 et
3512 1027 3616 1100 '58).
3644 1028 3728 1087 Sed
3748 1032 3840 1091 forte

2344 1110 2461 1165 sine
2490 1109 2782 1168 veluntatis
2810 1113 3061 1171 libertate
3082 1116 3151 1171 sit
3175 1115 3364 1186 Filius,
3390 1128 3445 1175 ut
3468 1122 3515 1176 ei
3551 1132 3722 1181 natura:
3742 1127 3842 1183 inlit-

2345 1202 2503 1258 mitas
2546 1204 2773 1274 imperet
2811 1207 3210 1264 necessitatem.
3251 1209 3376 1265 Ideo
3414 1224 3581 1269 autem
3610 1221 3836 1277 necessitati

2347 1297 2416 1351 sit
2440 1296 2718 1361 subditus,
2752 1314 2857 1354 non
2885 1300 3146 1356 voluntati
3166 1344 3179 1367 ,
3210 1313 3267 1357 ut
3294 1304 3446 1360 datos
3473 1306 3565 1362 sibi
3592 1310 3840 1368 venientes:

2347 1386 2505 1444 Patre
2551 1406 2657 1444 non
2695 1390 2912 1463 apellat.
2951 1391 3055 1448 Sed
3107 1396 3430 1451 sacramenti
3472 1400 3697 1456 unitatem
3719 1401 3759 1457 in
3791 1405 3841 1461 bis

2346 1479 2605 1536 Dominus
2626 1481 2955 1553 significans,
2980 1484 3107 1540 dum
3128 1502 3232 1541 non
3256 1488 3460 1557 repellit
3489 1490 3582 1546 sibi
3603 1491 3744 1559 datos,
3760 1493 3841 1550 dum

2346 1587 2452 1628 non
2480 1588 2653 1643 suam,
2685 1574 2779 1630 sed
2804 1575 3067 1632 mittentis
3102 1593 3163 1634 se
3188 1580 3297 1650 agit
3326 1582 3659 1651 voluntatem,
3683 1596 3771 1656 post
3787 1603 3842 1643 re-

2346 1668 2564 1738 pctitam
2594 1667 2729 1724 hanc
2752 1669 2997 1726 eamdem
3025 1671 3225 1730 Iudaeis
3245 1679 3678 1734 murmurantibus
3696 1695 3840 1749 vocem,

2346 1762 2713 1831 intelligentia:
2737 1775 2934 1821 nostra:
2962 1782 3180 1823 sensum
3205 1769 3509 1840 conﬁrmat,
3561 1771 3742 1830 dicens:
3764 1775 3842 1829 0n-

639 1853 767 1911 Non
795 1855 1005 1924 reliquit
1033 1874 1115 1911 me
1142 1858 1330 1925 solum,
1360 1861 1603 1931 quoniam
1639 1877 1730 1932 ego
1758 1878 1874 1934 qua:
1899 1871 2016 1916 sunt
2050 1862 2097 1915 ei
2131 1862 2246 1931 pla-
2277 1859 2321 1920 Β
2349 1855 2449 1919 πίεν
2474 1857 2561 1922 qui
2587 1857 2730 1911 ααάίι
2753 1876 2785 1912 α
2807 1856 2965 1914 Patre
2990 1869 3035 1915 ει
3063 1860 3234 1927 discit.
3275 1865 3414 1919 vellit
3437 1865 3504 1918 ad
3539 1882 3628 1933 me.
3659 1884 3738 1922 non
3757 1870 3841 1938 quod

636 1946 740 2002 cita
767 1948 903 2018 facio
927 1965 1125 2019 semper
1155 1949 1318 2022 (Ibid.
1351 1949 1479 2023 29)?
1506 1951 1560 2008 Si
1592 1953 1733 2008 enim
1772 1952 1894 2010 ideo
1923 1953 2057 2008 nihil
2085 1954 2153 2010 ab
2182 1969 2241 2012 se

638 2039 790 2108 facit,
814 2042 939 2113 quia
967 2042 1020 2097 in
1044 2057 1103 2099 se
1134 2054 1314 2100 manet
1344 2045 1542 2111 Pater;
1574 2046 1846 2117 quomodo
1873 2062 2088 2103 rursum
2119 2047 2241 2104 ideo

639 2146 699 2189 se
718 2133 891 2191 solum
921 2135 1079 2191 Pater
1107 2151 1213 2193 non
1241 2137 1476 2210 reliquit.
1509 2138 1630 2209 quia
1667 2155 1788 2210 qua
1814 2149 1937 2196 sunt
1966 2140 2015 2196 ei
2046 2139 2237 2211 placita

638 2226 810 2285 facit?
845 2229 961 2285 Non
992 2231 1291 2288 concordat
1317 2232 1617 2290 secundum
1657 2248 1875 2290 sensum
1921 2243 2094 2303 tuum,
2129 2235 2241 2289 haz-

640 2323 830 2388 rctice.
864 2323 1130 2381 dictorum
1161 2325 1448 2382 diversitas
1469 2369 1485 2395 ,
1518 2336 1578 2383 ut
1619 2326 1749 2382 nihil
1784 2326 1944 2384 faciat
1979 2342 2008 2381 a
2050 2342 2111 2384 se
2137 2327 2238 2382 nisi

638 2418 832 2475 doctus
852 2433 881 2473 a
914 2432 1164 2480 manente
1195 2425 1247 2480 in
1286 2441 1346 2483 se
1371 2424 1532 2482 Patre
1558 2444 1571 2482 :
1612 2435 1668 2482 et
1699 2438 1911 2482 rursum
1957 2425 2159 2482 idcirco
2186 2422 2238 2476 in

641 2537 700 2579 se
737 2525 897 2582 Pater
925 2535 1141 2585 maneat
1166 2571 1181 2597 ,
1227 2529 1351 2600 quia
1382 2545 1504 2600 qua:
1530 2528 1581 2586 ei
1612 2538 1737 2587 sunt
1766 2530 1966 2597 placita
1990 2531 2150 2601 gerit.
2184 2521 2242 2582 Si

639 2618 784 2674 enim
817 2618 950 2675 nihil
981 2619 1050 2674 ab
1077 2634 1137 2675 se
1166 2619 1294 2676 facit
1334 2630 1557 2691 propter
1599 2632 1904 2678 manentem
1939 2622 1990 2677 in
2035 2638 2095 2679 se
2140 2622 2243 2677 Pa-

642 2717 779 2767 trem
807 2727 823 2778 ;
855 2713 1127 2784 quomodo
1156 2713 1284 2771 hinc
1311 2726 1369 2771 ut
1408 2715 1462 2770 in
1495 2730 1555 2772 se
1585 2715 1746 2772 Pater
1776 2725 1990 2773 maneat
2017 2717 2243 2772 meritus

641 2814 746 2869 est,
772 2804 914 2875 quod
947 2821 1008 2861 ea
1036 2823 1157 2877 quae
1184 2808 1232 2864 ei
1255 2808 1502 2879 placeant
1528 2810 1680 2879 agit?
1711 2809 1826 2865 Non
1851 2820 1933 2865 est
1953 2812 2095 2866 enim
2124 2824 2239 2866 me—

643 2899 804 2956 ritum
837 2900 1077 2968 aliquod,
1107 2918 1214 2959 non
1242 2902 1312 2959 ab
1338 2919 1397 2961 se
1428 2903 1509 2977 (2)
1536 2920 1726 2975 gerere
1756 2905 1834 2977 (α)
1863 2920 1982 2976 quas
2008 2914 2150 2977 agat.
2179 2906 2244 2961 Et

641 3003 851 3060 contra,
875 2995 1151 3064 quomodo
1180 2995 1323 3052 Patri
1356 3013 1477 3068 quae
1516 2998 1683 3053 Filius
1717 3007 1841 3070 agat
1870 2998 2059 3068 placita
2091 3010 2239 3063 sunt,

639 3103 761 3144 cum
788 3105 849 3146 ea
877 3090 991 3162 ipsa
1022 3097 1147 3161 agat
1173 3106 1396 3147 manens
1450 3090 1502 3146 in
1533 3091 1672 3146 Filio
1696 3091 1897 3147 Pater?
1928 3093 1982 3147 ln
2013 3102 2243 3165 angusto

637 3195 717 3247 es,
748 3182 1016 3251 impietas,
1042 3191 1117 3249 et,
1145 3191 1197 3238 te
1243 3182 1604 3238 munitissima
1659 3182 1781 3238 ﬁdei
1831 3192 2030 3240 nostra:
2070 3185 2243 3255 pietas

2342 1950 2523 2005 viderit
2552 1948 2764 2006 Patrem
2799 1954 3086 2026 quisquam,
3117 1957 3217 2011 nisi
3244 1959 3331 2027 qui
3369 1968 3445 2014 est
3484 1978 3514 2015 a
3547 1959 3662 2027 Deo,
3688 1963 3747 2016 hic
3765 1964 3842 2017 sidit

2346 2041 2574 2099 Patrem.
2601 2045 2778 2112 Amen,
2804 2064 2952 2103 amen
2978 2050 3093 2104 dico
3119 2050 3276 2118 vobis,
3300 2053 3389 2122 qui
3413 2054 3565 2109 credit
3587 2055 3633 2109 iu
3652 2057 3838 2123 malum

2342 2136 2501 2191 vitam
2528 2146 2773 2193 aeternam
2799 2138 2964 2211 (Ibid.
2991 2141 3063 2198 45
3086 2150 3132 2197 et
3174 2145 3365 2215 seqq.).
3395 2145 3465 2201 Et
3484 2163 3649 2218 quaero
3667 2149 3840 2219 primum,

2343 2229 2435 2283 ubi
2482 2229 2696 2285 auditus
2738 2232 2810 2287 sit
2850 2232 3031 2301 Pater,
3073 2235 3163 2288 ubi
3211 2235 3463 2293 docuerit
3491 2239 3746 2295 audientes.
3775 2238 3841 2295 Sed

2348 2320 2556 2376 Patrem
2590 2338 2749 2379 nemo
2772 2325 2924 2392 vidit,
2958 2326 3063 2381 nisi
3092 2327 3185 2399 qui
3222 2344 3250 2383 a
3280 2329 3394 2385 Deo
3420 2340 3520 2385 est.
3571 2332 3630 2387 Et
3652 2332 3839 2403 quomodo

2343 2431 2468 2472 cum
2499 2416 2780 2488 quisquam
2809 2419 3063 2487 audierit,
3110 2436 3270 2493 quem
3312 2438 3472 2479 nemo
3502 2424 3652 2480 vidit?
3684 2425 3842 2481 Audiens

2344 2525 2474 2582 ergo
2498 2526 2526 2564 a
2556 2511 2749 2579 Patre,
2777 2513 2844 2569 ad
2875 2513 3066 2569 Filium
3093 2517 3262 2571 venit.
3295 2518 3363 2573 Et
3388 2533 3506 2573 cum
3541 2518 3759 2591 Filius(l)
3780 2534 3841 2572 au-

2343 2603 2490 2659 ditur
2514 2611 2569 2658 ct
2596 2604 2777 2672 docet,
2821 2614 3025 2662 natura:
3052 2607 3103 2662 in
3150 2623 3219 2664 eo
3256 2618 3498 2679 paternae
3545 2607 3840 2683 proprietasic)

2344 2708 2400 2754 et
2451 2700 2647 2757 auditae
2673 2710 2727 2756 et
2745 2701 2987 2759 docentis
3011 2705 3357 2762 ostenditur:
3402 2717 3460 2763 ut
3481 2707 3596 2771 hoc,
3616 2706 3844 2780 quoddocet

2344 2792 2517 2849 Filius
2542 2803 2599 2850 et
2628 2794 2863 2865 auditur,
2897 2806 3135 2869 paterna!
3174 2800 3442 2857 doctrina:
3484 2801 3760 2869 intelligatur
3781 2813 3839 2851 att-

2346 2887 2498 2944 ditio.
2530 2888 2663 2944 Nam
2694 2905 2815 2946 cum
2863 2907 3023 2948 nemo
3054 2893 3251 2948 viderit
3278 2893 3498 2950 Patrem
3519 2936 3532 2959 ,
3563 2904 3612 2949 et
3642 2892 3695 2948 ad
3717 2891 3843 2948 Filium

2345 2985 2593 3050 veniens,
2618 3002 2645 3039 a
2669 2985 2829 3041 Patre
2850 2987 3032 3041 audiat
3055 2996 3215 3058 atque
3240 2986 3422 3043 discat
3442 2997 3499 3043 ut
3523 2988 3704 3044 veniat:
3721 2983 3843 3039 admo-

2346 3093 2540 3134 nemur
2561 3078 2866 3150 intelligere
2895 3081 3019 3152 quid
3048 3081 3120 3136 sit
3138 3091 3194 3137 et
3224 3083 3276 3137 in
3298 3082 3553 3155 loquente
3573 3081 3690 3137 Filio
3705 3080 3846 3135 Patrem

2345 3170 2564 3238 docere,
2599 3180 2653 3227 et
2688 3173 2740 3227 in
2770 3184 3062 3243 couSpecto
3102 3174 3240 3230 Filio
3269 3175 3514 3240 Patrem,
3544 3176 3624 3247 qui
3658 3191 3682 3227 a
3707 3173 3846 3226 uiciniae

638 3274 928 3331 concludit.
946 3275 1069 3348 Agit
1089 3275 1286 3348 aliquid
1305 3276 1496 3345 Filius,
1519 3288 1611 3333 aut
1627 3293 1731 3333 non
1754 3280 1897 3350 agit:
1921 3280 1964 3335 si
1988 3294 2094 3335 non
2116 3280 2240 3349 agit,

2354 3265 2428 3321 sit
2450 3264 2616 3330 visus,
2644 3266 2853 3334 audiri;
2894 3267 3015 3338 quia
3056 3279 3264 3323 naturae
3297 3278 3536 3339 paterna:
3567 3266 3845 3338 proprietatem

638 3368 912 3437 quomodo
939 3369 990 3423 in
1023 3368 1105 3425 his
1131 3386 1250 3441 quae
1280 3371 1389 3441 agit
1419 3371 1634 3440 placet?
1667 3372 1710 3426 si
1737 3380 1914 3427 autem
1945 3373 2074 3443 agit,
2103 3388 2240 3444 quo-

640 3459 804 3515 modo
829 3461 940 3531 agit
966 3460 1018 3515 in
1068 3460 1151 3516 bis
1180 3478 1300 3533 qua:
1340 3463 1409 3518 ab
1438 3479 1499 3520 se
1528 3479 1636 3519 non
1676 3465 1829 3534 agit?
1871 3481 1991 3521 cum
2033 3474 2089 3522 et
2115 3481 2242 3536 pro-

640 3552 816 3625 prium
845 3556 916 3610 sit
944 3555 1120 3625 egisse
1139 3571 1259 3626 qua:
1284 3556 1535 3627 placeant
1554 3600 1570 3624 ,
1596 3565 1652 3615 et
1675 3557 1793 3615 sine
1817 3558 2010 3615 merito
2034 3558 2106 3615 sit
2132 3574 2238 3615 non

639 3648 710 3704 ab
738 3664 797 3704 se
826 3648 1005 3719 egisse
1030 3666 1150 3719 qua:
1173 3651 1423 3721 gesserit.

711 3742 803 3799 48.
840 3740 1010 3797 Filius
1034 3742 1123 3815 qui
1145 3760 1236 3815 per
1254 3761 1327 3812 se,
1354 3745 1439 3814 qui
1461 3761 1562 3800 non
1593 3744 1656 3799 ub
1681 3762 1736 3801 se
1762 3754 1903 3817 agat.
1930 3776 1999 3787 —
2017 3745 2121 3804 Sed
2147 3762 2241 3801 na-

640 3844 798 3899 turae,
833 3832 912 3908 (5)
940 3834 1029 3906 qui
1057 3835 1389 3891 contradicis
1413 3879 1429 3902 ,
1458 3835 1575 3894 haec
1599 3837 1779 3894 unitas
1809 3847 1926 3899 est.
1956 3847 2016 3894 ut
2046 3839 2117 3895 ita
2147 3855 2244 3911 per

637 3943 698 3985 se
721 3938 865 3999 agat,
916 3944 985 3985 ne
1025 3944 1054 3982 a
1085 3944 1145 3985 se
1171 3938 1328 4001 agat;
1371 3939 1426 3986 et
1455 3930 1525 3987 ita
1556 3948 1659 3988 non
1686 3932 1756 3989 ab
1792 3947 1853 3990 se
1877 3944 2023 4004 agat,
2058 3943 2119 3989 ut
2149 3949 2243 4003 per

637 4039 698 4079 se
727 4035 868 4097 agat.
916 4024 1163 4097 Intellige
1188 4035 1437 4097 agentem
1471 4026 1662 4083 Filium
1685 4071 1701 4095 ,
1731 4038 1785 4085 et
1813 4044 1909 4099 per
1928 4044 2049 4085 eum
2079 4044 2245 4101 agen-

641 4126 749 4173 tem
778 4117 1014 4176 Patrem.
1042 4117 1158 4174 Non
1186 4118 1253 4174 ab
1275 4134 1332 4175 se
1360 4124 1489 4193 agit,
1523 4135 1644 4176 eum
1668 4121 1829 4180 Pater
1851 4121 1903 4178 in
1931 4138 1996 4179 eo
2024 4138 2243 4179 manere

639 4213 715 4286 (b)
764 4213 1152 4270 moustrandus
1194 4224 1298 4271 est.
1348 4214 1453 4272 Per
1488 4232 1548 4273 se
1586 4217 1713 4288 agit,
1770 4231 1893 4273 cum
1945 4216 2241 4273 secundum

637 4304 762 4361 Filii
804 4306 1138 4362 nativitatem
1179 4308 1289 4379 agit
1313 4308 1426 4378 ipse
1452 4325 1574 4381 quae
1599 4309 1795 4382 placita
1822 4319 1968 4366 sunt.
1999 4308 2241 4367 lnilrmis

637 4400 709 4457 sit
734 4415 840 4456 non
868 4416 898 4455 a
922 4415 982 4456 se
1010 4402 1242 4471 agendo,
1279 4403 1382 4459 nisi
1408 4403 1545 4461 adeo
1574 4405 1691 4477 ipse
1718 4404 1849 4476 agit,
1886 4413 1945 4461 ut
1982 4421 2104 4477 quas
2132 4404 2244 4476 agit

639 4494 908 4564 placeant.
930 4494 1048 4551 Non
1080 4496 1151 4552 sit
1190 4511 1319 4553 vero
1338 4497 1392 4552 in
1427 4498 1631 4555 unitate
1659 4509 1884 4565 naturae,
1912 4501 1957 4556 si
1991 4515 2098 4557 non
2119 4515 2242 4573 qute

641 4588 757 4659 ipse
785 4590 951 4663 296
970 4590 1100 4661 agit,
1129 4599 1183 4646 et
1216 4589 1269 4645 in
1302 4590 1494 4660 quibus
1520 4591 1716 4661 placet,
1746 4606 1853 4647 non
1889 4607 1985 4663 per
2012 4608 2074 4649 se
2108 4593 2237 4665 agit,

2348 3357 2605 3414 nativitas
2632 3358 2753 3414 Filii
2788 3359 2839 3414 in
2866 3374 2926 3415 se
2957 3358 3192 3431 perfecta
3223 3362 3526 3417 contineat.
3558 3360 3724 3417 Volens
3745 3356 3849 3426 igitur

2348 3450 2654 3523 unigenitus
2688 3451 2830 3507 Deus
2866 3453 3242 3509 auctoritatem
3273 3463 3554 3525 paternam
3581 3496 3594 3519 ,
3624 3453 3743 3509 salva
3760 3453 3795 3504 in
3814 3461 3849 3502 se

2347 3554 2552 3599 natura:
2583 3546 2804 3611 unitate,
2833 3547 3040 3615 testari,
3064 3558 3116 3603 et
3144 3547 3298 3603 datos
3319 3549 3428 3605 sibi
3446 3565 3477 3604 a
3496 3549 3641 3605 Patre
3659 3563 3741 3602 non
3756 3542 3850 3613 apel-

2348 3635 2442 3702 lit,
2472 3646 2526 3693 et
2557 3638 2888 3701 voluntatem
2925 3656 3030 3695 non
3060 3655 3212 3697 suam
3234 3683 3249 3708 ,
3281 3643 3382 3699 sed
3413 3644 3530 3713 ejus
3555 3643 3635 3715 qui
3657 3658 3705 3698 se
3732 3637 3849 3701 misit.

2348 3728 2535 3797 el‘ticit,
2570 3748 2674 3786 ttou
2702 3733 2844 3803 quod
2875 3747 2979 3788 non
3011 3722 3159 3801 velit,
3194 3751 3318 3806 qua:
3364 3740 3493 3809 agit,
3536 3745 3622 3792 aut
3654 3733 3761 3806 quod
3783 3746 3849 3785 non

2347 3822 2463 3895 ipse
2485 3824 2732 3882 audiatur
2758 3827 2848 3897 qui
2874 3826 3070 3884 docet:
3098 3829 3192 3885 sed
3217 3839 3276 3885 ut
3298 3838 3362 3886 et
3390 3847 3514 3887 eum
3545 3831 3626 3901 qui
3644 3844 3695 3885 se
3716 3827 3847 3886 mittil.

2348 3928 2402 3975 et
2426 3935 2486 3975 se
2509 3920 2601 3991 qui
2631 3923 2829 3977 missus
2857 3931 2961 3989 est,
2998 3922 3098 3979 sub
3129 3925 3465 3995 proprietate
3495 3937 3681 3982 natura:
3702 3918 3846 3979 indide-

2349 4012 2521 4067 reutis
2545 4012 2894 4069 ostenderet:
2947 4031 3067 4071 cum
3105 4032 3225 4088 qua:
3255 4020 3394 4087 vult,
3445 4020 3570 4091 agit,
3598 4025 3647 4074 et
3668 4015 3846 4086 loquitur.

2349 4120 2413 4160 ea
2435 4115 2488 4162 et
2511 4107 2840 4163 voluntatem
2880 4116 2936 4164 et
2979 4124 3139 4181 opera
3167 4119 3225 4166 et
3257 4111 3406 4168 dicta
3436 4112 3603 4169 Patris
3631 4103 3854 4174 essesitnl‘

2349 4201 2492 4259 ﬁcet.

2421 4298 2581 4370 297
2604 4295 2694 4352 50.
2717 4296 2920 4354 Christo
2944 4297 3104 4355 libera
3122 4301 3378 4357 voluntas.
3400 4300 3514 4357 Nec
3532 4316 3563 4356 α
3581 4296 3729 4354 Patris
3741 4291 3857 4347 uolut-

2351 4400 2453 4446 tate
2471 4390 2820 4446 dissidens.—-
2840 4390 2994 4462 Quod
3011 4400 3187 4449 autem
3210 4394 3282 4450 sit
3296 4393 3489 4452 libera:
3508 4388 3773 4452 voluntatis,
3788 4397 3857 4438 non

2349 4486 2598 4557 ambigue
2627 4485 2864 4542 ostendit
2902 4501 3025 4544 cum
3055 4487 3161 4543 ait:
3195 4486 3346 4544 Sicut
3387 4490 3524 4544 enim
3557 4487 3696 4544 Pater
3712 4479 3858 4536 suscita!

2348 4589 2577 4635 mortuos
2618 4592 2664 4635 et
2707 4582 2963 4652 uiuiﬁcat,
3002 4582 3076 4636 sic
3110 4590 3158 4636 et
3199 4579 3378 4637 Filius
3418 4599 3544 4656 quos
3570 4580 3667 4637 vult
3700 4573 3857 4644 νίυὶριαι

637 4681 734 4738 sed
779 4698 1004 4739 manens
1035 4684 1088 4739 in
1128 4698 1194 4741 eo
1229 4683 1297 4740 ad
1336 4683 1601 4755 agendum
1634 4684 1794 4741 Pater
1829 4685 2043 4742 edocet.
2076 4686 2153 4743 Ita
2183 4695 2239 4743 et

2346 4671 2522 4746 (Joan.
2549 4690 2600 4741 ν,
2625 4673 2740 4747 21).
2769 4673 2900 4731 Cum
2923 4675 3146 4748 aequalis
3173 4677 3224 4731 in
3252 4676 3418 4734 Patre
3443 4687 3497 4733 et
3527 4675 3653 4732 Filio
3673 4682 3719 4729 et
3740 4671 3855 4723 virtu-

637 4774 908 4832 manendo
950 4775 1112 4833 docet
1150 4776 1330 4845 Pater,
1372 4785 1426 4834 et
1470 4775 1638 4835 Filius
1666 4776 1878 4849 agendo
1920 4793 2028 4834 non
2068 4778 2137 4836 ab
2177 4794 2237 4835 se

635 4867 764 4937 agit,
791 4875 846 4922 et
872 4869 1064 4924 nonab
1089 4883 1150 4925 se
1174 4883 1337 4941 agens
1365 4868 1551 4937 Filius,
1579 4884 1701 4925 cum
1728 4886 1849 4942 quae
1890 4871 2082 4941 placita
2114 4880 2241 4927 sunt

635 4963 782 5028 facit,
800 4966 912 5035 ipse
940 4965 1069 5037 agit.
1098 4965 1176 5023 Ac
1191 4965 1269 5023 sic
1290 4967 1469 5023 unitas
1490 4976 1696 5023 natura!
1717 4966 1983 5025 retinetur
2004 4967 2056 5023 in
2076 4982 2241 5038 agen-

633 5055 738 5113 do:
764 5057 891 5114 dum
913 5066 967 5114 et
990 5058 1103 5129 ipse
1118 5074 1349 5130 operans
1371 5075 1477 5116 non
1506 5068 1763 5149 operatur,
1774 5061 1840 5118 ab
1858 5077 1936 5129 se,
1963 5070 2015 5118 et
2042 5061 2157 5134 ipse
2172 5061 2242 5117 ab

631 5165 694 5208 se
719 5167 825 5208 non
854 5162 1107 5222 operatus
1136 5163 1412 5226 operatur.

703 5267 785 5409 ξι)
821 5267 943 5326 Νοη
966 5270 1229 5346 relinquit,
1254 5282 1342 5343 atq
1364 5285 1415 5327 ’ρ
1447 5274 1518 5331 ita
1545 5271 1684 5330 infra
1711 5273 1816 5330 bis.

728 5341 761 5395 ἢ
790 5339 1030 5398 -Facere.

705 5339 1258 5486 gigtficziitradicis.
1288 5415 1418 5486 Mox,
1461 5434 1522 5473 ne
1551 5417 1609 5473 ab
1629 5433 1683 5472 se
1703 5426 1843 5489 agat.
1865 5415 2015 5485 Quod
2044 5415 2244 5487 repeti-

709 5533 786 5609 (a)
826 5535 954 5591 Bad.
980 5551 1103 5611 cum
1128 5536 1335 5611 aliquot
1346 5552 1511 5611 mss,
1537 5554 1750 5610 qumque
1778 5545 1916 5611 agat.
1954 5538 2237 5593 Editiones

636 5606 779 5671 aliae,
811 5623 929 5678 quae
969 5610 1083 5680 quis
1120 5606 1261 5679 agat.
1304 5606 1581 5667 Sincerin's
1624 5606 1756 5664 mss.
1806 5606 2076 5678 potiores,
2122 5624 2238 5679 qua:

636 5688 780 5754 agat,
804 5681 1073 5754 quomodo
1104 5680 1349 5748 inferius,
1379 5698 1482 5737 non
1503 5681 1567 5737 ai-
1586 5698 1640 5738 se
1667 5681 1829 5753 egisse
1853 5696 1968 5753 qua:
1984 5681 2238 5754 gesserit;

638 5748 781 5822 quod
810 5748 874 5822 ad
912 5748 1102 5805 Filium
1136 5754 1388 5808 refertur.

704 5819 786 5899 (b)
816 5819 891 5899 ita
918 5824 1245 5899 Ivetustioges
1274 5824 1414 5899 libri.
1451 5826 1726 5899 Aliigvero,
1758 5834 2088 5899 monstratur,

712 5886 793 5963 ἶιί)
816 5892 871 5946 lu
902 5887 1007 5948 uno
1034 5907 1133 5948 ms.
1166 5886 1365 5955 Vatia.
1395 5908 1441 5952 ct
1471 5886 1726 5952 audieritis
1742 5913 1760 5955 :
1801 5894 1962 5955 male.
1993 5896 2239 5954 Dt‘l‘cndit

2347 4766 2417 4823 tis
2443 4776 2679 4838 potestas
2705 4778 2760 4823 et
2792 4769 3013 4825 honoris
3047 4769 3281 4840 dignitas
3324 4768 3716 4833 manifestatur,
3741 4762 3792 4818 ibi
3821 4764 3856 4813 et

2347 4858 2570 4917 libertas
2595 4860 2886 4919 voluntatis
2911 4863 3250 4919 ostenditur:
3282 4878 3409 4920 cum
3439 4873 3607 4920 autem
3643 4859 3714 4935 td)
3741 4854 3859 4910 unius

2348 4952 2756 5010 demonstratur
2773 4997 2788 5024 ,
2822 4956 2893 5014 ibi
2923 4967 3164 5027 paterna:
3189 4956 3484 5014 voluntatis
3509 4953 3790 5027 signiﬁcatur
3810 4942 3861 5000 al‘

2348 5049 2530 5107 fectio.
2562 5051 2692 5120 Quae
2718 5052 2861 5108 enim
2885 5053 2998 5109 vult
3036 5052 3228 5121 Pater,
3270 5068 3332 5108 ea
3365 5050 3535 5108 Filius
3562 5048 3693 5107 facit.
3722 5045 3861 5102 Facere

2349 5155 2528 5202 autem
2562 5145 2685 5216 plus
2716 5155 2799 5202 est
2820 5188 2835 5214 ,
2871 5161 3030 5216 quam
3072 5146 3335 5202 voluntati
3369 5145 3627 5202 obedire:
3652 5140 3753 5214 quia
3777 5134 3863 5189 obl.“

2342 5279 2427 5325 tur
2455 5267 2616 5341 intra,
2646 5266 2709 5320 ab
2740 5283 2794 5322 se
2821 5267 3038 5341 agendo.
3071 5266 3167 5341 Ubi
3199 5267 3360 5321 etiam
3389 5268 3637 5341 inﬁrmus,
3660 5275 3746 5315 non
3765 5252 3863 5341 illi"

2342 5343 2459 5397 mis.
2491 5339 2657 5395 Paulo
2684 5348 2823 5408 post,
2854 5337 3151 5394 mandando
3183 5354 3280 5409 pro
3309 5339 3589 5396 manendo:
3616 5337 3830 5401 corrupte.

2418 5412 2497 5487 (4)
2524 5410 2594 5465 Et
2623 5410 2870 5465 audiatur
2897 5422 2943 5466 et
2966 5411 3165 5467 doceat.

2346 5536 2581 5593 Hilarius
2628 5534 2845 5590 Patrem
2896 5545 3186 5602 numquam
3218 5528 3403 5602 audiri
3450 5526 3532 5584 vel
3569 5526 3865 5602 docere,_'n!5}

2345 5619 2611 5681 quatenus
2637 5605 2877 5681 loquitur
2912 5618 2977 5659 ac
2996 5596 3161 5681 docet
3189 5601 3511 5681 P_ilitis_(qtti
3539 5607 3591 5681 ut
3616 5596 3866 5681 Agugufljg‘f

2345 5656 2876 5737 ἓὸπῖἰὲᾶἒρὶῶῙ⁷Ᾱῐ
2908 5656 2971 5731 ἐξ
2991 5656 3098 5740 ἐξ(
3115 5656 3320 5737 seiibn,
3354 5656 3531 5727 Ρὶιὲνεε
3555 5656 3756 5723 doctrina
3774 5656 3865 5723 est).

2346 5752 2430 5809 Ex
2460 5767 2567 5822 quo
2596 5766 2706 5806 non
2735 5749 2877 5805 male
2904 5748 3071 5824 sumit
3101 5747 3151 5801 in
3180 5744 3316 5824 Filino
3338 5758 3461 5824 esse
3483 5753 3674 5824 augura:
3691 5742 3867 5824 paterae

2347 5812 2751 5898 proprietatem,
2762 5836 2861 5898 §_eu
2875 5818 3120 5898 eamdem
3134 5832 3256 5898 esse
3269 5816 3444 5898 Patris
3468 5826 3521 5898 et
3536 5812 3867 5898 iliinagttt‘t’nhlfl;

2421 5885 2572 5965 (Eliln
2600 5885 2886 5954 tusstat.
2922 5892 3035 5945 has.
3061 5885 3115 5946 et
3144 5888 3350 5944 Martin.
3380 5885 3683 5942 auctoritatis
3707 5885 3862 5934 unitas:
