3988 6332
101 298 183 358 521

1255 291 1343 353 DE
1385 290 1758 352 TRINITATE
1797 292 2002 352 L‘lBER
2033 291 2128 352 IX.

3266 290 3376 351 3‘22

100 417 198 472 dire
220 411 511 478 voluntati,
536 409 697 469 habet
730 410 1018 469 exterioris
1060 411 1467 479 necessitatem;
1501 410 1576 485 (a)
1600 412 1677 468 fa-
1704 413 1758 476 Α
1784 413 1911 469 tiam
1934 418 2397 470 sacramentorum
2423 420 2506 469 est
2530 430 2542 467 :
2573 420 2626 470 et
2649 409 2947 469 doctrinam
2970 409 3249 483 Evangelii
3271 427 3380 469 non

103 522 206 564 cere
232 506 593 572 voluntatem,
626 504 904 577 proprium
933 515 1012 560 est
1057 502 1280 571 unitati,
1314 519 1437 560 cum
1475 505 1672 560 factum

98 604 157 659 sit
177 599 481 656 voluntatis.
518 599 721 655 Etcum
753 597 924 654 Filius
946 598 1278 654 voluntatem
1308 597 1481 653 Patris
1509 598 1673 666 lacit,

100 697 235 753 docet
262 709 359 764 per
390 701 598 748 natura:
626 690 1046 749 indiﬂ‘erentiam
1070 733 1085 758 ,
1112 690 1411 748 naturalem
1442 690 1545 747 sibi
1580 705 1679 747 vo—

98 793 331 848 luntatem
349 804 471 845 esse
492 804 612 844 cum
642 787 801 844 Patre
826 806 839 843 :
870 802 991 844 cum
1015 787 1260 843 voluntas
1282 786 1399 858 ejus
1421 786 1489 842 sit
1514 800 1676 843 omne

98 883 220 957 quod
246 882 426 938 faciat.
456 880 582 938 Vult
605 882 763 952 plane
790 880 959 936 Filius
983 881 1163 936 omnia
1192 896 1311 950 qua:
1340 881 1495 935 Pater
1523 879 1640 934 vult
1658 920 1674 947 ,

95 995 181 1037 nec
215 976 474 1034 naturalis
499 976 751 1033 dissentit
791 976 1059 1031 voluntas.
1102 974 1344 1045 Namque
1382 990 1503 1031 cum
1556 973 1676 1030 haec

98 1071 325 1128 voluntas
365 1068 539 1125 Patris
578 1068 682 1136 sit,
722 1083 882 1138 quam
916 1067 1152 1123 ostendit
1179 1066 1396 1123 dicens:
1431 1065 1557 1121 "rec
1602 1073 1677 1121 est

98 1165 214 1222 enim
239 1163 473 1218 voluntas
502 1161 665 1234 patris
691 1162 823 1228 mei,
856 1170 913 1215 ut
953 1159 1118 1216 omnis
1146 1159 1234 1231 qui
1259 1158 1392 1214 videt
1434 1156 1481 1211 F
1483 1158 1633 1214 ilium
1658 1199 1674 1226 ,

99 1270 139 1315 et
163 1259 310 1314 credit
351 1257 405 1311 in
433 1272 590 1323 eum,
621 1253 803 1309 habeat
831 1254 988 1310 uitam
1035 1262 1312 1322 mternam,
1345 1262 1391 1307 et
1436 1253 1678 1309 suscitant

99 1372 196 1411 eum
221 1354 274 1408 in
295 1352 574 1407 novissima
597 1349 681 1405 die
701 1347 882 1421 (Joan.
908 1365 962 1404 vt
982 1389 997 1416 ,
1027 1347 1150 1419 59):
1181 1347 1303 1403 audi
1334 1362 1474 1403 nunc
1495 1363 1562 1402 an
1590 1345 1681 1402 Fi-

100 1449 146 1504 lii
167 1463 193 1503 a
218 1446 380 1503 Patre
406 1443 734 1501 dissentiens
760 1444 833 1499 sit
859 1442 1133 1507 voluntas,
1178 1455 1301 1497 cum
1343 1441 1446 1495 ait:
1483 1439 1675 1508 Pater,

98 1557 209 1614 quos
227 1540 355 1595 mihi
387 1538 604 1607 dedisti,
637 1537 753 1593 volo
779 1546 834 1592 ut
865 1537 950 1591 ubi
972 1552 1063 1609 ego
1088 1552 1233 1604 sum,
1267 1545 1312 1590 et
1342 1536 1418 1590 illi
1447 1535 1548 1590 sint
1573 1550 1679 1590 me-

99 1650 199 1688 cum
219 1630 398 1703 (Joan.
419 1646 526 1686 xvn
544 1630 691 1700 ,26).
706 1628 820 1686 Non
835 1643 963 1699 ergo
985 1626 1274 1699 ambigitur
1297 1626 1489 1682 Filium
1514 1627 1674 1683 velle.

98 1725 215 1781 Nam
242 1739 363 1781 cum
402 1725 563 1779 Pater
590 1724 721 1779 velit
747 1722 1032 1779 credentes
1068 1720 1121 1777 in
1160 1720 1299 1777 Filio
1328 1722 1492 1777 vitam
1521 1731 1679 1777 arter-

1778 506 2006 578 adeptus
2027 550 2041 574 ,
2076 508 2158 577 (l)
2189 506 2259 562 ah
2288 522 2383 578 spe
2414 506 2687 579 Evangelii
2720 506 3113 579 peregrinatur.
3142 505 3382 564 Credon-

1781 605 1882 661 dus
1904 614 1988 661 est
2010 604 2166 661 Pater
2194 603 2248 660 in
2279 603 2415 660 Filio
2435 647 2450 671 ,
2482 613 2535 660 et
2563 602 2732 660 Filius
2759 603 2814 659 in
2832 602 3019 670 Patre,
3048 617 3145 674 per
3177 613 3384 658 natura:

1778 698 2085 765 unitatem,
2145 713 2241 768 per
2306 694 2520 753 virtutis
2580 705 2940 768 potestatem,
2997 710 3097 768 per
3159 692 3385 750 honoris

1778 792 2142 864 aequalitatem
2167 835 2183 861 ,
2211 806 2308 863 per
2339 790 2635 847 nativitatis
2659 790 3084 861 generationem.
3114 786 3223 845 Sed
3252 802 3385 843 cou-

1781 886 1944 942 traria
1964 886 2105 943 forte
2127 885 2251 942 huic
2273 894 2473 941 nostrae
2499 882 2819 956 professioni
2846 891 2929 938 est
2950 881 3162 939 Domini
3183 879 3260 954 (ὸ)
3281 889 3382 936 tes-

1779 980 1910 1036 tatio
1931 1021 1946 1045 ,
1979 996 2101 1037 cum
2152 979 2258 1035 ait:
2286 978 2448 1034 Pater
2474 981 2645 1053 major
2673 994 2754 1033 me
2796 987 2868 1033 est
2908 975 3090 1045 (Joan.
3124 991 3239 1044 xlv,
3263 974 3382 1047 28).

1779 1075 1995 1145 Hocue,
2027 1077 2277 1132 haeretica
2306 1118 2321 1140 ,
2350 1074 2640 1144 impietatis
2685 1080 2793 1129 tua:
2818 1072 2981 1130 telum
3004 1072 3120 1129 est?
3148 1071 3263 1127 inec
3303 1072 3388 1129 fu-

1780 1168 1920 1226 roris
1940 1171 2016 1226 tui
2039 1185 2187 1225 arma
2210 1168 2371 1224 sunt?
2398 1166 2680 1224 Exciditne
2704 1165 2798 1222 tibi
2824 1164 3124 1221 Ecclesiam
3146 1162 3281 1219 duos
3306 1162 3389 1219 in-

1783 1262 2068 1319 nascibiles
2087 1261 2318 1330 nescire,
2336 1261 2536 1318 etduos
2554 1269 2732 1332 patres
2754 1276 2858 1314 non
2879 1256 3160 1315 confiteri?
3178 1256 3389 1314 Oblitus

1782 1368 1843 1410 es
1879 1353 2186 1410 Mediatoris
2214 1352 2707 1424 dispensationem,
2738 1360 2794 1409 et
2827 1351 2879 1408 in
2909 1367 2976 1409 ea
3016 1360 3223 1425 partum
3251 1392 3265 1416 ,
3295 1366 3391 1405 cu-

1783 1464 1884 1504 nas
1903 1491 1917 1516 ,
1948 1457 2162 1505 aetatem
2183 1490 2198 1516 ,
2232 1449 2569 1520 passionem,
2599 1464 2820 1505 crucem
2842 1489 2857 1513 ,
2903 1448 3177 1503 mortem?
3209 1445 3278 1502 Et
3306 1461 3395 1503 re-

1783 1555 2013 1598 nascens
2030 1558 2136 1598 non
2150 1541 2432 1599 ceiil'essus
2454 1558 2513 1599 es
2535 1544 2615 1613 (in
2636 1541 2920 1614 Symbolo)
2943 1557 3010 1597 ex
3030 1540 3195 1597 Maria
3219 1538 3387 1596 lilium

1784 1633 1880 1692 Dei
1910 1634 2132 1690 natum?
2159 1635 2214 1692 Si
2242 1636 2294 1692 in
2327 1635 2411 1692 his
2438 1635 2689 1693 omnibus
2715 1635 2883 1692 Filius
2900 1650 3128 1691 manens
3149 1634 3254 1690 ait:
3282 1633 3395 1690 Pa-

1784 1738 1860 1784 ter
1889 1730 2056 1800 major
2085 1745 2165 1785 me
2192 1739 2301 1797 est;
2330 1730 2683 1802 ignorandum
2711 1729 2988 1786 existimas
3016 1728 3152 1785 hanc
3177 1728 3394 1801 dispen-

98 1834 207 1874 natn
249 1816 484 1885 habere,
520 1814 684 1871 Filius
712 1815 828 1870 vult
872 1814 982 1870 illic
1025 1813 1119 1869 ubi
1159 1816 1274 1885 ipse
1303 1814 1373 1868 Sil
1401 1829 1522 1870 esse
1561 1828 1681 1870 CI‘C-
1710 1817 1756 1880 Β
1797 1823 2061 1901 sationem
2095 1823 2284 1879 salutis
2309 1834 2415 1879 tua:
2462 1822 2886 1880 exinanitionem
2914 1823 3098 1877 formae
3116 1821 3212 1878 Dei
3235 1819 3393 1878 esse?

97 1911 289 1968 dentes.
332 1909 444 1965 Nisi
487 1909 626 1966 forte
663 1908 977 1965 cohabitare
1011 1906 1230 1963 Christo
1275 1923 1383 1963 non
1421 1909 1494 1963 sit
1518 1916 1680 1966 {CMF

98 2006 227 2060 nitas
253 2004 382 2078 (vita
409 2000 678 2073 :eterna):
711 2011 802 2057 aut
829 2018 935 2057 non
981 1999 1218 2074 perfecta
1246 2010 1302 2057 et
1342 2001 1494 2057 beata
1524 2000 1578 2056 in
1620 2016 1680 2058 se

95 2098 427 2154 credentibus
450 2096 647 2153 tribuat
672 2092 952 2163 Christus,
986 2096 1100 2149 haec
1135 2092 1357 2149 dicens:
1390 2091 1558 2148 Nemo
1585 2110 1679 2148 no-

94 2190 164 2243 vit
194 2187 240 2242 F
243 2189 383 2244 ilium
403 2229 416 2255 ,
444 2190 539 2244 nisi
574 2186 738 2243 Pater
757 2230 772 2254 ,
802 2203 961 2260 neque
986 2184 1197 2242 Patrem
1230 2187 1341 2256 quis
1374 2187 1547 2253 novit,
1580 2186 1680 2243 nisi

97 2282 293 2350 Filius,
326 2294 371 2340 et
399 2286 478 2340 cui
504 2285 717 2340 voluerit
742 2281 916 2339 Filius
948 2283 1171 2338 reuelare
1194 2281 1412 2355 (Matth.
1444 2299 1496 2339 χι
1518 2325 1532 2352 ,
1560 2282 1676 2353 9.5).

93 2380 242 2436 Anne
271 2396 377 2436 non
406 2381 459 2435 in
488 2379 742 2436 libertate
767 2390 849 2435 est
878 2378 1170 2434 voluntatis
1191 2376 1381 2433 volens
1409 2377 1562 2434 nobis
1592 2392 1682 2435 se-

102 2474 224 2530 creti
267 2473 414 2530 illius
456 2474 660 2542 paterni
709 2471 943 2529 tribuere
972 2471 1401 2529 conscientiam?
1441 2473 1504 2527 Et
1543 2471 1680 2529 adeo

93 2566 325 2622 voluntas
353 2567 402 2621 ei
433 2564 607 2623 libera
628 2576 710 2622 est
735 2607 749 2632 ,
784 2575 844 2622 ut
870 2564 1233 2637 cognitionem
1275 2564 1360 2620 sui
1388 2573 1551 2637 atque
1579 2566 1682 2621 Pa-

92 2661 177 2715 tris
197 2661 391 2732 quibus
414 2662 650 2719 voiuerit
680 2660 989 2732 impertiat?
1009 2661 1184 2733 Atque
1205 2660 1276 2716 ita
1299 2660 1438 2716 inter
1461 2660 1674 2717 Patrem

92 2764 139 2810 et
158 2755 350 2812 Filium
373 2766 429 2813 ct
460 2755 755 2811 nativitatis
779 2764 831 2811 ct
860 2755 1026 2828 298
1052 2753 1274 2809 unitatis
1312 2754 1679 2811 demonstrata

92 2856 258 2904 natura
285 2856 374 2905 est
399 2866 412 2902 :
443 2863 567 2903 cum
594 2848 676 2904 sic
705 2847 842 2903 liber
877 2850 928 2902 in
958 2846 1234 2902 voluntate
1273 2846 1345 2901 sit
1384 2844 1555 2901 Filius
1576 2887 1589 2913 ,
1622 2853 1682 2903 ut

92 2945 216 3017 quod
241 2945 436 3001 volens
460 2944 606 3016 agit,
640 2942 837 2999 factum
873 2952 1108 3012 paterna:
1138 2942 1208 2997 sit
1235 2941 1547 2996 voluntatis.

153 3037 235 3093 5L
276 3037 416 3111 Spes
445 3036 555 3090 sine
584 3034 686 3106 [ide
709 3034 874 3089 nulla.
902 3036 1004 3102 Qui
1033 3034 1189 3088 Pater
1207 3042 1253 3089 et
1276 3031 1325 3087 F
1330 3034 1452 3088 ilius
1473 3034 1527 3087 in
1549 3049 1678 3090 sese.

94 3129 232 3186 Pater
256 3141 312 3185 ut
343 3140 559 3196 auctor,
591 3131 760 3201 major
794 3125 970 3194 Filio,
998 3127 1088 3199 qui
1122 3136 1169 3182 et
1205 3128 1371 3182 minor
1408 3136 1463 3182 ut
1501 3127 1673 3184 homo.

1782 1922 1839 1970 et
1872 1915 2082 1971 Patrem
2106 1924 2255 1972 extra
2285 1916 2423 1972 hanc
2448 1915 2800 1972 humanarum
2818 1913 3127 1987 passionum
3145 1929 3395 1986 assump-

1795 2007 2036 2075 tionem,
2089 2007 2144 2064 in
2188 2008 2280 2065 illa
2334 2008 2773 2066 incontaminattn
2822 2017 3026 2066 natura:
3077 2024 3189 2065 sua:
3236 2010 3391 2065 beata

1782 2100 2084 2156 aeternitate
2110 2101 2229 2157 sine
2257 2102 2434 2157 carnis
2488 2112 2691 2159 nostra:
2721 2103 3065 2172 susceptione
3094 2101 3393 2159 mansisse?

1781 2192 1889 2249 Nos
1916 2195 2056 2250 enim
2092 2195 2425 2267 unigenitum
2452 2197 2621 2254 Deum
2654 2197 2708 2254 in
2738 2196 2906 2254 forma
2938 2197 3035 2254 Dei
3076 2207 3388 2255 manentem

1783 2287 1857 2359 (ε)
1897 2288 1948 2343 ἰη
1978 2298 2166 2344 natura
2193 2289 2288 2345 Dei
2333 2291 2598 2348 mansisse
2624 2292 2966 2360 profitemur,
3010 2307 3184 2363 neque
3220 2292 3397 2348 unita-

1783 2387 1892 2436 tem
1931 2381 2117 2438 formae
2141 2383 2354 2438 servilis
2382 2383 2434 2438 in
2466 2393 2709 2440 naturam
2740 2384 2937 2442 divinae
2960 2386 3186 2441 unitatis
3208 2384 3390 2442 statim

1783 2471 2123 2529 refundimus
2163 2492 2175 2528 :
2233 2489 2406 2547 neque
2443 2490 2655 2531 rursum
2704 2476 2973 2546 corporali
3024 2477 3391 2535 insinuatione

1782 2564 1995 2623 Patrem
2025 2567 2077 2622 in
2110 2565 2245 2623 Filio
2268 2566 2654 2639 praedicamus,
2688 2567 2782 2625 sed
2809 2584 2876 2626 ex
2918 2585 2984 2625 eo
3009 2569 3252 2641 ejusdem
3298 2585 3395 2643 ge-

1784 2662 1929 2716 neris
1953 2661 2030 2734 (ἒ)
2052 2661 2286 2732 genitam
2333 2661 2416 2734 (τί)
2462 2672 2707 2717 naturam
2756 2663 3077 2720 naturaliter
3122 2664 3175 2720 in
3215 2679 3275 2721 se
3312 2664 3397 2737 gi-

1788 2761 2041 2823 gnentcm
2073 2768 2133 2808 se
2159 2752 2415 2810 habuisse
2442 2765 2689 2810 naturam
2713 2772 2727 2808 :
2750 2772 2870 2826 qua:
2902 2756 2955 2812 in
2986 2755 3155 2812 forma
3183 2765 3392 2815 natura:

1783 2859 1843 2900 se
1877 2845 2147 2916 gignentis
2174 2861 2432 2915 manens,
2465 2846 2691 2903 formam
2731 2857 2941 2904 natura:
2980 2860 3142 2921 atque
3168 2849 3395 2905 infirmi-

1785 2940 1912 2995 tatis
1947 2939 2245 3011 corporalis
2279 2940 2571 3012 acceperit.
2606 2939 2737 2996 Erat
2765 2940 2905 2997 enim
2932 2940 3002 3016 (ε)
3030 2953 3237 2998 natura:
3268 2957 3395 3014 pro-

1784 3033 2022 3104 prietas:
2065 3033 2163 3090 sed
2201 3033 2272 3108 (f)
2318 3033 2615 3091 Dei.forma
2654 3033 2764 3106 jam
2811 3048 2917 3091 non
2958 3043 3106 3106 erat,
3140 3036 3262 3108 quia
3295 3052 3394 3108 per

1785 3126 1902 3195 ejus
1931 3126 2348 3181 cxinanitioncm
2379 3127 2523 3183 servi
2552 3136 2668 3183 erat
2693 3126 2862 3182 forma
2903 3138 3171 3199 suscepta.
3205 3127 3393 3199 Neque

93 3222 151 3277 In
172 3223 375 3280 Christo
403 3223 591 3277 mansit
616 3231 802 3277 natura
841 3219 939 3276 Dei
968 3225 1136 3293 [arma
1177 3223 1459 3277 exinanita.
1481 3252 1553 3262 --
1573 3221 1681 3278 Ne-
1710 3226 1756 3292 α
1788 3219 1952 3292 299
1976 3219 2120 3274 enim
2148 3216 2418 3275 defecerat
2444 3228 2631 3275 natura
2649 3262 2665 3288 ,
2689 3234 2756 3276 ne
2783 3230 2968 3277 esset:
3002 3218 3097 3276 sed
3126 3221 3179 3276 in
3202 3235 3261 3278 se
3292 3219 3393 3277 hu-

91 3318 251 3374 sciens
291 3318 459 3390 plane
498 3314 957 3388 dispensationem
987 3314 1140 3383 lidei,
1175 3324 1326 3372 extra
1374 3314 1676 3388 intelligen-

152 3433 227 3507 (ι)
265 3434 311 3489 Α
339 3451 456 3507 spe.

91 3572 363 3628 perperam
409 3554 690 3628 adjectum
711 3564 796 3611 est
823 3556 1142 3628 auctoritatis
1188 3555 1543 3623 vocabulum,
1578 3572 1684 3627 quo

94 3626 220 3697 apud
250 3631 519 3685 llilarinm
551 3626 729 3699 Patris
754 3638 809 3684 et
839 3627 962 3683 Filii
992 3627 1269 3684 distinctio
1291 3628 1574 3699 significari
1598 3626 1685 3683 So-

90 3701 156 3756 let
174 3745 188 3770 ,
216 3717 329 3758 non
358 3702 560 3755 unitas.
585 3698 738 3754 llaud
769 3700 1085 3769 tliSpliceret
1110 3698 1427 3770 simpliciter
1448 3717 1563 3755 cum
1591 3718 1688 3756 au-

91 3782 177 3828 tem
214 3774 534 3836 auctoritas,
560 3770 646 3826 vel
691 3788 807 3825 cum
848 3783 1020 3826 autem
1069 3774 1327 3828 nativitas.
1370 3773 1477 3828 Sed
1524 3772 1684 3829 lectio

92 3861 273 3917 magno
290 3845 546 3901 codicum
568 3850 829 3917 ett-terum
839 3860 886 3917 nt
908 3858 1177 3917 consensu
1202 3853 1413 3912 recepta
1437 3858 1503 3901 co
1522 3859 1686 3900 sensu

92 3914 362 3974 retinenda
397 3924 513 3976 est,
547 3924 606 3969 ut
626 3914 752 3969 dum
784 3915 957 3970 unitas
982 3916 1138 3970 simul
1169 3932 1291 3971 cum
1324 3925 1561 3986 paternae
1589 3932 1682 3971 vo-

92 3988 301 4045 luntatis
330 3987 624 4043 affectione
652 3986 984 4058 significatur
1003 4028 1017 4053 ,
1048 3997 1103 4042 et
1127 3988 1270 4043 Patri
1295 3987 1470 4043 debita
1494 4004 1679 4045 serve-

92 4069 169 4116 tur
195 4060 539 4121 reverentia,
569 4067 623 4115 et
660 4073 1012 4128 personarum
1053 4059 1400 4129 singularitas
1430 4060 1684 4115 excluda-

92 4141 206 4187 tur:
238 4134 347 4190 hoc
386 4132 589 4203 quippe
617 4131 917 4187 membrum
943 4130 1252 4199 superiores
1290 4129 1682 4202 Scriptor-.010-

90 4219 176 4261 cos
205 4208 394 4273 potius
413 4213 658 4273 spectat,
681 4217 839 4271 quam
869 4205 1194 4272 proximum.
1385 4207 1388 4210 ’

157 4274 230 4349 (α)
270 4276 493 4349 Clarius
533 4275 637 4349 hoc
680 4274 906 4349 habetur
931 4276 1220 4349 postremis
1265 4274 1423 4345 hujus
1468 4276 1678 4332 numeri

92 4345 297 4415 verbis,
331 4348 442 4404 nisi
464 4346 585 4417 quis
606 4346 759 4401 malit
791 4347 863 4401 ita
889 4346 1111 4418 intelligi
1141 4364 1153 4400 :
1184 4345 1361 4403 facere
1388 4356 1565 4402 autem
1596 4363 1690 4403 vo-

91 4420 348 4477 luntatem
394 4419 617 4474 alterius
647 4420 923 4489 proprium
952 4429 1037 4474 est
1075 4418 1300 4487 unitati,
1333 4418 1548 4490 quando
1574 4418 1685 4476 fac-

92 4503 194 4546 tum
220 4505 310 4550 est
340 4491 511 4548 etiam
541 4489 775 4561 propriae
807 4490 1096 4546 voluntatis
1124 4490 1267 4546 illius
1294 4489 1386 4562 qui
1408 4490 1553 4547 facit.

179 4565 234 4639 ὁ)
272 4562 434 4639 Lips.
456 4570 518 4639 et
538 4562 661 4639 Par.
694 4562 1010 4639 contestatio.

154 4566 234 4705 {tu
272 4566 432 4636 Lips.
456 4570 511 4617 et
539 4566 661 4617 Par.
694 4566 1010 4617 contestatio.

159 4642 229 4764 ex
273 4633 437 4707 Apud
466 4633 613 4718 .Bad.
643 4644 692 4717 et
725 4633 819 4717 Er.
839 4677 854 4698 .
877 4635 932 4689 in
961 4643 1145 4689 natura
1170 4634 1391 4719 hominis
1410 4635 1692 4718 mansisse:

160 4726 171 4761 l
228 4717 574 4764 eoravattom
601 4704 817 4764 Ltnsms
843 4707 1065 4762 alteram
1088 4706 1314 4763 subinde
1338 4707 1533 4764 adiecit
1552 4750 1567 4764 .
1594 4724 1692 4764 oro

228 4725 261 4764 e

90 4704 173 4764 cui
193 4704 574 4777 depfavationi
601 4704 817 4773 Lipsius
843 4707 1065 4762 alteram
1088 4706 1314 4763 subinde
1338 4707 1533 4778 adjecit
1552 4750 1567 4773 ,
1594 4724 1692 4777 pro

1782 3314 2065 3372 utilitatem
2094 3311 2170 3387 (g)
2202 3324 2430 3371 terrente
2457 3314 2753 3371 nativitatis
2779 3329 3005 3372 manens
3033 3315 3136 3373 sibi
3168 3314 3264 3374 Dei
3294 3331 3393 3374 na-

1870 3432 1948 3507 (Ξ)
1991 3432 2225 3490 Genitam
2251 3434 2304 3488 in
2330 3450 2384 3488 se
2411 3442 2669 3488 naturam.

1789 3555 1924 3632 enim
1946 3557 1999 3609 in
2028 3563 2172 3632 utero
2199 3562 2387 3610 sancta:
2412 3554 2556 3632 illius
2584 3554 2765 3632 matris
2787 3566 2834 3632 et
2860 3555 3074 3632 virginis
3090 3556 3207 3632 _illa
3234 3558 3393 3632 spiri-

1790 3573 1924 3611 enim
1946 3573 1999 3609 m
2028 3573 2172 3609 utero
2199 3573 2387 3610 sancite
2412 3573 2556 3613 tuuis
2584 3573 2765 3610 malm
2787 3573 2834 3610 et
2860 3573 3074 3680 vivims
3112 3573 3207 3613 ma
3234 3575 3391 3632 spiri-

1790 3628 1906 3682 talis
1930 3636 1977 3683 et
2003 3643 2065 3682 ea:
2096 3626 2201 3681 Deo
2223 3637 2372 3698 patre
2399 3628 2509 3682 sine
2533 3627 2678 3682 initio
2707 3631 2877 3699 genita
2953 3630 3058 3683 erbi
3081 3627 3180 3684 Dei
3207 3641 3391 3688 natura

1789 3708 1987 3770 poterat
2015 3698 2202 3770 absque
2228 3716 2381 3754 carne
2404 3698 2752 3766 temporaliter
2777 3700 3000 3769 concipi.

1862 3770 1932 3855 (ε)
1973 3771 2111 3855 Editi
2146 3770 2232 3854 hic
2258 3773 2542 3842 pratligunt
2574 3771 2830 3855 humanm.
2865 3771 3222 3855 Tolerabilius
3249 3788 3390 3855 prm-

1791 3843 2034 3899 fixissent
2061 3843 2245 3897 divina:
2267 3857 2286 3895 :
2312 3859 2432 3913 qua:
2461 3858 2566 3899 vox
2599 3844 2699 3898 etsi
2737 3859 2844 3898 non
2872 3858 3124 3915 cupressu
3143 3885 3157 3913 ,
3189 3843 3387 3903 intelli-

1789 3917 1960 3986 genda
1988 3924 2169 3970 tamen
2200 3920 2303 3986 est.

1858 3985 1913 4059 (f
1932 3988 1949 4058 )
1989 3987 2044 4042 lu
2076 3985 2326 4054 vulgatis,
2372 3986 2463 4059 sed
2488 4003 2592 4041 non
2624 3985 2734 4059 Dei
2776 3990 2972 4057 forata,
3008 3987 3186 4043 addita
3215 3991 3384 4055 parti-

1787 4056 1902 4114 cula
1934 4056 2163 4130 negante
2182 4066 2366 4112 contra
2391 4056 2551 4130 ﬁdem
2581 4057 2711 4113 mss.
2736 4056 2790 4113 et
2818 4059 3001 4114 Hilarii
3021 4060 3343 4117 sententiam
3361 4104 3378 4128 ,

1787 4146 1889 4202 qua
1921 4129 2021 4201 pro
2051 4145 2200 4184 more
2226 4144 2325 4184 suo
2354 4129 2610 4202 prredicat
2631 4130 2685 4185 in
2715 4130 2935 4187 Christo
2966 4130 3385 4202 dispensationis

1790 4200 1895 4258 tem
1907 4200 2034 4271 pore
2056 4202 2149 4257 Dei
2173 4208 2418 4255 naturam
2442 4200 2703 4272 integram
2728 4200 3089 4270 permansisse
3111 4246 3126 4269 ,
3157 4205 3251 4260 sed
3274 4204 3386 4261 lor-

1791 4288 1932 4328 mam
1977 4273 2141 4328 fuisse
2178 4272 2522 4328 exinanitum.
2555 4273 2632 4329 Ex
2673 4289 2779 4345 quo
2823 4274 2989 4345 liquet
3030 4291 3152 4331 eum
3193 4276 3385 4333 forum

1794 4345 2011 4400 nomine
2050 4345 2194 4401 aliud
2234 4355 2479 4419 enatura
2526 4346 2638 4419 ipsa
2670 4343 3020 4419 intellexisse.
3063 4346 3249 4419 Neque
3288 4350 3386 4403 oh-

1793 4432 2010 4491 scuram
2043 4424 2125 4473 est
2159 4415 2286 4487 quid
2333 4415 3208 4491 ititellexerit._Formamhquippe
3251 4419 3386 4477 dixit

1797 4488 2036 4545 habitum
2062 4502 2225 4559 quem
2268 4504 2378 4553 prae
2402 4504 2463 4545 se
2491 4489 2611 4544 tulit
2648 4488 2917 4545 Christus.
2963 4488 3156 4547 Habitu
3204 4498 3385 4549 autem

1796 4577 1903 4616 non
1927 4570 1984 4615 ut
2006 4559 2179 4625 Deus,
2203 4561 2298 4616 sed
2324 4571 2382 4616 ut
2408 4561 2570 4632 homo
2595 4560 2842 4616 inventus
2868 4562 2937 4618 ab
2964 4563 3225 4632 Apostolo
3250 4579 3388 4632 prte-

1796 4633 2035 4699 dicatur,
2064 4632 2203 4688 Phil.
2238 4647 2274 4687 n
2294 4675 2309 4699 ,
2338 4633 2393 4689 7.
2424 4631 2575 4689 Unde
2609 4647 2729 4688 cum
2761 4647 2921 4703 supra
2953 4631 3100 4689 num.
3132 4634 3201 4690 38
3228 4631 3387 4693 docet

1795 4703 2069 4761 Christum
2099 4705 2149 4759 in
2196 4702 2415 4760 homine
2445 4705 2715 4760 nascendo
2754 4702 3044 4760 novitatem
3095 4706 3195 4763 sibi
3236 4706 3384 4762 intu-

90 4781 139 4835 in
161 4776 413 4861 naturam
443 4777 630 4861 divina:
653 4778 877 4861 _unitatis
906 4778 1079 4834 statim
1100 4819 1114 4843 ,
1147 4776 1474 4861 substituens
1505 4780 1560 4834 in
1598 4776 1693 4834 na-
1715 4801 1769 4861 ι)
1799 4776 2087 4861 Ιὶεδθηηοη
2124 4776 2323 4832 virtutis
2363 4785 2656 4861 natumque
2683 4776 2877 4861 damno
2893 4819 2909 4846 ,
2938 4779 3030 4861 sed
3057 4777 3269 4861 habitus
3296 4779 3389 4834 de-

90 4864 214 4908 turaz
243 4854 442 4907 divinae
479 4850 692 4905 unitatis
718 4858 907 4904 stutum
930 4866 949 4904 .'
981 4866 1153 4921 neque
1174 4850 1313 4918 apud
1353 4851 1475 4908 Par.
1505 4867 1689 4906 emen—

92 4926 244 4980 datus
292 4926 420 4980 luit.
462 4921 751 4977 Proﬁtetur
800 4922 1034 4978 Hilarius
1071 4921 1343 4978 Christum
1393 4922 1687 4979 secundum

89 4997 322 5053 formam
357 4994 458 5051 Dei
496 5008 710 5064 semper
749 4994 1014 5050 mansisse
1054 4995 1107 5049 in
1147 5005 1339 5049 natura
1362 5036 1377 5060 ,
1405 4996 1608 5050 unitate
1636 5004 1693 5050 et

92 5072 262 5139 gloria
298 5067 406 5123 Dei
434 5108 448 5132 ,
475 5066 578 5121 etsi
609 5066 904 5121 secundum
935 5064 1163 5121 formam
1194 5066 1353 5139 servi
1372 5082 1476 5121 non
1508 5066 1687 5121 statim

89 5137 157 5198 ab
182 5141 304 5212 ipsa
339 5139 580 5212 hominis
620 5139 987 5212 assumptione
1014 5145 1219 5193 naturae
1249 5137 1447 5212 divina:
1476 5153 1693 5212 assecu-

90 5225 173 5268 tus
196 5209 288 5269 est
313 5210 583 5267 unitatem
601 5249 616 5277 ,
649 5209 743 5264 sed
775 5220 978 5282 tantum
1014 5224 1108 5280 per
1136 5210 1547 5266 resurrectionis
1575 5209 1693 5282 glo-

88 5286 220 5340 riam
242 5325 258 5351 ,
296 5284 469 5339 modo
491 5282 737 5350 superius
765 5280 1031 5353 exposito.

158 5355 247 5431 (ά)
291 5355 475 5431 E_diti_,
505 5355 821 5431 genitam_in_
840 5352 900 5410 se
928 5363 1184 5431 naturam.
1206 5353 1432 5431 Bactius
1460 5352 1611 5431 abest
1640 5353 1696 5407 in

88 5445 140 5484 se
168 5424 198 5483 ᾖ
226 5424 544 5499 potioribus
570 5441 699 5482 mss.
722 5424 916 5482 Filium
950 5427 1179 5497 appellat
1206 5426 1439 5481 Hilarius
1475 5425 1696 5495 genitam

91 5511 376 5558 naturam.
412 5500 625 5555 Patrem
657 5514 784 5554 vero
809 5509 1046 5571 naturam
1074 5500 1358 5571 gignentem
1381 5513 1400 5552 :
1427 5512 1491 5551 ex
1523 5511 1697 5571 eoque

91 5518 376 5558 naturam.
412 5518 625 5555 Patrem
657 5518 784 5554 vero
809 5518 1046 5554 naturam
1109 5518 1358 5571 ignemth
1381 5518 1400 5552 .'
1427 5518 1491 5551 ex
1523 5518 1697 5568 BDQUB

89 5572 320 5630 conﬁcit
344 5573 643 5643 utriusque
662 5577 906 5626 naturam
946 5518 1183 5640 cjusgem
1209 5586 1330 5626 esse
1367 5567 1612 5643 generis,
1644 5577 1699 5643 ct

92 5645 144 5699 in
174 5661 240 5701 se
278 5643 524 5701 invicem
547 5640 685 5699 csse
724 5658 847 5697 cum
878 5642 1094 5698 diverso
1138 5652 1383 5713 respectu
1428 5640 1697 5711 gignentis

91 5727 145 5773 et
180 5721 421 5786 genitas.
464 5715 665 5772 Eodem
722 5714 973 5786 loquendi
1017 5716 1177 5786 modo
1212 5712 1348 5770 dixit
1381 5712 1696 5786 Fulgentius

91 5789 158 5845 ad
182 5784 468 5846 Ferrand.
502 5802 645 5856 resp.
672 5787 745 5842 9.:
781 5784 1038 5841 Naturam
1065 5785 1193 5843 Filii
1219 5788 1281 5842 de
1313 5802 1367 5841 se
1390 5784 1501 5857 ipso
1524 5785 1699 5857 genuit

94 5859 294 5933 Pater,
318 5868 387 5920 ct
414 5860 503 5917 lib.
527 5860 592 5917 de
621 5859 828 5918 lncarn.
854 5870 906 5917 et
932 5859 1100 5930 gratia
1122 5859 1321 5918 Christi
1350 5873 1397 5916 c.
1424 5857 1458 5914 5
1481 5874 1494 5912 :
1520 5857 1574 5913 Ν
1578 5873 1700 5929 equo

1795 4849 2103 4921 mutatione,
2133 4863 2365 4921 cumque
2389 4847 2524 4905 infra
2554 4862 2703 4903 num.
2730 4848 2803 4921 5t
2820 4890 2834 4911 .
2863 4850 3087 4919 largitur
3130 4849 3270 4921 quod
3294 4868 3388 4907 na-

1795 4920 1963 4975 tivitas
2011 4920 2230 4975 hominis
2275 4930 2514 4975 naturam
2565 4936 2747 4974 novam
2790 4920 2990 4983 intulit.
3036 4930 3084 4978 et
3119 4920 3385 4978 h’untilitas

1796 4995 2013 5064 formam
2047 4992 2442 5064 demutavitsub
2470 4993 2814 5055 assumptione
2834 4992 3018 5064 servili
3040 5009 3063 5060 ;
3086 4994 3218 5051 satis
3248 4993 3386 5050 indi-

1794 5062 1882 5118 cat
1909 5063 2210 5134 promiscua
2243 5062 2344 5118 sibi
2383 5078 2505 5120 esse
2531 5064 2717 5119 formae
2743 5073 2798 5118 et
2831 5062 3047 5122 habitus
3083 5066 3340 5124 vocabula
3367 5085 3383 5122 :

1795 5135 1988 5206 quibus
2013 5151 2145 5191 sane
2167 5135 2429 5208 intellexit
2452 5136 2678 5207 gloriam
2703 5134 3228 5208 Unigenitoiquidetn
3254 5153 3386 5193 con-

1796 5209 2069 5281 genitam,
2105 5207 2201 5263 sed
2235 5222 2396 5279 quam
2427 5208 2576 5264 carni
2598 5216 2910 5281 assmnpta:
2945 5207 3010 5264 ad
3045 5218 3254 5281 tempus
3286 5225 3385 5281 ne-

1796 5278 1976 5363 gavit,
2025 5288 2188 5363 atque
2231 5278 2454 5336 eatenus
2502 5279 2717 5363 atnisit_.
2770 5278 2873 5363 non
2917 5278 3236 5363 conuenientia
3285 5280 3386 5363 sibi

1797 5352 1981 5435 forma:
2007 5351 2272 5435 utriusque
2299 5368 2568 5435 concursu,
2601 5359 2658 5406 ut
2685 5351 2921 5435 loquitur
2944 5371 2997 5408 u.
3024 5353 3116 5409 M.
3134 5351 3384 5435 Aper-tius

1796 5421 1850 5478 in
1884 5423 1966 5479 his
1998 5439 2142 5495 num.
2173 5421 2279 5481 40:
2310 5421 2466 5478 Pater
2495 5440 2597 5479 non
2627 5432 2734 5495 eget
2772 5425 2972 5493 gloria,
3002 5440 3093 5478 nec
3128 5441 3181 5479 se
3201 5425 3384 5479 exina-

1795 5495 1962 5568 nierat
1998 5494 2062 5549 de
2092 5497 2257 5567 forma
2294 5496 2474 5568 gloria:
2495 5512 2628 5568 sua},
2650 5494 2715 5568 id
2745 5496 2813 5551 ab
2846 5510 2910 5551 eo
2938 5495 3101 5568 gloria
3125 5511 3188 5551 ac
3216 5499 3388 5568 forma

1797 5567 1975 5640 gloria:
1999 5565 2250 5640 vocatur,
2282 5565 2423 5640 quod
2451 5568 2537 5623 hic
2561 5565 2659 5622 Dei
2685 5570 2873 5637 forma.

1874 5637 1952 5713 (g)
1995 5639 2090 5695 Hic
2118 5637 2317 5713 terrena
2346 5640 3163 5713 nati_oitas_humanamnaturam
3190 5650 3346 5698 sonat
3370 5659 3385 5697 :

1803 5708 1944 5769 sicut
1960 5726 2125 5783 supra
2151 5711 2204 5767 in
2232 5713 2316 5767 his
2355 5727 2409 5767 n.
2432 5710 2540 5783 40:
2574 5708 2755 5765 Gloria
2782 5712 2946 5767 omnis
2971 5728 3073 5766 non
3106 5712 3273 5769 Verbo
3301 5730 3409 5769 σοι

1803 5781 2105 5854 quirebatur
2121 5825 2139 5852 ,
2168 5784 2259 5841 sed
2280 5782 2424 5839 carni
2441 5824 2458 5851 ,
2480 5781 2535 5836 id
2553 5790 2659 5855 est,
2682 5798 2783 5855 non
2809 5783 3061 5839 nativitati
3087 5784 3189 5842 Dei
3207 5828 3222 5852 ,
3244 5797 3351 5843 etc.
3369 5827 3388 5855 ,

1810 5853 2105 5914 nativitatis
2134 5857 2353 5915 nomine
2382 5866 2572 5914 natura
2599 5853 2780 5914 divina
2811 5855 3160 5931 signiﬁcatur.
3188 5853 3392 5919 Deinde
