3988 6332
136 318 224 379 $9.5

1328 312 1417 376 os
1447 294 1823 375 TRlNl’l‘A'fE
1860 314 2068 373 LIBER
2106 297 2200 376 ix.

3309 313 3414 371 226

135 445 209 497 ει,
242 431 338 500 Qui
377 444 456 485 me
479 428 635 496 vidit,
666 428 794 485 uidit
823 436 872 484 et
896 424 1110 484 Patrem
1137 425 1316 501 (Joan.
1344 445 1464 496 xtv,
1506 430 1602 500 9);
1629 439 1714 498 et,
1746 434 1797 496 Α
1824 431 2005 507 (Rom.
2041 448 2162 499 vni,
2206 432 2287 505 5).
2339 431 2538 488 Totum
2570 437 2747 487 autem
2797 428 2900 485 hoc
2930 428 2995 484 ad
3028 430 3234 501 paterni
3266 445 3418 484 man-

138 526 304 600 h'goia
349 523 535 588 Patre,
578 532 625 578 et
670 522 829 579 Pater
868 523 922 579 in
969 539 1046 579 me
1086 521 1249 596 (Ibid.
1292 524 1406 595 ll).
1441 524 1712 582 Honorem

134 621 323 676 donata:
369 615 727 672 confessionis
765 614 1045 685 intelligo.
1090 616 1216 688 quia
1261 616 1523 673 Dominus
1553 617 1713 676 Jesus

135 712 205 783 (l)
228 714 275 766 in
302 711 473 782 gloria
508 709 604 766 Dei
632 709 827 765 Patris.
853 708 1081 778 Quando
1107 709 1270 779 igitur
1294 709 1426 767 illud
1453 722 1571 780 est,
1605 711 1715 767 Pa-

134 818 197 861 ter
220 808 382 880 major
420 820 500 858 me
541 803 657 858 est?
684 802 893 875 Nempe
940 812 1052 859 tum
1076 844 1090 869 ,
1120 819 1243 860 cum
1270 804 1505 861 donatur
1532 806 1580 862 ei
1619 823 1716 863 ηο-

136 916 240 955 men
266 912 425 967 super
445 897 607 971 θοι
628 911 790 953 omne
819 911 1039 952 nomen.
1066 899 1129 951 At
1150 905 1333 953 contra
1362 898 1577 969 quando
1596 909 1711 965 est,

133 990 233 1064 Ego
249 998 293 1044 et
314 987 472 1044 Pater
495 1006 654 1044 unum
676 989 888 1044 sumus?
915 988 995 1064 (ἓ)
1044 988 1245 1060 Nempe
1268 989 1344 1064 (a)
1373 1007 1493 1047 cum
1537 992 1715 1048 omnis

134 1087 290 1156 lingua
316 1081 670 1150 cantiteatur,
703 1084 827 1156 quia
857 1085 1118 1141 Dominus
1142 1084 1301 1142 Jesus
1326 1083 1381 1140 in
1410 1086 1578 1156 gloria
1618 1085 1712 1143 Dei

133 1178 311 1234 Patris.
356 1175 413 1233 Si
463 1175 628 1248 igitur
672 1176 927 1234 donantis
971 1178 1293 1235 auctoritate
1337 1178 1500 1236 Pater
1541 1177 1715 1250 major

133 1280 203 1325 est
222 1311 236 1336 ,
260 1269 517 1340 numquid
541 1270 620 1344 (ὸ)
646 1285 745 1341 per
768 1269 896 1327 doni
923 1271 1319 1328 confessionem
1344 1272 1526 1328 minor
1545 1271 1715 1329 Filius

131 1364 237 1422 est?
261 1364 432 1432 Major
462 1363 540 1436 (ὅ)
570 1364 755 1433 itaque
776 1364 985 1421 donans
1004 1375 1115 1433 est;
1147 1365 1241 1422 sed
1270 1367 1447 1422 minor
1465 1365 1577 1435 jam
1605 1382 1712 1423 non

131 1467 231 1527 est,
259 1461 345 1515 cui
368 1475 535 1516 unum
559 1475 681 1519 esse
699 1460 950 1520 donatur.
978 1461 1034 1518 Si
1054 1478 1159 1518 non
1184 1462 1285 1517 hoc
1303 1460 1536 1517 donatur
1554 1460 1711 1527 Jesu,

131 1565 178 1609 ut
205 1552 539 1610 conlitendns
572 1555 645 1610 sit
687 1554 742 1610 in
770 1554 940 1625 gloria
973 1555 1065 1611 Dei
1101 1555 1296 1623 patris;
1332 1554 1510 1610 minor
1556 1554 1715 1611 Patro

128 1654 217 1700 est.
245 1646 297 1702 Si
326 1654 506 1701 autem
535 1646 588 1702 in
618 1661 677 1703 ea
701 1647 871 1717 gloria
899 1645 1132 1703 donatur
1161 1647 1209 1702 ei
1236 1661 1391 1713 esse,
1417 1661 1521 1717 qua
1547 1646 1711 1703 Pater

130 1748 231 1806 est;
258 1739 424 1795 habes
462 1750 518 1797 ct
547 1740 602 1796 in
632 1738 885 1796 donantis
913 1741 1234 1797 auctoritate
1272 1738 1345 1813 (c)
1371 1739 1493 1811 quia
1542 1738 1716 1809 major

1818 527 1926 581 dati
1971 527 2215 582 referens
2254 525 2620 582 obedientiam
2649 568 2664 592 ,
2699 525 2929 595 subjecit
2972 541 2985 577 :
3038 524 3146 579 Sed
3191 534 3248 578 ut
3291 526 3417 580 sciat

1817 622 2043 677 mundus
2070 621 2313 691 quoniam
2340 637 2431 694 ego
2461 620 2624 692 diligo
2658 620 2868 675 Patrem
2896 661 2910 685 ,
2941 628 2993 674 et
3033 619 3164 673 sicut
3197 619 3416 673 manda-

1818 723 1923 768 tum
1953 714 2081 768 mihi
2120 713 2260 769 dedit
2295 712 2374 787 (7)
2418 713 2577 768 Pater
2601 756 2615 781 ,
2657 715 2731 769 sic
2760 714 2932 785 facio;
2962 714 3156 785 surgite
3180 754 3193 779 ,
3238 726 3418 767 eamus

1817 805 1937 861 hinc
1978 805 2163 876 (Joan.
2212 821 2321 870 xtv,
2352 804 2468 879 51).
2504 805 2584 879 (g)
2628 805 2711 861 Ad
2763 804 3249 861 consummandam
3291 819 3433 860 cor-.

1819 912 2001 967 porcae
2030 897 2295 967 passionis
2328 908 2748 965 sacramentum,
2783 912 2879 968 per
2910 897 3254 954 dilectionem
3298 896 3418 953 clli-

1816 988 2000 1046 ciendi
2028 991 2267 1046 mandati
2312 993 2563 1062 paterni,
2599 991 2820 1065 festinat
2849 1007 3147 1063 exsurgens
3181 1009 3193 1046 :
3224 1006 3422 1063 corpo-

1816 1098 1926 1139 reae
1956 1094 2138 1139 tamen
2168 1084 2555 1155 assumptionis
2582 1085 2764 1140 statim
2798 1086 3116 1157 mysterium
3144 1082 3418 1156 pandens,

1817 1191 1915 1246 per
1944 1191 2104 1247 quam
2150 1177 2202 1233 ei
2232 1185 2504 1249 tamquam
2537 1179 2591 1234 in
2633 1179 2743 1234 vite
2778 1177 2944 1251 302
2991 1179 3153 1233 modo
3181 1177 3422 1249 palmitis

1816 1269 2139 1337 inessemus,
2168 1271 2401 1329 fructum
2427 1273 2583 1329 nobis
2612 1283 2669 1329 ut
2690 1273 3022 1345 palmitibus,
3046 1273 3150 1329 nisi
3175 1273 3265 1329 ille
3293 1275 3422 1330 vitis

1816 1373 1962 1420 esset
2009 1364 2251 1433 allectus,
2305 1367 2490 1423 utilem
2543 1382 2650 1423 non
2700 1365 2908 1423 daturis
2939 1365 3122 1439 (Joau.
3151 1381 3257 1431 xv,
3292 1367 3318 1421 1
3370 1375 3421 1422 et

1817 1456 2005 1528 seqq)
2052 1457 2231 1529 Atque
2276 1457 2478 1515 idcirco
2520 1472 2743 1516 manere
2792 1473 2892 1513 nos
2924 1458 2977 1513 in
3014 1473 3077 1513 se
3125 1472 3221 1528 per
3258 1457 3420 1514 ﬁdem

1816 1550 2079 1622 assumpti
2110 1551 2357 1623 corporis
2384 1562 2599 1620 monet,
2635 1560 2693 1608 ut
2712 1552 2838 1623 quia
2869 1550 3108 1607 Verbum
3127 1565 3257 1606 caro
3297 1549 3417 1607 fac-

1816 1651 1932 1700 tum
1963 1654 2049 1700 est
2073 1686 2089 1710 ,
2120 1654 2327 1701 natura:
2367 1646 2550 1702 carnis
2576 1659 2690 1700 sum
2732 1652 3006 1716 tamquam
3037 1643 3136 1699 viti
3169 1644 3418 1714 palmites

1817 1737 2119 1797 inessetnus
2151 1761 2165 1795 ι
2196 1754 2227 1795 a
2272 1754 2551 1809 corporea:
2594 1738 2753 1808 hujus
2801 1737 3126 1794 humilitatis
3170 1752 3421 1807 assump-

130 1844 229 1902 cst,
258 1843 310 1890 et
336 1834 390 1889 in
418 1832 599 1890 donati
622 1833 966 1890 confessione
989 1834 1115 1905 quia
1153 1848 1318 1890 unum
1358 1840 1504 1889 sunt.
1540 1832 1707 1903 Major
1741 1834 1789 1894 Β
1818 1832 1964 1888 tione
1988 1829 2220 1888 formam
2251 1840 2493 1903 paterna:
2525 1831 2824 1901 majestatis
2850 1832 3097 1886 alienans
3130 1840 3266 1898 tum,
3296 1845 3421 1885 cum

129 1930 292 2001 itaque
317 1927 476 1985 Pater
504 1927 642 1984 Filio
680 1938 803 1984 est:
836 1934 892 1983 et
932 1927 1094 1998 plane
1132 1926 1334 1997 major,
1374 1925 1466 1997 qtti
1507 1935 1710 1981 tantum

129 2024 281 2079 donat
303 2038 425 2080 esse
442 2064 457 2090 ,
479 2031 711 2092 quantus
739 2021 855 2092 ipse
874 2030 952 2077 est
975 2036 990 2087 ;
1016 2020 1100 2075 cui
1122 2017 1565 2075 innascibilitatis
1590 2032 1714 2077 esse

129 2115 402 2186 imaginem
447 2121 788 2170 sacramento
825 2112 1121 2168 nativitatis
1158 2112 1423 2182 impertit,
1451 2126 1611 2180 quant
1644 2125 1711 2166 ex

132 2225 187 2264 se
224 2207 301 2283 (d)
337 2209 390 2265 in
419 2211 641 2264 lormam
684 2223 835 2263 suam
884 2216 1144 2279 generat,
1180 2222 1341 2277 quem
1383 2220 1601 2262 rursum
1643 2204 1714 2261 de

126 2303 291 2358 forma
319 2304 457 2358 servi
488 2303 539 2358 in
580 2302 810 2359 formam
839 2301 934 2357 Dei
977 2307 1235 2367 renovat;
1264 2315 1424 2370 quem
1460 2299 1511 2355 in
1542 2297 1712 2369 gloria

125 2411 209 2451 sua
241 2395 320 2468 (4)
359 2395 657 2452 secundum
701 2394 775 2470 (ε)
808 2395 1069 2466 Spiritum
1098 2394 1374 2449 Christum
1403 2392 1573 2449 Deum
1620 2408 1713 2446 na-

130 2498 267 2555 tttm,
312 2489 481 2544 donat
529 2504 745 2544 rursum
792 2501 913 2543 esse
958 2487 1010 2542 in
1058 2486 1230 2559 gloria
1275 2500 1370 2541 sua
1416 2484 1711 2541 secundum

123 2597 323 2639 carnem
350 2581 535 2638 Jcsum
558 2580 833 2636 Christum
858 2579 1027 2636 Deum
1052 2579 1135 2654 (5)
1158 2587 1429 2635 mortuum
1459 2577 1552 2650 (ι’).
1577 2579 1716 2634 Cau-

125 2689 223 2729 sam
251 2674 420 2747 igitur
461 2674 731 2741 ostendit,
761 2688 857 2730 cur
884 2672 929 2729 si
970 2688 1091 2729 eum
1138 2671 1459 2744 diligerent,
1508 2670 1714 2743 gaude-

126 2776 233 2823 rent
260 2766 407 2840 quod
437 2768 503 2822 ad
535 2767 746 2823 Patrem
778 2766 955 2835 vadit,
990 2765 1112 2837 quia
1158 2766 1318 2822 Pater
1344 2765 1517 2836 major
1543 2774 1710 2821 esset.

184 2861 266 2917 55.
303 2860 428 2929 Quo
461 2875 613 2916 sensu
642 2859 799 2915 Pater
829 2860 995 2915 dictus
1029 2859 1096 2914 sit
1119 2861 1309 2934 major,
1345 2860 1618 2930 con/icitur
1649 2874 1717 2914 ea:

124 2965 228 3011 ante
249 2967 296 3011 et
318 2964 440 3029 post
470 2955 639 3010 dictis.
676 2984 747 2997 —-
781 2954 1052 3012 Gaudium
1097 2954 1200 3009 hoc
1227 2954 1411 3025 itaque
1442 2971 1508 3011 ex
1545 2953 1716 3010 dilec-

126 3048 257 3104 tione
301 3049 518 3104 docens
565 3063 715 3114 esse,
765 3049 892 3120 quia
936 3048 1216 3104 laetaretur
1262 3046 1487 3103 dilectio
1525 3045 1712 3102 Jesutn

122 3158 230 3199 esse
256 3144 309 3199 in
343 3143 447 3199 Dei
477 3141 656 3199 Patris
682 3142 852 3214 gloria
882 3141 1253 3198 confitendum
1286 3152 1375 3198 :et
1400 3141 1586 3212 gloriae
1616 3141 1715 3195 hu-

1816 1940 1877 1981 se
1913 1924 1993 1995 (It)
2036 1925 2103 1980 ad
2133 1926 2394 1983 unitatem
2423 1926 2703 1997 palmitum
2737 1925 2901 1981 vitem
2930 1925 3240 1995 professus,
3273 1924 3420 1993 agri-

1815 2019 1986 2074 Cttlatn
2010 2017 2228 2076 Patrem
2253 2019 2316 2092 (i)
2343 2019 2616 2075 curiosum
2648 2019 2811 2091 hujus
2832 2018 2957 2077 vitis
2979 2019 3241 2086 ostendit,
3261 2018 3420 2090 cujus

1816 2111 2033 2170 inutiles
2061 2124 2223 2184 atque
2270 2113 2538 2171 inleraces
2565 2113 2811 2184 palmites
2849 2113 2917 2188 (j)
2953 2113 3218 2169 desecans
3256 2112 3425 2182 depu-

1818 2216 1958 2263 taret
1990 2220 2231 2265 arsuros.
2270 2207 2467 2263 Diceris
2513 2209 2717 2279 itaque,
2753 2207 2854 2273 Qui
2897 2223 2980 2261 me
3013 2207 3142 2261 uidit
3166 2246 3182 2273 ,
3229 2207 3424 2262 victitet

1815 2298 2070 2366 Patrem;
2105 2307 2161 2355 et
2179 2342 2194 2367 ,
2233 2299 2400 2356 Verba
2420 2316 2536 2371 qua:
2556 2317 2650 2373 rgo
2689 2300 2889 2369 loquor,
2924 2316 3027 2356 non
3054 2317 3089 2355 α
3114 2315 3194 2353 me
3215 2300 3422 2367 loquor,

1814 2390 1906 2447 sed
1935 2391 2094 2447 Pater
2117 2394 2204 2465 qui
2227 2394 2283 2449 in
2306 2410 2384 2449 me
2406 2404 2597 2459 manet,
2625 2395 2735 2465 ipse
2772 2397 2894 2465 facit
2922 2410 3081 2463 opera
3108 2409 3204 2447 sua
3236 2390 3418 2464 (lauit.

1816 2486 1974 2556 xm!)
1998 2496 2049 2542 et
2077 2486 2168 2557 10)
2192 2504 2207 2552 ;
2236 2496 2311 2555 et,
2345 2486 2549 2543 Credite
2572 2489 2722 2555 mihi,
2752 2487 2998 2557 quoniam
3026 2488 3193 2560 egoiu
3230 2484 3423 2553 Patre,

1817 2590 1863 2634 et
1905 2578 2070 2636 Pater
2100 2580 2154 2635 in
2183 2596 2264 2635 me
2284 2577 2452 2654 (Ibid.
2480 2579 2594 2652 ti),
2631 2588 2690 2633 ut
2715 2589 2772 2635 et
2798 2589 3199 2635 sacramentum
3230 2576 3430 2634 nativi-

1818 2674 1945 2729 tatis
1980 2683 2034 2729 et
2073 2674 2390 2745 mysterium
2432 2673 2697 2744 assumpti
2725 2673 2976 2743 corporis
3002 2673 3381 2731 manilestaret
3402 2713 3418 2740 ,

1821 2781 1917 2834 per
1942 2764 2337 2822 continentiam
2380 2765 2649 2821 dictorum
2696 2765 2764 2821 ad
2797 2765 2849 2821 id
2881 2766 3108 2823 veniens
3131 2766 3209 2821 ait
3232 2806 3248 2835 ,
3291 2764 3431 2832 Quia

1819 2858 1979 2915 Pater
2017 2860 2186 2930 major
2212 2876 2294 2915 me
2320 2867 2398 2915 est
2427 2857 2589 2932 (Ibid.
2623 2859 2742 2930 28).
2777 2859 2842 2915 Et
2873 2859 3164 2940 confestim
3192 2900 3208 2929 ,
3240 2870 3300 2915 ut
3327 2860 3429 2916 ab-

1817 2954 1993 3009 soluta
2021 2953 2149 3009 dicti
2175 2956 2311 3009 ratio
2339 2953 2608 3019 subesset,
2639 2958 2694 3008 et
2717 2954 2969 3024 agricola:
2994 2964 3052 3009 et
3077 2954 3205 3009 vitis
3226 2965 3281 3009 et
3309 2952 3431 3024 pal-

1819 3046 1965 3103 mitis
1987 3044 2218 3117 subjecit
2245 3044 2587 3115 exetnplnm,
2613 3044 3044 3117 assumptionem
3079 3060 3179 3118 per
3209 3046 3262 3103 id
3292 3060 3427 3103 cor-

1821 3154 2001 3209 poreae
2033 3138 2355 3195 humilitatis
2383 3137 2699 3195 ostendens.
2741 3139 2806 3194 Et
2853 3138 2981 3195 hinc
3008 3154 3228 3196 causam
3260 3139 3432 3197 eundi

124 3236 202 3306 jus
227 3237 575 3293 resumendae
616 3236 869 3292 meritum
902 3236 1160 3292 continuo
1187 3233 1453 3307 subjecit,
1486 3233 1672 3290 dicens
1700 3275 1713 3300 ,
1743 3242 1789 3306 (λ
1823 3233 1890 3289 ad
1921 3234 2138 3291 Patrem
2163 3274 2182 3300 ,
2227 3240 2282 3289 et
2320 3232 2626 3289 dilectionis
2666 3232 2909 3289 laetitiam
2940 3249 3066 3289 cum
3109 3234 3178 3289 ad
3212 3234 3430 3291 Patrem

125 3326 261 3385 Venit
284 3331 430 3386 enim
456 3330 695 3403 princeps
719 3330 876 3402 hujus
918 3329 1095 3383 mundi
1123 3368 1138 3395 ,
1171 3338 1220 3383 et
1262 3328 1316 3382 in
1358 3344 1437 3382 me
1466 3325 1543 3401 (6)
1570 3326 1720 3382 habet

123 3423 239 3479 nihil
284 3422 478 3497 (Joan.
522 3439 633 3489 xiv,
684 3423 796 3495 50).
849 3421 991 3478 Nihil
1038 3422 1091 3477 in
1138 3436 1205 3478 eo
1253 3421 1503 3492 princeps
1554 3420 1716 3492 hujus

124 3519 293 3574 mundi
327 3518 504 3574 habet
536 3535 550 3573 :
582 3518 710 3590 quia
744 3525 803 3573 ut
835 3517 999 3574 homo
1030 3514 1214 3571 babittt
1246 3524 1495 3587 repertus
1515 3555 1531 3580 ,
1558 3525 1718 3572 extra

124 3622 398 3680 peceatum
429 3612 610 3667 carnis
637 3609 889 3666 manebat
919 3609 970 3665 itt
1009 3608 1366 3666 similitudine
1390 3608 1569 3665 carnis
1595 3622 1722 3678 pec-

120 3706 261 3774 cati,
300 3707 374 3763 de
410 3715 635 3776 peccato
684 3714 962 3776 peccatum
1021 3703 1075 3759 in
1129 3717 1294 3760 carne
1349 3701 1719 3760 condemnans

187 3822 262 3895 (l)
301 3820 375 3879 In
406 3822 575 3895 gloria
603 3830 679 3877 est
709 3819 805 3875 Dei
834 3819 1030 3877 Patria.

288 3895 482 3981 ly'equc
506 3908 606 3965 pro
631 3908 827 3966 nempe.

208 3983 238 4021 ἱ)

286 3966 595 4096 δζζὲᾚληι
607 4052 811 4093 carnem
825 4034 1006 4091 Iesum
1034 4032 1290 4091 Christum
1302 4031 1470 4090 Deum
1509 4043 1709 4090 natum.

188 4152 261 4224 (α)
276 4152 335 4210 in
366 4151 769 4224 antiquioribus
797 4168 953 4218 mss.,
981 4168 1228 4223 namque..

185 4219 256 4299 (ὁ)
286 4227 344 4283 id
378 4238 488 4291 est,
509 4219 616 4295 'per
643 4226 895 4299 donatam
921 4219 1337 4299 confessionem,
1366 4237 1461 4299 seu
1490 4236 1592 4290 per
1619 4219 1719 4277 do-

122 4293 248 4352 num
280 4293 568 4363 nominis,
601 4296 687 4361 cui
727 4297 902 4352 omnis
935 4296 1114 4367 lingua
1157 4293 1404 4351 conliteri
1445 4301 1713 4350 teneatur.

119 4368 250 4425 Mox.
287 4373 342 4425 in
378 4387 484 4427 ms.
526 4370 739 4424 Martio.
774 4368 967 4439 utique,
1001 4382 1099 4437 pro
1126 4368 1315 4438 itaque.

183 4441 256 4514 (c)
274 4442 336 4497 ln
374 4440 628 4512 vulgatis,
652 4441 771 4512 quia
792 4452 936 4514 pater
961 4442 1159 4514 maior.
1176 4441 1342 4494 Abest
1355 4445 1503 4511 pater
1528 4452 1557 4491 a
1577 4449 1708 4492 mss.

117 4527 163 4567 ct
190 4510 257 4569 ad
282 4510 589 4569 donaniem
622 4510 769 4568 recte
792 4510 1026 4567 refertur
1054 4512 1239 4583 major.

1824 3326 1948 3392 iret.
1976 3325 2183 3382 docens
2210 3338 2331 3380 esse
2363 3335 2652 3396 oportere,
2680 3324 2811 3397 quia
2842 3326 3017 3396 major
3044 3341 3106 3382 se
3147 3325 3310 3383 Pater
3338 3341 3433 3383 es-

1824 3429 1908 3475 set
1938 3437 1951 3474 :
1989 3433 2020 3475 a
2045 3434 2157 3490 qno
2196 3417 2406 3473 scilicet
2430 3426 2578 3475 esset
2597 3418 2825 3490 gloriam
2853 3427 3259 3490 resnmpturus;
3285 3418 3434 3491 apud

1824 3527 1988 3584 quem
2014 3520 2070 3568 et
2098 3512 2152 3568 in
2183 3527 2290 3583 quo
2319 3510 2707 3582 glorltleandus
2739 3553 2753 3579 ,
2786 3527 2891 3569 non
2922 3512 3137 3571 novello
3180 3512 3387 3570 honore
3412 3553 3431 3584 ,

1825 3608 1919 3664 sed
1943 3608 2205 3680 pristino;
2237 3624 2415 3682 neque
2442 3610 2623 3667 alieno
2649 3652 2665 3677 ,
2693 3610 2791 3667 sed
2818 3627 2979 3682 quem
3010 3611 3152 3683 apud
3181 3627 3306 3668 eum
3334 3610 3433 3667 he-

1824 3700 1977 3759 buit.‘
1993 3702 2053 3761 Si
2081 3708 2262 3776 itaque
2300 3719 2407 3761 non
2434 3703 2512 3779 (Ις)
2542 3706 2593 3761 in
2634 3706 2810 3778 ipsum
2836 3706 3222 3779 glorilicandus
3243 3717 3348 3776 est,
3378 3706 3435 3763 id

1903 3819 1981 3894 (5)
2016 3819 2064 3894 1y
2065 3830 2216 3894 atum
2242 3833 2523 3877 mortuum.

1898 3891 1976 3969 (6)
2025 3891 2331 3969 N_on__habet
2367 3895 2525 3969 nihil;
2550 3894 2906 3954 hellenismus
2941 3895 3094 3966 juxta
3123 3912 3300 3969 graeca
3340 3895 3434 3956 Jac

1827 3964 2127 4039 antiis,__otix
2159 3964 2276 4039 ἔχει
2304 3965 2463 4039 esse».

1898 4038 1977 4109 (7)
2009 4036 2123 4092 Non
2155 4036 2332 4094 existat
2362 4037 2521 4093 Pater
2549 4039 2602 4094 in
2633 4038 2820 4096 codice
2850 4038 3052 4097 Veron.

1824 4150 2190 4226 etnn_c:eteris
2216 4151 2286 4205 ad
2308 4153 2570 4226 unitatem.
2604 4152 2669 4226 Ut
2692 4153 2839 4208 enim
2866 4153 3166 4210 ltabeturin
3192 4156 3330 4226 psal.
3350 4173 3426 4224 LI,

1825 4239 1879 4276 η.
1916 4222 1977 4277 16
2007 4240 2019 4276 :
2045 4220 2315 4302 ﬂaturam
2347 4224 2480 4302 inae
2520 4225 2772 4302 universa:
2808 4226 2984 4302 carnis
3004 4220 3282 4302 assumpsit
3304 4271 3319 4297 ,
3346 4220 3436 4302 per

1821 4308 1974 4365 qnam
1999 4292 2217 4374 eﬂ’ectus
2243 4310 2361 4374 vera
2377 4297 2501 4374 citis
2517 4312 2680 4370 genus
2699 4298 2758 4352 in
2773 4312 2829 4352 se
2850 4300 3106 4354 uniuersa:
3128 4292 3429 4374 propaginis

1820 4376 1973 4439 tenet.
2002 4366 2153 4439 Quod
2181 4369 2426 4436 proxime
2452 4366 2654 4424 dictum
2687 4379 2793 4435 est,
2820 4386 2856 4425 ι
2876 4366 3137 4439 cor-parete
3156 4366 3315 4439 Ituqu
3334 4372 3438 4426 Iut-

1818 4438 2052 4493 militatis
2083 4441 2429 4527 assumptiq‘ite
2457 4444 2688 4525 formam
2716 4438 3278 4527 patermemtajestati’s
3303 4445 3439 4499 alie-

1823 4525 1991 4594 natas.
2022 4519 2201 4594 potest
2239 4512 2306 4567 ad
2343 4512 2617 4594 Christum
2666 4512 3084 4594 ipsum_referr_i
3110 4555 3126 4583 ,
3174 4512 3266 4586 qui
3312 4531 3433 4571 cum

184 4586 262 4658 (d)
287 4585 463 4651 Editi,
492 4585 549 4638 in
577 4585 746 4658 {oram
765 4599 893 4648 sua;
918 4594 973 4639 et
995 4569 1151 4658 mox:
1167 4584 1408 4658 informa
1431 4578 1529 4635 Dei
1552 4595 1581 4658 _:
1601 4594 1722 4658 cas-
1747 4569 1798 4629 D
1830 4569 2139 4658 paltni'ilins
2165 4598 2465 4655 congruere
2486 4569 2703 4654 volens;
2720 4586 2872 4658 carni
2891 4569 3126 4657 propria‘:
3150 4569 3434 4656 paternam

117 4652 350 4727 ligantur
382 4673 451 4713 ex
484 4652 616 4711 mss.
648 4654 869 4712 General
897 4671 1058 4726 porro
1088 4656 1137 4709 in
1177 4652 1480 4710 aeternitate
1509 4652 1717 4722 glorio-

118 4745 224 4784 snm
254 4728 551 4785 tribuendo
578 4741 860 4792 naturam;
891 4736 1102 4782 renouat
1129 4738 1308 4782 autem
1350 4729 1400 4780 in
1432 4737 1676 4793 tempore
1701 4762 1718 4789 ,

116 4810 403 4870 assumpto
433 4800 636 4854 homini
675 4798 1001 4870 indulgendo
1021 4799 1259 4854 divinam
1286 4798 1538 4868 gloriam.

180 4876 254 4946 (e)
282 4866 425 4930 uss.
458 4866 913 4946 Merlini._-Co'rh.
947 4881 1003 4925 ct
1033 4872 1237 4946 alii]th
1283 4866 1406 4934 alii,
1436 4866 1721 4946 secundum

116 4937 320 5000 carnem
372 4961 394 4999 :
435 4945 595 4999 male.
638 4942 793 4999 Colit.
822 4983 838 5009 ,
871 4945 1032 4999 Cum.
1071 4937 1137 4998 et
1160 4940 1347 4999 Germ.
1373 4980 1388 5007 ,
1434 4937 1719 4994 secundum

113 5017 379 5091 Qliﬂstum
408 5015 678 5091 ,_omissa
728 5030 859 5091 voce
908 5015 1166 5087 spiritum.
1215 5012 1498 5091 Malletnus
1541 5010 1717 5091 omitti

113 5087 404 5144 Christum.
439 5086 509 5144 Et
538 5086 591 5143 in
625 5087 689 5141 iis
718 5084 945 5157 quidem
977 5101 1107 5142 is.
1146 5102 1253 5142 non
1284 5084 1452 5143 semel
1480 5084 1720 5139 occurrit

113 5159 352 5216 Christus
386 5164 507 5215 loco
539 5159 787 5230 Spiritus.

175 5234 262 5306 (θ’)
296 5232 451 5306 Editi
492 5228 883 5306 ex'deterioris
926 5237 1080 5306 nam»
1110 5243 1244 5306 mss.
1286 5228 1376 5306 hic
1398 5228 1672 5306 addebant
1697 5269 1714 5293 ,

109 5300 313 5359 autem.
338 5305 583 5371 Quith
626 5304 713 5359 hic
741 5302 1036 5359 verborum
1070 5303 1227 5357 ludus
1255 5311 1340 5356 est
1367 5304 1507 5357 inter
1544 5300 1715 5355 Deum

106 5387 317 5444 natum,
348 5384 419 5431 et
442 5376 609 5431 Deum
638 5383 950 5438 mortuum;
985 5385 1167 5428 natum
1213 5373 1267 5428 in
1301 5373 1471 5444 gloria
1523 5387 1717 5427 secun-

105 5448 228 5503 dum
265 5448 580 5519 Spiritum,
628 5463 724 5502 seu
755 5458 911 5516 prout
944 5445 1176 5519 verbum
1204 5453 1324 5514 est,
1373 5455 1427 5501 et
1453 5444 1711 5501 donatum

106 5536 325 5577 rursum
361 5536 490 5575 esse
520 5519 578 5573 in
612 5519 786 5590 gloria
816 5518 1359 5590 secundumcarnem
1392 5526 1716 5590 postquam

104 5605 357 5649 ntortuus
388 5601 476 5662 est
512 5607 526 5645 :
558 5588 695 5646 adeo
734 5600 792 5645 ut
816 5588 985 5662 gloria
1013 5589 1213 5646 Christi
1243 5589 1337 5645 Dei
1377 5604 1408 5644 a
1437 5588 1721 5645 natlvitate

102 5666 202 5731 sit,
231 5661 491 5719 hominis
514 5672 695 5718 autem
723 5678 755 5718 a
778 5661 973 5718 morte.

169 5735 253 5811 (9)
284 5736 410 5811 ξε.
424 5733 586 5811 _Co_lh.
616 5750 740 5792 cum
766 5733 1072 5811 _Germ.,_ad
1101 5732 1541 5811 conﬁrmandum.

168 5802 261 5882 (ἦ)
299 5805 653 5882 Telleriantts
680 5806 852 5864 codex
869 5847 902 5882 ,_
926 5806 999 5882 ad
1034 5802 1332 5882 utilitatem.
1363 5803 1534 5882 prius
1560 5802 1722 5882 cato.

102 5875 251 5936 cum
277 5880 469 5937 altero
513 5878 787 5951 Sorbon.,
830 5877 902 5935 ad
947 5876 1315 5937 humilitatus.
1360 5875 1726 5939 Retinetth

1827 4655 2054 4725 gloriam
2096 4659 2409 4726 negaverit,
2442 4666 2497 4711 et
2546 4658 2615 4711 ita
2645 4671 2676 4711 a
2727 4655 2916 4713 formm
2947 4655 3092 4714 illius
3132 4655 3334 4714 unitate
3374 4673 3436 4714 se

1828 4728 2171 4782 alienaverit.
2217 4727 2408 4784 Verius
2442 4736 2620 4783 tamen
2665 4729 2767 4784 hoc
2801 4730 2870 4784 de
2918 4730 3178 4786 membris
3202 4730 3432 4795 Christi,

1828 4803 1896 4873 de
1937 4809 2050 4852 toto
2076 4800 2212 4873 scil.
2256 4800 2535 4873 hominum
2570 4815 2772 4871 genere
2809 4803 3151 4871 interpretari
3187 4812 3272 4857 est
3301 4820 3313 4856 :
3338 4803 3433 4873 qui

1829 4871 2004 4928 liceta
2032 4868 2249 4926 Christo
2275 4870 2538 4941 assutnpti
2557 4868 2655 4937 {in
2685 4885 2751 4944 eo
2778 4873 2923 4929 velut
2953 4868 3007 4928 in
3041 4876 3152 4931 vite
3182 4868 3436 4944 palmites

1828 4948 1969 5007 sint,
2014 4954 2048 4996 ι
2096 4952 2331 5011 paternte
2378 4953 2556 4998 tamen
2600 4943 2791 5013 gloria!
2838 4945 3116 5001 consortio
3162 4943 3436 5002 alienandi

1829 5025 1939 5069 tum
1984 5013 2427 5069 demonstrantur
2452 5056 2467 5080 ,
2509 5029 2632 5069 cum
2675 5018 3039 5073 ostenduntur
3064 5018 3375 5073 eradicandi
3402 5031 3432 5071 a

1828 5087 1990 5142 Patro
2011 5125 2025 5148 ,
2055 5095 2148 5141 aut
2186 5087 2249 5141 ob
2284 5086 2647 5156 infidelitatem
2672 5129 2689 5162 ,_
2719 5099 2811 5143 aut
2841 5090 2905 5144 ob
2928 5090 3267 5147 inutilitatem
3292 5093 3438 5162 [ruc-

1828 5169 1971 5212 tmmt
1992 5168 2315 5227 negatorttttt,
2342 5166 2401 5213 ut
2420 5174 2635 5214 rursum
2658 5160 2968 5218 declaratur
2986 5163 3106 5218 loco
3128 5160 3433 5219 morato

1824 5228 1881 5285 in
1908 5229 2045 5301 psal.
2074 5245 2151 5297 ιι,
2182 5246 2341 5302 quem
2374 5230 2598 5287 tidesis.

1898 5325 1959 5400 (i)
1998 5325 2272 5402 vetustior
2307 5342 2337 5381 e
2366 5342 2498 5402 mss.
2533 5326 2691 5383 Colb.
2727 5328 2998 5402 Aglorioste.
3033 5328 3201 5398 Magis
3246 5324 3428 5402 placet

1822 5396 1947 5455 cuni
1974 5396 2095 5453 aliis
2121 5401 2399 5467 curiosum,
2435 5399 2484 5454 id
2516 5409 2619 5466 est,
2652 5396 2949 5471 quicuram
2977 5396 3152 5473 gerat“.

1896 5495 1914 5567 (
1929 5496 1983 5567 j)
2010 5490 2068 5549 In
2104 5507 2208 5550 tus.
2241 5491 2362 5548 Vat.
2395 5491 2540 5567 bas.,
2569 5490 2907 5567 desecandos.
2941 5492 3145 5550 Deinde
3167 5491 3221 5548 in
3247 5490 3442 5564 'vulga-

1822 5564 1917 5695 iis:
1930 5564 2209 5636 deputant
2243 5581 2454 5621 arsuros
2479 5565 2655 5621 dicens
2684 5566 2777 5634 ita,
2807 5564 2908 5636 Qui
2933 5582 3035 5635 nte,
3064 5578 3198 5635 etc.,
3219 5576 3435 5637 pertur-

1861 5653 1889 5693 a
1921 5654 1971 5694 e.

1898 5729 2149 5816 (It)__Editi
2174 5730 2295 5816 hic,
2325 5730 2380 5816 in
2409 5730 2635 5816 ipsog‘et
2662 5729 2965 5816 adncalcetu
2994 5731 3211 5816 numeri
3240 5730 3442 5816 subse-

1825 5800 2067 5874 quentis,
2093 5802 2417 5875 gloriﬁcatur
2430 5800 2495 5856 in
2526 5800 2707 5858 Patre.
2732 5801 3073 5875 Reponitnus
3101 5805 3156 5861 iit
3180 5805 3437 5879 ipsumet

1825 5877 1882 5932 in
1902 5874 2116 5932 Patrem
2142 5875 2467 5933 auctoritate
2489 5888 2621 5931 mss.
