3988 6332
591 297 700 359 3'27

1809 299 2057 360 SANCTI
2098 298 2352 359 HlLARll
2393 282 2701 360 EPISCOPI
3727 320 3804 378 δίε

593 421 699 479 est,
728 420 785 468 ut
812 411 883 469 sit
908 411 960 467 in
982 410 1150 485 gloria
1175 410 1272 469 Dei
1293 410 1499 486 patris;
1528 411 1918 469 contumeliam
1948 413 2197 471 adscrihc
2224 418 2271 478 A
2301 415 2538 474 hzerctici
2575 416 2643 473 ad
2671 424 2883 475 naturae
2921 419 3304 477 contumeliam
3332 433 3538 482 Sumunt
3559 469 3572 495 ,
3606 429 3706 499 quia
3726 435 3807 492 dic.

596 514 802 561 natura:
837 521 850 558 :
883 505 929 561 si
962 520 1115 569 vero,
1148 504 1291 576 quod
1320 506 1389 561 ab
1415 521 1482 562 eo
1510 505 1865 576 gloriﬁcatur,
1899 505 2195 561 auctoritas

595 608 718 665 est;
757 599 971 656 Patrem
999 599 1262 672 majorem
1290 600 1345 656 in
1376 600 1714 673 gloriﬁcaudi
1751 603 2073 659 auctoritate
2099 617 2194 659 co-

594 709 815 766 gnosce.

670 789 761 845 56.
799 789 899 857 Qui
926 788 1085 846 Pater
1111 794 1304 862 maior,
1328 808 1419 847 nec
1434 787 1608 849 Filius
1625 794 1889 847 minor.—
1912 790 2049 860 Quid
2080 790 2195 848 dis-

599 884 974 953 pensationem
1018 883 1087 940 ad
1134 886 1467 956 impietatem
1508 886 1690 958 rapis?
1717 886 1855 954 Quid
1886 902 2199 943 sacramen-

600 983 711 1030 tum
749 985 953 1033 nostra:
983 976 1178 1034 salutis
1206 979 1416 1036 invadis
1443 978 1509 1036 ad
1554 979 1825 1036 mortem?
1850 981 2195 1037 Gloriﬁcatu-

599 1085 693 1126 rus
741 1070 938 1128 Filium
980 1071 1146 1129 Pater
1186 1073 1363 1145 major
1406 1081 1538 1130 est:
1571 1073 1903 1145 gloriﬁcatus
1947 1075 1998 1130 in
2041 1074 2200 1132 Patre

600 1163 768 1221 Filius
808 1166 988 1223 minor
1036 1182 1144 1223 non
1180 1176 1267 1224 est
1300 1168 1407 1223 Aut
1434 1167 1707 1239 quomodo
1737 1167 1915 1224 minor
1944 1178 2022 1225 est
2050 1210 2065 1235 ,
2106 1168 2200 1241 qui

598 1258 655 1315 in
683 1259 855 1331 gloria
896 1260 996 1317 Dei
1024 1262 1194 1332 patris
1217 1264 1343 1318 est?
1370 1260 1480 1318 Aut
1519 1264 1780 1334 numquid
1828 1263 1989 1320 Pater
2026 1264 2201 1337 major

600 1370 708 1409 non
741 1355 868 1412 est?
896 1355 1069 1427 Major
1094 1356 1277 1429 itaque
1302 1356 1463 1413 Pater
1485 1367 1590 1426 est,
1617 1357 1744 1414 dum
1770 1368 1921 1430 pater
1948 1370 2030 1415 est
2063 1376 2077 1414 :
2103 1359 2199 1416 sed

600 1444 790 1511 Filius,
839 1446 968 1502 dum
1009 1447 1155 1503 ﬁlius
1205 1457 1326 1514 est,
1381 1448 1545 1521 303
1597 1450 1775 1507 minor
1804 1466 1912 1506 non
1942 1461 2044 1508 est.
2094 1451 2200 1508 Na-

601 1537 785 1596 tivitas
831 1539 956 1597 Filii
1003 1551 1210 1613 patrem
1242 1546 1522 1600 constituit
1562 1544 1822 1617 majorem
1869 1566 1884 1605 :
1936 1547 2199 1604 minorem

600 1648 732 1691 vero
761 1633 956 1691 Filium
987 1651 1111 1694 esse
1137 1638 1434 1695 nativitatis
1463 1648 1656 1696 natura
1688 1655 1794 1696 non
1825 1642 2043 1712 patitur.
2087 1642 2199 1697 Ma-

2298 520 2409 568 tum
2441 523 2546 580 est,
2580 512 2739 568 Pater
2770 518 2938 585 major
2959 530 3040 571 me
3066 525 3182 571 est:
3209 516 3291 573 vel
3319 516 3443 575 illttd
3463 563 3476 587 ,
3503 519 3574 578 De
3590 524 3660 580 die
3680 540 3808 585 autem

2296 615 2344 660 et
2368 607 2495 661 liora
2517 623 2666 662 nemo
2697 608 2813 673 scit,
2844 624 3003 680 neque
3029 608 3217 683 Angeli
3237 611 3291 667 in
3318 612 3472 681 cretis,
3500 632 3642 688 neque
3662 617 3807 690 Filius,

2298 700 2400 754 nisi
2430 698 2588 755 Pater
2620 702 2764 756 solus
2797 701 2988 775 (Marc.
3022 716 3146 772 xm,
3173 704 3291 777 32).
3320 705 3572 778 lgnoratio
3597 727 3704 784 ergo
3733 716 3810 774 diei

2297 802 2460 865 atque
2488 794 2637 850 hora:
2663 794 2918 866 objicitur
2946 797 3221 870 unigenito
3249 798 3361 855 Deo
3394 819 3406 855 :
3432 812 3484 857 ut
3511 803 3636 860 Deus
3659 823 3713 863 ex
3735 810 3812 867 Deo

2298 896 2456 944 natus
2492 903 2597 944 non
2629 888 2700 944 sit
2728 891 2779 945 iu
2808 905 2869 946 ea
2897 901 3106 949 natura:
3133 894 3457 963 perfectione
3480 915 3575 968 qua
3599 899 3716 958 Deus
3737 915 3809 973 est,

2297 998 2420 1038 cum
2446 982 2723 1039 uescieudi
2757 985 3077 1042 necessitate
3102 986 3413 1045 dominante
3432 1031 3447 1058 ,
3467 990 3569 1063 jam
3594 993 3662 1050 vis
3682 994 3812 1068 aliqua

2299 1076 2534 1133 exterior
2576 1093 2642 1136 eo
2674 1081 2850 1150 potior
2900 1080 3006 1150 sit,
3054 1099 3175 1154 qua:
3221 1093 3485 1157 tamquam
3511 1086 3750 1146 adversum
3772 1108 3813 1149 se

2228 1240 2233 1247 τ
2301 1170 2629 1228 imbecillum
2676 1171 2729 1228 in
2780 1172 3096 1244 ignorantiae
3127 1192 3250 1231 eum
3296 1178 3595 1237 inﬁrmitate
3616 1180 3812 1240 detineat.

2301 1263 2439 1333 Quin
2479 1264 2641 1320 etiam
2691 1265 2759 1321 ad
2804 1266 2965 1335 hujus
3005 1284 3103 1324 nos
3154 1269 3518 1341 intelligentia:
3560 1273 3816 1343 impietatem

2301 1355 2681 1413 hazreticorum
2730 1357 2880 1414 furor
2921 1360 3043 1431 jure
3086 1361 3323 1433 quodam
3374 1363 3531 1438 305
3571 1371 3818 1427 necessarie

2301 1450 2662 1508 confessionis
2690 1453 2997 1524 compellit,
3034 1465 3091 1510 ut
3140 1457 3209 1511 ita
3259 1458 3578 1515 credendum
3616 1462 3702 1528 sit;
3732 1463 3817 1533 quia

2304 1552 2359 1600 et
2384 1561 2413 1600 a
2463 1545 2690 1604 Domino
2721 1548 2792 1603 ita
2820 1549 3022 1605 dictum
3055 1552 3162 1617 sit,
3194 1562 3249 1608 et
3288 1552 3460 1610 videri
3504 1555 3819 1628 irreligiosissi-

2305 1652 2451 1693 mum
2499 1641 2707 1709 possit,
2743 1640 3094 1711 professionis
3124 1646 3244 1715 ejus
3271 1645 3339 1702 de
3370 1662 3428 1703 se
3457 1650 3816 1718 prote~tatiunem

596 1725 687 1797 jor
712 1726 873 1784 Pater
898 1737 1025 1797 est,
1067 1729 1195 1786 dum
1223 1731 1449 1803 gloriam
1481 1741 1763 1804 assumpto
1794 1732 1999 1789 homini
2044 1748 2205 1806 roga-
2304 1730 2534 1787 diversae
2565 1733 2935 1806 intelligentia:
2967 1747 3164 1793 nostra:
3194 1739 3453 1809 opinione
3482 1744 3737 1814 corrumpi.

602 1830 691 1878 tur
733 1833 793 1878 ut
819 1820 1014 1878 reddat
1041 1839 1055 1876 :
1088 1822 1262 1880 Filius
1288 1824 1465 1881 minor
1512 1842 1619 1882 non
1660 1837 1777 1891 est,
1809 1826 1938 1882 dum
1964 1827 2193 1898 gloriam
2226 1821 2275 1883 B
2372 1824 2461 1881 59.
2493 1830 2689 1882 Auctor
2714 1829 2943 1883 omnium
2981 1830 3058 1884 nil
3085 1841 3249 1903 potest
3280 1834 3493 1889 nescire.
3542 1835 3632 1902 Qui
3654 1853 3819 1907 quam

600 1913 831 1971 resumit
867 1914 1009 1987 apud
1056 1915 1297 1972 Patrem.
1355 1918 1531 1990 Atque
1576 1919 1648 1974 ita
1699 1927 1749 1975 et
1796 1929 2195 1977 sacramentum

599 2007 897 2063 nativitatis
928 2049 945 2076 ,
992 2018 1048 2064 et
1097 2008 1430 2080 dispensatio
1481 2012 1878 2083 corporatiouis
1923 2013 2194 2082 impletur.

596 2100 732 2158 Nam
760 2110 815 2158 et
854 2103 1036 2171 Pater,
1080 2103 1205 2160 dum
1247 2113 1302 2160 et
1341 2115 1493 2176 pater
1518 2116 1603 2162 est
1643 2116 1701 2162 et
1742 2106 2012 2178 gloriﬁcat
2057 2121 2201 2164 nunc

597 2196 769 2253 filium
797 2196 1069 2263 hominis,
1102 2198 1277 2269 major
1304 2208 1392 2256 est
1420 2217 1436 2254 :
1463 2208 1520 2255 et
1563 2198 1724 2256 Pater
1752 2209 1806 2256 et
1835 2199 2001 2255 Filius
2035 2215 2199 2256 unum

596 2301 743 2360 sunt,
767 2291 895 2348 dum
922 2307 989 2349 ex
1019 2292 1184 2350 Patre
1209 2300 1366 2349 natus
1398 2293 1590 2361 Filius,
1620 2302 1743 2366 post
1769 2295 2199 2367 assumptionem

500 2386 509 2389 ⁷
596 2384 800 2441 terreni
838 2383 1088 2456 corporis
1112 2385 1447 2458 gloriﬁcatur
1470 2385 1524 2441 in
1553 2385 1791 2443 Patrem.

670 2477 760 2532 57.
786 2475 1216 2534 lnnascibilitatis
1242 2486 1289 2533 et
1319 2478 1596 2533 natiuitatis
1623 2495 1725 2535 non
1747 2479 1853 2534 alia
1881 2488 2089 2535 natura.
2108 2478 2206 2535 Fi-
2242 2504 2245 2507 ·

598 2568 701 2625 lius
727 2577 880 2625 natus
908 2586 1013 2625 non
1041 2579 1253 2642 coeptus.
1283 2600 1356 2611 —
1381 2568 1498 2624 Non
1529 2568 1692 2626 habet
1735 2570 1919 2641 itaque
1948 2572 2205 2629 nativitas

602 2671 809 2719 natura:
838 2662 1230 2735 ignobilitatem
1264 2680 1279 2720 :
1308 2662 1432 2733 quia
1464 2662 1518 2718 in
1561 2662 1733 2719 forma
1774 2664 1872 2720 Dei
1909 2676 1994 2722 est
2021 2708 2036 2733 ,
2081 2667 2204 2736 quia

602 2770 670 2812 es
712 2755 825 2812 Deo
852 2757 1115 2812 nascitur.
1149 2756 1218 2811 Et
1246 2771 1371 2813 cum
1402 2754 1625 2813 differre
1661 2756 2057 2828 significatione
2086 2756 2206 2830 ipsa

601 2847 945 2905 existimetur
983 2847 1378 2905 innascihilitas
1419 2863 1451 2904 a
1490 2848 1807 2915 nativitate;
1845 2850 2097 2906 nativitas
2127 2859 2208 2907 ta-

602 2957 728 2999 men
759 2956 866 2997 non
897 2952 980 2998 est
1000 2951 1153 2997 extra
1169 2940 1609 2997 innascibilitatis
1638 2953 1910 3009 naturam,
1943 2943 2067 3015 quia
2096 2957 2207 2999 non

601 3034 1065 3108 sumpsitaliunde
1091 3034 1235 3107 quod
1263 3034 1675 3092 substitit.Nam
1700 3035 1915 3092 tametsi
1940 3052 2046 3092 non
2070 3051 2205 3093 cou-

602 3140 785 3189 secuta
808 3130 902 3200 sit,
928 3139 990 3186 ut
1010 3128 1414 3187 coinnascibilis
1435 3129 1631 3186 effecta
1661 3128 1767 3193 sit;
1796 3132 2005 3201 accepit
2027 3141 2205 3186 tamen

2300 1919 2356 1974 in
2392 1935 2448 1974 se
2474 1937 2565 1974 nec
2592 1936 2682 1993 per
2709 1937 2763 1976 se
2792 1922 2893 1976 sint
2920 1924 3037 1991 scit,
3069 1927 3226 1980 multo
3257 1928 3422 1999 magis
3441 1942 3551 1998 qua:
3582 1928 3627 1983 in
3653 1947 3695 1984 se
3712 1938 3821 1999 etper

2301 2026 2374 2066 se.
2408 2009 2534 2067 Dies
2554 2009 2768 2068 Domini
2787 2030 2877 2087 per
2901 2015 3071 2084 ipsum
3098 2027 3144 2072 et
3171 2018 3224 2073 in
3250 2018 3366 2090 ipso
3395 2021 3653 2077 constituta
3684 2031 3753 2077 est.
3774 2050 3820 2063 -—

2302 2101 2381 2160 Ac
2409 2105 2645 2176 primum
2689 2117 2815 2163 ante
2843 2124 3004 2180 quam
3049 2110 3176 2166 dicti
3206 2113 3353 2169 ratio
3396 2124 3450 2169 et
3489 2130 3637 2170 causa
3673 2132 3820 2172 memo-

2302 2205 2489 2264 retur,
2529 2214 2693 2256 sensu
2725 2203 3029 2259 communis
3054 2204 3243 2275 judicii
3278 2205 3353 2281 (b)
3398 2210 3708 2266 sentiendum
3735 2220 3819 2279 est,

2304 2305 2372 2346 an
2389 2292 2649 2348 credibile
2672 2309 2793 2352 esse
2812 2296 3004 2367 possit,
3021 2310 3080 2352 ut
3096 2297 3298 2369 aliquid
3323 2315 3392 2355 ex
3410 2302 3646 2359 omnibus
3660 2302 3819 2367 nesciat,

2304 2383 2395 2456 qui
2427 2385 2679 2443 omnibus
2705 2388 2771 2443 ad
2804 2387 2856 2443 id
2886 2389 3033 2461 quod
3063 2405 3188 2447 sunt
3217 2402 3385 2464 atque
3407 2405 3732 2452 eruntauctor
3752 2403 3819 2451 est.

2306 2480 2365 2537 Si
2404 2481 2549 2538 enim
2581 2483 2763 2540 omnia
2808 2501 2906 2555 per
2947 2485 3226 2543 Christum
3272 2497 3328 2544 et
3368 2490 3423 2546 iu
3450 2489 3683 2560 Christo,
3718 2501 3756 2547 et
3776 2490 3823 2545 ita

2309 2593 2404 2650 per
2430 2578 2631 2650 ipsum,
2656 2589 2715 2636 ιιι
2744 2579 2923 2637 omnia
2954 2582 3005 2638 in
3037 2583 3154 2654 ipso
3181 2583 3328 2651 sint;
3364 2583 3418 2642 id
3446 2586 3583 2658 quod
3609 2601 3745 2656 neque
3762 2600 3823 2639 et-

2309 2679 2391 2727 tra
2439 2688 2561 2728 eum
2612 2688 2790 2746 neque
2840 2691 2944 2730 non
2996 2692 3093 2747 per
3141 2693 3265 2733 eum
3312 2688 3432 2748 est,
3483 2678 3720 2751 quomodo
3753 2692 3823 2732 non

2308 2765 2471 2824 etiam
2504 2769 2558 2823 in
2589 2768 2813 2826 scientia
2844 2771 2963 2841 ejus
2992 2771 3097 2840 sit,
3127 2787 3251 2828 cum
3283 2773 3601 2846 plerumque
3628 2773 3822 2843 (c)scien-

2310 2861 2377 2920 tia
2407 2861 2527 2934 ejus
2551 2879 2636 2929 ea,
2670 2879 2789 2936 qua:
2816 2879 2991 2936 neque
3036 2865 3087 2922 in
3114 2881 3175 2922 se
3209 2882 3393 2938 neque
3425 2883 3521 2940 per
3546 2882 3601 2923 se
3627 2866 3740 2933 sint,
3764 2878 3824 2935 per

2310 2957 2562 3014 virtutem
2615 2969 2822 3015 natura;
2874 2958 2951 3031 (ά)
2983 2975 3090 3017 non
3138 2961 3337 3019 nescia:
3384 2961 3752 3035 apprehendat?
3782 2961 3826 3012 At

2310 3065 2440 3107 vero
2471 3051 2614 3124 quod
2654 3067 2872 3109 causam
2906 3054 3007 3110 nisi
3040 3071 3103 3111 ex
3133 3071 3200 3112 eo
3231 3073 3340 3112 non
3373 3058 3572 3124 sumit,
3602 3055 3661 3131 (ε)
3686 3064 3727 3111 et
3748 3067 3827 3109 mo-

2313 3154 2422 3200 tum
2452 3144 2518 3201 ad
2544 3145 2615 3212 id,
2644 3143 2722 3219 (Ξ)
2752 3147 2893 3218 quod
2920 3154 3005 3204 est
3038 3148 3270 3220 eritque,
3303 3151 3410 3207 nisi
3437 3151 3573 3207 intra
3598 3165 3650 3206 se
3673 3163 3750 3204 non
3769 3160 3828 3201 cas

602 3240 671 3281 ex
707 3223 1014 3281 innascibili
1044 3223 1157 3279 Deo
1183 3237 1306 3280 esse
1350 3222 1499 3295 quod
1539 3224 1684 3280 Deus
1712 3231 1815 3279 est.
1856 3222 2020 3280 Fides
2045 3222 2209 3295 igitur
2233 3232 2280 3297 ρ
2313 3235 2387 3308 pi.
2415 3253 2429 3304 ;
2459 3238 2731 3308 quomodo
2771 3247 2923 3295 eum
2951 3239 3069 3310 eius
3108 3250 3315 3298 natura,
3344 3241 3619 3300 sciemiam
3650 3247 3743 3305 εει,
3766 3250 3828 3307 ρετ

604 3327 812 3387 nostra,
845 3319 952 3377 etsi
999 3320 1209 3374 initium
1262 3318 1563 3376 nativitatis
1592 3334 1702 3376 non
1746 3317 2163 3390 apprehendens
2186 3359 2203 3388 ,

604 3412 941 3484 unigenitum
972 3412 1144 3469 Deum
1176 3426 1396 3483 semper
1435 3411 1676 3482 (supple,
1709 3410 1853 3482 esse)
1882 3412 2201 3482 proﬁtetur;

604 3509 730 3582 quia
782 3517 973 3565 natura
1020 3524 1127 3565 nou
1172 3507 1348 3576 ferat,
1382 3517 1440 3564 ut
1467 3506 1702 3580 coepisse
1742 3522 1867 3563 eum
1909 3506 2205 3579 aliquando

604 3604 950 3671 conﬁteatur,
981 3604 1138 3676 cujus
1169 3601 1426 3659 nativitas
1447 3617 1610 3659 omne
1632 3600 1771 3657 initii
1801 3611 2013 3673 tempus
2037 3616 2202 3657 exce-

605 3699 717 3757 dat.
750 3697 858 3757 Sed
887 3714 1049 3770 quem
1075 3712 1294 3769 semper
1316 3712 1439 3753 esse
1470 3705 1524 3753 et
1553 3704 1682 3751 ante.
1710 3704 1952 3765 tempora
1980 3688 2204 3751 conﬁte-

606 3803 716 3860 tur,
746 3802 930 3849 natum
963 3802 1142 3849 tamen
1173 3794 1252 3864 (a)
1284 3789 1627 3861 intemporali
1659 3789 1925 3845 inﬁnitate
1952 3804 2061 3844 non
2089 3804 2203 3843 am-

604 3886 762 3960 bigit,
785 3901 912 3944 eum
941 3895 1123 3943 tamen
1149 3884 1230 3959 (1)
1258 3900 1328 3943 ex
1353 3883 1691 3942 ininitiabilis
1716 3882 2086 3957 intelligentia:
2112 3900 2209 3942 na-

605 3981 815 4039 tivitate
842 3980 1111 4038 confessa.

676 4074 768 4132 58.
805 4072 1065 4150 Objicitur
1086 4085 1265 4129 contra
1290 4089 1404 4130 eum
1430 4072 1688 4146 ignoratio
1713 4070 1835 4129 diei.
1866 4103 1936 4113 —
1964 4070 2073 4131 Sed
2103 4071 2207 4130 hoc

706 4219 759 4280 il
791 4218 876 4275 Ea:
892 4217 1183 4274 initiabilis.

706 4220 759 4280 ll
791 4220 1183 4275 Exinitiabilis.

676 4220 756 4362 ὃ)
785 4289 944 4347 Prius
966 4289 1187 4362 quidem
1217 4286 1499 4362 legebatur
1522 4286 1575 4342 in
1602 4285 1790 4362 codice
1810 4285 1996 4362 Veron
2001 4325 2038 4351 .,
2068 4285 2206 4362 quod

602 4357 920 4434 est'eritque;
949 4357 1046 4418 sed
1074 4357 1312 4417 secunda
1359 4374 1522 4414 manu
1546 4358 1892 4414 emendatum
1926 4357 2044 4426 fuit,
2075 4358 2212 4430 quod

679 4498 1026 4585 intimi.“
1054 4496 1343 4585 tamen“;
1379 4493 1857 4585 πεάὲξὲφῆ
1880 4494 2212 4585 “unitate:

606 4564 886 4630 ralifMox
932 4564 1025 4627 Er.
1067 4564 1192 4640 post
1234 4567 1402 4640 Bad.,
1450 4582 1514 4640 ea:
1552 4565 1881 4640 innitiabilis.
1923 4564 2049 4621 Par.
2080 4564 2210 4640 post

606 4645 755 4717 Lips.
784 4687 801 4711 ,
850 4658 914 4699 ea:
959 4636 1247 4717 initiabilis.
1298 4637 1599 4717 Sequimur
1644 4653 1776 4693 mss.
1825 4636 2213 4717 Non_ambigit

607 4709 764 4782 ﬁdes,
789 4709 973 4771 natum
1001 4712 1329 4778 intemporali
1359 4710 1627 4766 natiuitate
1649 4751 1665 4777 ,
1695 4725 1855 4781 quem
1900 4709 2004 4782 scit
2031 4717 2212 4762 natum

606 4792 672 4845 ab
690 4781 906 4855 interno,
925 4788 1241 4844 nativitatem
1262 4784 1493 4839 videlicet
1512 4798 1575 4855 ea:
1589 4793 1803 4852 paterna
1822 4781 2106 4855 (vternitnte
2116 4797 2212 4855 _su_-

607 4874 847 4926 mentcm,
881 4851 939 4915 nt
958 4860 1158 4915 dicitur
1188 4856 1282 4911 lib.
1316 4871 1389 4919 iv,
1424 4871 1479 4910 ιι.
1512 4852 1567 4910 6.
1591 4851 1738 4909 Eum
1771 4855 1935 4910 etiam
1960 4869 2025 4907 ea:
2052 4851 2214 4926 inini-

609 4933 803 5014 tiabilis
830 4924 1191 5014 intelligentia
1231 4929 1494 5014 natiuitate
1536 4927 1844 5014 conﬁtetur,
1867 4933 2072 5014 ιιιιιοιρ
2111 4924 2214 5014 ini-

608 5006 735 5061 tium
764 4995 1045 5059 nativitati's
1071 5018 1172 5057 non
1194 4998 1615 5071 apprehendens,
1632 5009 1695 5071 ut
1726 5000 1972 5071 proxime
1997 4995 2214 5071 diceba-

607 5083 697 5133 tur
731 5098 746 5134 :
775 5076 975 5133 clarius
1015 5083 1195 5130 autem
1239 5068 1332 5127 lib.
1379 5086 1477 5135 xu,
1521 5086 1575 5124 ιι.
1609 5070 1716 5137 '51,
1762 5070 1887 5141 quia
1927 5069 1973 5141 si
1995 5068 2120 5141 quia
2148 5069 2212 5121 de

604 5148 750 5205 Filio
784 5164 927 5203 mens
960 5156 1218 5203 retroacta
1252 5142 1594 5208 scrutabitur,
1626 5142 1758 5198 nihil
1778 5140 1934 5197 aliud
1973 5147 2211 5195 scrutan-

606 5222 673 5278 tis
701 5220 895 5286 sensui,
929 5234 1083 5291 quam
1109 5227 1289 5273 natum
1316 5230 1428 5270 esse
1452 5223 1500 5271 et
1520 5229 1724 5285 semper
1745 5230 1874 5280 esse,
1899 5227 2098 5284 semper
2119 5227 2208 5267 oc-

606 5304 909 5438 οᾝῗῆιιι.
934 5363 1052 5438 bas.
1068 5376 1195 5429 ms.,
1211 5373 1411 5438 sensum
1429 5356 1710 5413 communis
1722 5355 1911 5438 judicii
1929 5357 2206 5438 interrogo,

645 5429 753 5493 uid'
779 5434 1099 5492 sentiendum
1148 5442 1219 5489 est
1272 5446 1292 5487 :
1339 5430 1605 5502 glossema
1654 5430 1927 5502 subolet,
1965 5429 2104 5483 sicut
2153 5436 2209 5482 et

662 5510 824 5565 artin.
848 5509 899 5564 in
933 5522 1041 5579 quo
1066 5507 1282 5577 legitur,
1312 5501 1572 5579 interrege
1602 5518 1669 5556 an
1698 5501 2014 5579 sentiendum
2037 5508 2131 5554 est.

681 5580 756 5650 (c)
792 5570 984 5635 Excusi
1008 5620 1024 5646 ,
1058 5570 1275 5635 scicntia
1317 5592 1376 5650 ea
1418 5570 1594 5650 etiam,
1636 5575 1839 5630 omisso
1867 5574 1982 5644 ejus
2007 5610 2020 5633 ,
2063 5570 2209 5650 quod

607 5644 779 5723 probe
824 5644 1085 5723 exhibent
1126 5644 1551 5723 nissrChristus
1596 5656 1653 5701 ut
1699 5660 1861 5700 causa
1901 5644 2206 5712 generalis,

608 5718 856 5797 proxime
897 5722 1130 5800 euntibus
1155 5721 1225 5776 ad
1264 5720 1322 5775 id
1346 5718 1483 5792 quod
1524 5728 1641 5772 sunt
1670 5726 1835 5800 atque
1856 5723 2001 5797 erant
2032 5724 2210 5770 auctor

608 5790 851 5868 asset-tus
876 5801 963 5868 est
984 5810 1007 5868 _:
1041 5792 1129 5849 hic
1160 5807 1287 5848 vero
1315 5790 1375 5848 ut
1415 5802 1579 5868 causa
1611 5790 1974 5860 particularis,
2009 5800 2207 5868 appre-

612 5865 850 5925 hendere
891 5864 1090 5922 dicitur
1131 5879 1250 5936 quae
1292 5876 1453 5937 neque
1491 5860 1547 5917 in
1579 5877 1635 5918 se
1664 5877 1825 5933 neque
1864 5873 1956 5932 per
1992 5873 2047 5914 se
2069 5860 2208 5931 sint,

2235 4607 2290 4668 D

2311 3345 2473 3401 quam
2513 3339 2568 3386 et
2606 3330 2659 3385 in
2689 3346 2792 3403 qua
2827 3331 2879 3387 id
2911 3331 3053 3404 quod
3085 3331 3438 3391 efﬁciendum
3475 3336 3543 3391 sit
3566 3325 3831 3390 continetur?

2307 3421 2676 3494 Cogitationes
2721 3438 2956 3496 namque
2982 3424 3249 3482 humanas
3288 3442 3401 3484 non
3450 3429 3614 3484 solum
3649 3417 3829 3498 prascnli

2310 3524 2458 3571 motu
2490 3516 2760 3586 incitatas,
2790 3515 2885 3574 sed
2913 3519 3077 3575 etiam
3110 3519 3374 3577 instinctu
3402 3520 3590 3578 futura:
3616 3512 3832 3575 voluntatis

2309 3606 2590 3678 agitandus
2614 3650 2631 3676 ,
2664 3608 2923 3666 Dominus
2967 3610 3215 3668 Christus
3254 3628 3366 3669 non
3397 3613 3623 3686 ignorat,
3653 3609 3831 3677 Evangc'

2311 3699 2435 3757 lista
2467 3708 2701 3759 testante
2734 3720 2747 3756 :
2778 3701 2990 3760 Sciebat
3019 3706 3151 3761 enim
3176 3703 3330 3761 Iesus
3353 3706 3418 3761 ab
3444 3706 3604 3769 initio,
3631 3702 3704 3774 qui
3721 3704 3832 3756 essem

2308 3811 2411 3850 non
2434 3796 2695 3853 credentes
2725 3796 2806 3871 (3)
2832 3808 2880 3854 et
2907 3800 2996 3871 qui
3021 3810 3148 3856 esset
3168 3800 3462 3857 traditurus
3486 3817 3597 3858 eum
3621 3798 3765 3873 (lacn.
3781 3808 3832 3861 tl,

2310 3889 2426 3965 65).
2458 3891 2675 3949 Natura:
2713 3910 2844 3966 ergo
2871 3896 2988 3968 ejus
3031 3896 3231 3965 virtus,
3264 3915 3388 3970 qua:
3420 3896 3745 3970 cognitionem
3777 3903 3835 3944 re-

2308 3998 2429 4039 rum
2475 3999 2584 4040 non
2619 3987 2946 4043 eXStantium
2975 3989 3155 4060 capit,
3200 4000 3255 4046 et
3297 3989 3682 4061 quiescentium
3711 3981 3832 4040 adhuc

2310 4075 2612 4133 animorum
2663 4077 2932 4137 subiturus
2991 4081 3401 4154 iuquietudines
3432 4098 3537 4140 non
3580 4070 3833 4155 ignorat.id

2311 4224 2389 4273 est
2415 4216 2753 4288 eateriorque.

2382 4289 2465 4362 (3)
2498 4290 2567 4345 Et
2585 4294 2698 4362 quis
2718 4301 2865 4350 esset.

2316 4505 2466 4569 puta,
2493 4497 2846 4570 cogitationes
2866 4498 3092 4556 alienas.
3116 4499 3353 4555 Rursum
3380 4512 3595 4556 movere
3615 4499 3758 4570 potest
3771 4499 3838 4570 ait

2316 4560 2613 4643 plerumque
2638 4587 2658 4625 :
2684 4586 2751 4625 an
2781 4585 2888 4626 non
2916 4573 3094 4626 omnia
3124 4571 3519 4643 apprehendit?
3542 4560 3840 4643 Appreliendit

2314 4636 2540 4711 quidem
2561 4643 2783 4712 omnia,
2831 4644 2926 4699 sed
2986 4636 3257 4699 suam'de
3301 4636 3840 4712 nonnullis'dumuut

2315 4704 2595 4769 scientiam
2621 4704 2960 4770 manifestam
2991 4713 3138 4771 fecit.
3167 4714 3265 4770 llic
3288 4716 3439 4770 enim
3458 4711 3742 4770 vncahulum
3765 4704 3839 4775 ple-

2315 4801 2546 4854 rumque,
2574 4802 2680 4841 non
2708 4786 2969 4857 majorem
3002 4798 3231 4856 partem,
3260 4788 3356 4843 sed
3383 4782 3838 4857 indeﬁnitealiquain

2316 4841 2624 4930 signiﬁcat:
2653 4872 2759 4929 qua
2784 4841 3142 4930 intelligentia
3167 4841 3498 4915 aliis—ctiam
3516 4841 3755 4916 Panibus;
3774 4841 3840 4901 θεά

2316 4933 2549 4986 maxime
2572 4929 2836 5001 Gregorio
2861 4930 3021 5001 Papte
3049 4929 3318 4988 familiare
3343 4941 3452 4988 est.

2389 5020 2467 5097 (ά)
2498 5024 2654 5093 Apud
2683 5024 2893 5097 Bad.et
2918 5023 3038 5089 Er.,
3063 5039 3163 5078 non
3184 5022 3436 5080 nesciens.
3465 5022 3519 5077 In
3541 5034 3644 5097 uno
3667 5029 3751 5097 nis.
3773 5009 3843 5065 ιι-

2317 5088 2407 5152 ιὶοζ
2436 5088 2492 5151 et
2520 5088 2693 5152 altero
2718 5096 2977 5165 Sorbou.,
3007 5088 3109 5150 non
3143 5097 3337 5150 nesciat
3367 5105 3416 5150 et
3436 5088 3769 5168 apprehendat.

2389 5206 2462 5280 (c)
2487 5210 2606 5280 Duo
2634 5223 2764 5264 mss.
2791 5208 2948 5265 Coll).
2979 5225 3100 5263 cum
3125 5209 3338 5276 Germ.,
3368 5218 3502 5265 etne
3527 5217 3720 5280 malum.
3746 5197 3843 5252 Tum

2314 5279 2454 5351 apUd
2487 5279 2643 5347 Bad.,
2677 5280 2745 5334 ad
2771 5279 2825 5333 id
2847 5280 2986 5349 quod
3013 5291 3088 5352 est
3108 5282 3329 5336 exterior
3353 5281 3570 5352 eritque,
3596 5279 3643 5332 in
3668 5287 3756 5352 uno
3777 5282 3843 5352 Cof

2316 5347 2435 5409 dice
2457 5352 2653 5419 Vatic.,
2684 5351 2822 5407 Tell.
2842 5347 2894 5406 et
2920 5351 3102 5417 Vind.,
3133 5352 3201 5405 ad
3228 5352 3284 5406 id
3307 5352 3446 5421 quod
3464 5347 3548 5407 est
3571 5347 3845 5421 exteriorqut;

2316 5425 2368 5500 in
2396 5414 2671 5500 sorbom,
2701 5429 2768 5478 ad
2796 5424 2851 5477 id
2888 5424 3025 5497 quod
3066 5414 3139 5500 est
3177 5414 3532 5500 exterioraque
3572 5439 3589 5500 :_
3623 5414 3844 5500 mentior“)?

2316 5496 2428 5553 Hoc
2458 5499 2631 5567 ipsum
2661 5493 3042 5565 argumentum
3072 5497 3153 5551 sic
3189 5494 3371 5567 paucis
3401 5493 3695 5567 perstringit
3716 5497 3760 5543 et
3779 5496 3845 5567 ex:

2313 5559 2493 5639 plicat'
2515 5559 2751 5640 Cyrillus
2774 5568 2868 5640 lib.
2900 5567 3162 5623 Thesauri
3192 5559 3317 5639 pag.
3333 5559 3446 5622 2TB
3474 5585 3487 5620 :
3520 5559 3845 5640 Propriufnfff

2325 5629 2508 5705 Verbo,
2535 5629 2789 5711 q'uatenus
2831 5636 3050 5693 Verbum
3074 5650 3149 5693 est
3168 5629 3356 5711 [nosse
3383 5653 3559 5694 eorum
3574 5629 3679 5708 qua!
3694 5629 3747 5683 ab
3763 5633 3845 5711 iP’f

2311 5712 2518 5768 condita
2545 5706 2665 5766 sunt
2691 5712 2947 5782 principia
2972 5720 3020 5766 et
3048 5711 3196 5779 ﬁnes.
3233 5709 3406 5766 Unum
3431 5725 3546 5766 vero
3567 5706 3741 5769 eorum,
3763 5706 3846 5764 φητ

2312 5784 2375 5867 ab
2392 5785 2517 5867 ipso
2545 5783 2754 5867 condita
2776 5792 2896 5867 sunt
2916 5825 2949 5867 ,Α
2966 5792 3038 5838 est
3064 5791 3265 5867 ternpus
3301 5791 3398 5867 :Let
3438 5783 3524 5854 qui
3550 5790 3729 5849 tentpus
3751 5784 3844 5826 con-

2313 5854 2466 5926 didit,
2497 5872 2651 5927 quam
2677 5855 2769 5912 diu
2797 5854 3104 5911 duraturum
3131 5854 3197 5911 sit
3217 5855 3377 5911 novit.
