3988 6332
153 293 247 350 5ἓο

1349 294 1438 352 DE
1466 291 1838 354 TRlNlTATE
1882 288 2077 353 LIBER
2114 296 2202 357 IX.

3331 322 3436 385 550

152 406 279 478 quod
304 421 395 464 ner
424 421 483 464 se
511 407 758 480 intraque
783 424 842 466 se
871 419 987 479 est,
1028 412 1268 470 nescisse
1296 411 1733 503 existimaltitur?‘
1762 413 1805 473 Α
1838 416 2270 481 prmseientiam?
2300 419 2556 478 liumanm
2585 425 2723 483 istud
2750 431 3097 491 conscientia?
3126 455 3230 496 non
3257 453 3436 515 potest

153 500 212 557 Et
255 500 411 556 alieni
445 513 638 571 potens
662 545 678 569 ,
728 504 996 574 impotens
1026 506 1108 561 sui
1155 517 1266 571 est;
1296 506 1363 561 de
1394 521 1502 573 quo
1528 500 1729 560 dictum

149 592 562 662 meminerimus,
582 596 771 652 Omnia
792 614 882 668 per
902 599 1093 671 ipsum,
1117 608 1163 654 et
1185 600 1237 653 in
1260 599 1371 671 ipso
1399 610 1568 652 creata
1588 606 1729 663 sunt,

146 698 188 744 ιι
204 690 304 757 ipse
329 696 403 743 est
421 698 539 744 ante
564 705 740 745 omnes
756 688 978 764 (Coloss.
999 708 1039 755 ι,
1071 690 1197 764 16);
1228 691 1311 746 vel
1338 690 1489 758 illud,
1512 690 1647 756 Quia
1674 690 1729 744 in

148 782 249 853 ipso
273 782 581 855 complacuit
611 799 810 837 onmem
835 784 917 857 (i)
948 784 1320 856 plenitudinem
1344 784 1650 848 inhabitare,
1679 791 1728 837 et

151 892 230 950 per
257 876 426 947 ipsum
452 878 779 933 reconciliari
820 878 994 933 omnia
1035 876 1110 951 (a)
1144 879 1197 933 in
1224 894 1341 933 eum
1368 876 1559 950 (lbid.,
1595 875 1727 949 19)?

143 969 261 1025 Cum
283 968 445 1041 igitur
468 969 646 1025 omnis
674 970 726 1025 in
754 984 820 1027 eo
865 972 936 1025 sit
969 970 1265 1041 plenitudo,
1313 979 1368 1026 et
1419 971 1596 1026 omnia
1631 985 1727 1042 per

145 1046 300 1135 ipsum
327 1073 385 1120 et
413 1066 466 1119 in
497 1064 618 1135 ipso
642 1064 1060 1121 reconcilientur
1084 1106 1098 1131 ,
1128 1074 1183 1121 et
1208 1064 1324 1122 dies
1356 1064 1447 1120 illa
1477 1065 1722 1120 reconci-

141 1155 359 1211 liationis
386 1162 588 1211 nostra:
612 1157 944 1224 exspecuttio
966 1154 1036 1211 sit
1065 1170 1081 1211 :
1115 1154 1250 1210 lianc
1275 1155 1367 1211 ille
1394 1142 1538 1211 diem
1565 1157 1721 1226 igno-

140 1259 242 1316 rat,
290 1248 446 1319 cujus
484 1259 540 1305 et
579 1249 634 1306 in
682 1264 745 1306 se
776 1261 986 1320 tempus
1027 1258 1145 1317 est,
1180 1259 1236 1305 et
1276 1266 1369 1319 per
1409 1265 1719 1306 sacramen-

141 1354 237 1400 tum
257 1341 328 1415 (b)
350 1343 470 1414 ejus
495 1344 614 1399 εειῖ
638 1344 844 1399 Etenim
871 1343 1137 1401 adventus
1157 1343 1236 1398 sui
1264 1343 1382 1398 dies
1409 1343 1508 1399 ista
1529 1351 1633 1412 est,
1652 1344 1721 1399 de

138 1452 226 1507 qua
254 1435 548 1508 Apostolus
574 1437 687 1502 ait,
732 1433 864 1490 Cum
887 1446 1056 1491 autem
1096 1435 1260 1510 305
1292 1435 1523 1490 Christus
1555 1452 1721 1509 appu-

138 1531 278 1588 ruerit
334 1532 441 1585 vita
480 1540 683 1595 vestra,
743 1538 867 1584 tunc
912 1539 960 1584 et
1004 1544 1091 1584 nos
1137 1546 1254 1583 cum
1308 1545 1369 1583 eo
1406 1528 1720 1600 apparebitis

139 1626 208 1697 (2)
232 1627 281 1681 in
308 1626 477 1698 gloria
499 1624 724 1700 (Coloss.
749 1641 829 1687 ιιι.
858 1624 936 1697 4).
960 1625 1131 1681 Nemo
1162 1626 1345 1696 itaque
1371 1625 1512 1696 quod
1535 1642 1634 1697 per
1658 1640 1718 1682 se

135 1731 182 1777 et
205 1721 341 1776 intra
376 1736 437 1774 se
463 1729 569 1783 est,
601 1720 775 1776 nescit
808 1737 820 1772 :
852 1717 1101 1775 Christus
1135 1718 1345 1786 aderit,
1369 1730 1423 1775 et
1450 1718 1716 1775 adventus

1835 505 1977 562 ferre
2010 510 2327 580 trepidatio,
2355 524 2411 571 ut
2433 516 2536 573 ltuc
2557 519 2661 575 sibi
2689 521 2757 579 de
2778 524 2891 581 Deo
2915 527 3194 587 arbitrium
3227 505 3432 603 pitesu-

1833 611 1974 669 tnat,
2004 615 2057 658 et
2087 605 2134 660 ei
2164 607 2293 662 vitia
2321 607 2568 666 human-ie
2590 613 2976 677 demutationis
3020 623 3326 695 adscribat;
3372 641 3433 687 ut

1832 704 1924 748 aut
1953 695 2150 768 aliquid
2185 697 2318 755 Filio
2348 700 2514 759 Pater
2542 703 2792 779 deneget,
2827 714 3136 787 antaliquid
3165 718 3306 778 Deus
3329 739 3430 780 na-

1832 795 1918 843 tus
1946 789 2176 861 ignoret.

1903 880 1992 936 6i.
2030 881 2101 939 Ut
2126 882 2268 941 Deus
2288 930 2301 953 ,
2333 888 2527 947 invidia
2553 904 2698 949 uacat
2715 912 2737 963 ;
2778 906 2831 951 ut
2880 897 3059 969 Pater,
3090 903 3165 958 nil
3194 921 3296 961 non
3341 907 3433 962 dat

1826 976 1965 1046 quod
1985 975 2154 1045 habet,
2185 984 2467 1048 privsertim
2495 1002 2610 1041 cum
2629 990 2694 1043 sit
2714 991 2953 1063 simplex.
2978 994 3045 1051 Ut
3076 995 3206 1066 Deo,
3231 1000 3302 1054 ita
3330 999 3431 1056 Dei

1825 1068 1961 1137 ﬁlio,
1998 1072 2265 1143 praprium
2287 1086 2360 1131 est
2389 1081 2568 1149 futura
2598 1085 2856 1151 praescire.
2898 1119 2966 1128 —-
3014 1087 3195 1146 Nescit
3244 1104 3424 1151 autem

1825 1158 1973 1217 Deus
2023 1153 2510 1239 aliud'aliquando
2557 1190 2718 1242 quam
2769 1178 2989 1236 dilectio
3041 1199 3198 1249 esse,
3253 1202 3428 1258 neque

1824 1254 1968 1311 aliud
2000 1273 2161 1329 quam
2186 1273 2337 1332 pater
2365 1278 2507 1321 esse.
2534 1267 2713 1338 thui
2745 1270 2953 1343 diligit,
3007 1290 3111 1330 neu
3159 1254 3359 1334 intidet
3410 1297 3423 1334 :

1823 1352 1985 1420 etqui
2010 1362 2164 1424 pater
2189 1368 2310 1423 εει,
2342 1374 2448 1414 non
2472 1361 2633 1418 etiam
2660 1379 2765 1419 non
2798 1377 2952 1437 pater
2983 1376 3127 1426 totus
3174 1381 3275 1427 est.
3307 1372 3422 1428 Non

1821 1444 1965 1498 enim
1990 1446 2229 1502 admittit
2255 1448 2357 1506 hoc
2384 1468 2582 1509 nomen
2629 1458 2972 1525 portionem,
3031 1475 3085 1516 ut
3132 1478 3201 1518 ex
3246 1464 3427 1537 aliquo

1821 1548 1973 1606 pater
1997 1543 2101 1604 sit,
2130 1550 2183 1596 et
2206 1558 2269 1598 ex
2323 1544 2504 1616 aliquo
2541 1557 2695 1617 pater
2741 1550 2906 1624 306
2947 1570 3055 1610 non
3111 1556 3200 1612 sit.
3264 1556 3428 1614 Pater

1818 1629 1962 1685 enim
1993 1633 2361 1692 universitatis
2391 1636 2461 1710 (ι’)
2494 1640 2612 1710 ejus
2640 1659 2759 1711 qua:
2810 1646 2860 1699 in
2890 1661 2951 1703 se
2980 1656 3065 1704 est
3105 1659 3258 1720 pater
3305 1663 3422 1719 est,

1817 1737 2033 1780 omnem
2065 1741 2125 1782 sc
2154 1727 2205 1783 in
2248 1744 2314 1784 eo
2341 1728 2581 1799 habens,
2637 1737 2722 1791 cui
2783 1754 2889 1794 non
2941 1742 3012 1796 sit
3050 1758 3115 1798 ex
3175 1747 3425 1810 portione

134 1814 207 1870 sui
243 1814 380 1870 diem
411 1814 664 1886 ignorat?
693 1814 818 1868 Dies
854 1827 984 1869 suus
1009 1821 1112 1879 est,
1142 1812 1440 1869 secundum
1467 1814 1716 1868 eumdem
1748 1815 1797 1876 B
1823 1817 1964 1887 quod
1997 1827 2150 1888 pater
2165 1832 2244 1876 est
2281 1840 2294 1877 :
2331 1840 2434 1878 non
2464 1826 2609 1896 quod
2637 1829 2737 1883 sibi
2768 1848 2956 1886 eorum
2985 1849 3105 1904 quae
3145 1851 3239 1891 sua
3292 1850 3422 1892 sum

133 1909 430 1981 Apostolum
456 1951 471 1974 ,
517 1910 640 1982 quia
689 1906 799 1964 dies
832 1905 1043 1962 Domini
1076 1908 1206 1962 sicut
1246 1912 1335 1979 fur
1364 1917 1511 1962 nocte
1561 1908 1715 1963 adue-

134 2006 224 2059 niet
252 2002 292 2074 (1
314 2003 497 2059 Thess.
547 2018 604 2070 v,
636 1997 695 2074 2)
726 2019 739 2055 :
770 2010 825 2058 et
853 2001 1192 2073 ignoratione
1219 2002 1339 2069 ejus
1366 2000 1595 2057 detineri
1629 2001 1713 2057 in-

134 2095 438 2168 telligendus
466 2095 590 2153 est?
636 2095 896 2151 Humana:
943 2094 1335 2166 naturmquod
1381 2109 1539 2166 agerc
1582 2096 1714 2151 deii-

139 2191 315 2256 niunt,
356 2172 607 2261 quantum
660 2189 712 2244 in
746 2203 807 2245 se
846 2197 965 2256 est,
1000 2189 1291 2259 praasciuut
1316 2230 1330 2254 ,
1372 2199 1427 2244 ct
1472 2189 1715 2260 sequitur

135 2285 471 2356 gerendorum
500 2284 742 2356 ceguitio
770 2285 1102 2340 voluntatem
1134 2283 1329 2356 agendi
1369 2301 1381 2338 :
1416 2285 1557 2341 Deus
1585 2300 1715 2341 vero

131 2389 274 2436 natas
294 2380 436 2452 quod
467 2379 522 2436 in
568 2395 629 2437 se
654 2390 711 2436 et
736 2397 832 2452 per
857 2395 917 2437 se
938 2389 1021 2436 est
1048 2380 1258 2436 nescit?
1286 2379 1391 2436 Per
1418 2396 1541 2436 eum
1570 2381 1715 2437 enim

129 2482 353 2546 tempora
380 2519 393 2544 ,
426 2485 483 2531 et
512 2478 564 2531 in
594 2491 662 2532 eo
696 2475 812 2531 dies
839 2484 921 2532 est
947 2491 961 2542 ;
995 2475 1118 2547 quia
1147 2483 1203 2531 et
1231 2490 1326 2547 per
1355 2474 1530 2545 ipsum
1571 2474 1713 2531 futu-

128 2583 290 2624 rorum
334 2568 657 2626 constitutio
686 2578 772 2625 est
799 2611 813 2636 ,
843 2579 896 2626 ct
924 2572 976 2625 in
1008 2569 1125 2640 ipso
1165 2569 1429 2625 adventus
1475 2570 1557 2625 sui
1596 2570 1712 2627 dis-

130 2661 356 2732 pensatio
386 2671 467 2718 est
497 2679 510 2715 :
544 2670 600 2718 et
624 2662 727 2718 erit
764 2663 816 2718 in
857 2677 918 2719 ea
947 2660 1307 2729 hebetudine,
1338 2673 1399 2719 ut
1428 2663 1570 2735 quod
1610 2664 1711 2721 sibi

127 2765 348 2824 constat,
404 2771 568 2814 sensu
607 2767 811 2814 naturae
862 2758 1127 2829 torpentis
1173 2758 1424 2829 ignoret.
1475 2758 1710 2816 ferarum

128 2846 523 2921 belluarumque
574 2851 772 2919 modo,
820 2862 1131 2929 queextra
1182 2851 1444 2909 rationem
1494 2853 1703 2910 consilii

130 2945 453 3015 providentis
497 2944 749 3001 animata:
773 2987 789 3013 ,
821 2946 994 3016 ipsum
1026 2946 1167 3017 quod
1212 2953 1380 3018 agunt
1424 2946 1671 3003 nesciunt
1696 2989 1710 3014 ,

126 3050 230 3091 cum
255 3035 493 3109 quodam
540 3046 686 3093 motu
728 3038 960 3109 stupida:
990 3038 1283 3093 voluntatis
1310 3038 1556 3110 agitatae,
1603 3039 1713 3096 for-

127 3130 242 3185 tuito
267 3130 332 3186 ad
368 3129 576 3202 aliquid
602 3138 657 3186 et
685 3131 893 3186 incerto
921 3130 1169 3187 teruntur
1196 3130 1478 3200 ingressu?

1818 1917 1970 1977 pater
1997 1910 2114 1981 ipse
2138 1913 2241 1981 sit,
2266 1915 2359 1970 sed
2385 1918 2528 1987 quod
2558 1919 2611 1973 in
2643 1919 2727 1974 Itis
2755 1923 2948 1993 quibus
2970 1924 3085 1995 ipse
3107 1939 3189 1983 est
3214 1970 3229 1996 ,
3256 1930 3302 1984 ei
3327 1932 3418 2002 qui

1816 2014 1884 2055 ex
1914 2015 1973 2058 se
1993 2013 2073 2058 est
2094 2043 2109 2070 ,
2146 2016 2299 2074 pater
2326 2016 2468 2063 totus
2489 2009 2578 2064 sit.
2610 2011 2675 2066 Et
2705 2027 2827 2068 cum
2884 2017 3179 2072 secundum
3242 2022 3424 2078 buma-

1818 2109 2009 2150 norum
2036 2111 2325 2168 corporum
2350 2111 2569 2158 naturas
2590 2146 2605 2169 ,
2636 2121 2756 2176 quae
2787 2124 2856 2162 ex
2889 2110 3194 2182 disparibus
3222 2132 3422 2174 conve-

1817 2187 1973 2243 niunt
2003 2200 2057 2245 et
2113 2207 2177 2246 ex
2211 2195 2527 2266 compositis
2574 2201 2912 2270 consistunt,
2958 2218 3063 2259 non
3103 2209 3269 2277 possit
3317 2212 3422 2266 nisi

1816 2283 2057 2339 omnium
2088 2302 2309 2343 suorum
2331 2290 2452 2360 quis
2477 2291 2554 2364 (θ)
2588 2303 2737 2361 pater
2758 2309 2910 2367 pater
2933 2315 3054 2355 esse
3074 2343 3089 2369 ,
3117 2304 3241 2358 dtnn
3273 2307 3419 2375 quod

1816 2375 1872 2432 in
1918 2394 2245 2453 unoquoque
2271 2394 2357 2440 est
2384 2400 2645 2456 generum
2676 2404 2741 2446 ac
2769 2392 3040 2463 partium,
3090 2397 3142 2451 id
3191 2403 3243 2453 in
3292 2399 3421 2458 ﬁliis

1816 2473 2069 2530 nativitas
2092 2475 2329 2547 perfecta
2359 2493 2675 2539 conservet:
2710 2487 2952 2545 omnium
3005 2504 3138 2563 ergo
3192 2509 3416 2552 suorum

1817 2566 1938 2638 quis
1968 2577 2126 2641 pater
2153 2581 2306 2642 pater
2355 2585 2468 2642 εει,
2522 2575 2648 2632 dum
2700 2596 2765 2635 ex
2802 2584 3054 2642 omnibus
3082 2588 3421 2649 nativitaset

1816 2659 1870 2716 in
1900 2664 2151 2721 omnibus
2183 2677 2386 2723 manet.
2422 2669 2483 2725 Et
2517 2686 2638 2726 cum
2666 2673 2718 2727 in
2750 2673 2865 2732 Deo
2888 2696 2991 2733 non
3017 2679 3126 2736 sint
3151 2698 3412 2755 corpora—

1817 2752 1909 2819 lia,
1955 2756 2049 2811 sed
2091 2756 2374 2827 absoluta;
2426 2776 2605 2832 neque
2657 2765 2979 2835 particulam
3008 2812 3023 2837 ,
3054 2774 3148 2829 sed
3198 2752 3304 2831 tota
3362 2788 3419 2834 et

1816 2848 2098 2918 universa;
2128 2867 2233 2907 non
2263 2854 2531 2910 viviﬁcata
2553 2899 2566 2924 ,
2610 2859 2704 2913 sed
2732 2860 2880 2928 viva;
2913 2873 3056 2921 totus
3087 2868 3305 2938 vivens,
3361 2883 3419 2930 et

1815 2955 1981 2997 unum
2008 2942 2084 3017 (5)
2119 2944 2197 3016 (Ιι)
2230 2953 2374 3001 ιοιιιε
2400 2947 2543 3004 Deus
2589 2958 2694 3018 est,
2736 2953 2862 3008 dunt
2910 2973 3015 3013 non
3057 2976 3121 3015 ex
3170 2966 3419 3032 portione

1815 3036 2152 3105 compositus
2173 3049 2286 3105 est,
2310 3040 2403 3095 sed
2437 3057 2501 3096 ex
2540 3044 2888 3115 simplicitate
2947 3055 3219 3121 perlectus
3259 3066 3344 3113 est
3395 3076 3410 3113 :

1814 3142 2044 3184 necesse
2074 3138 2196 3197 est,
2222 3140 2280 3186 ut
2307 3133 2604 3190 secundum
2657 3139 2799 3208 quod
2845 3153 2926 3196 est
2961 3155 3130 3213 pater,
3187 3147 3303 3219 ipse
3342 3151 3416 3208 sit

183 3222 261 3279 60.
290 3222 451 3278 Patri
476 3224 786 3295 injuriosum
810 3233 884 3278 cst
917 3221 1058 3278 Filia
1086 3224 1433 3295 ignorantiam
1489 3226 1700 3298 nﬁnge-
1728 3219 1776 3285 C
1805 3223 2045 3279 omnium
2074 3217 2381 3283 suorum'ei
2423 3244 2583 3301 quem
2614 3247 2677 3287 ex
2730 3248 2789 3289 se
2828 3237 3015 3306 genuit
3062 3217 3222 3311 pater
3244 3254 3411 3315 totus,

122 3319 323 3389 regnasi
379 3319 429 3374 ei
477 3319 737 3374 inviderit.
780 3347 853 3359 —
896 3317 1182 3387 Quomodo
1235 3319 1397 3374 etiam
1446 3320 1708 3379 Dominus

124 3410 318 3482 glorias,
347 3412 619 3469 adventus
642 3406 723 3467 sui
755 3411 1040 3484 ignorabili
1066 3412 1154 3469 die
1173 3456 1188 3481 ,
1221 3425 1424 3469 natura:
1452 3430 1575 3472 esse
1626 3416 1699 3470 in-

122 3506 424 3578 composita:
450 3505 893 3578 imperfectmque
936 3506 1207 3571 credetur,
1233 3524 1352 3578 quae
1382 3516 1437 3565 et
1467 3512 1706 3567 necessi-

124 3605 270 3653 tatem
320 3596 527 3653 babeat
590 3597 946 3661 adveniendi,
1006 3606 1062 3653 et
1104 3599 1386 3655 scientiam
1441 3601 1709 3661 adventus

125 3688 195 3745 sui
238 3705 343 3746 non
371 3689 566 3758 adepta
597 3689 707 3744 sit?
755 3689 860 3745 Per
915 3688 1056 3761 quod
1113 3690 1289 3760 potior
1328 3692 1399 3747 sit
1445 3693 1708 3764 ignoratio

130 3783 194 3856 (c)
220 3784 351 3851 Deo,
379 3800 504 3855 quae
530 3784 577 3839 ei
614 3786 823 3840 auferat
847 3784 1173 3857 cognitionis
1204 3785 1403 3843 habere
1430 3789 1702 3845 virtutem.

122 3874 223 3933 lam
249 3894 380 3936 vero
403 3885 601 3951 quanta
632 3878 922 3946 impietatis
952 3876 1034 3953 (ά)
1067 3879 1376 3950 geminatur
1394 3884 1627 3950 occasio;
1662 3885 1706 3939 si

126 3970 923 4040 pratteriutirmitatemerisd
954 3974 1114 4026 etiam
1169 3972 1283 4030 Deo
1327 3975 1465 4045 patri
1518 3976 1704 4033 vitium

120 4062 487 4133 deputabitur;
517 4072 575 4121 ut
594 4065 926 4136 unigenitum
957 4064 1127 4121 Deum
1151 4107 1165 4133 ,
1186 4075 1242 4123 et
1261 4066 1570 4125 dilectionis
1593 4084 1707 4127 sua:

125 4156 300 4223 ﬁlium,
325 4157 437 4215 diei
472 4157 631 4228 bujus
652 4156 961 4229 cognitione
1001 4156 1365 4227 fraudaverit,
1400 4161 1706 4232 malignitao

121 4247 377 4325 lisque(e)
410 4247 604 4305 aﬂcetu
662 4249 940 4305 scientiam
993 4249 1185 4305 futura:
1223 4252 1706 4310 consummationis

121 4338 607 4397 invideritzetcum
632 4356 738 4397 non
770 4341 1123 4413 ignorabilctn
1175 4343 1224 4399 ei
1282 4358 1404 4400 esse
1436 4346 1705 4415 passionis

119 4442 165 4487 ct
183 4432 318 4490 diem
346 4444 407 4491 et
432 4434 620 4489 horam
645 4433 911 4498 voluerit;
942 4434 1083 4489 diem
1117 4434 1328 4492 virtutis
1348 4435 1496 4506 ejus,
1520 4446 1575 4493 et
1594 4439 1705 4494 cla-

118 4525 344 4583 riﬁcandi
368 4529 422 4582 in
448 4528 652 4585 sanctis
677 4528 789 4582 suis
817 4528 1004 4583 horam
1025 4530 1336 4601 negaverit,
1380 4540 1435 4587 et
1488 4533 1704 4591 ademe-

1814 3318 1939 3372 dmn
1970 3334 2090 3375 eum
2126 3329 2330 3391 patrem
2362 3337 2426 3377 ex
2457 3325 2568 3379 suis
2596 3327 2847 3384 omnibus
2874 3332 3121 3388 nativitas
3163 3336 3253 3391 lilii
3291 3356 3414 3407 ter-

1813 3412 1949 3471 fccta
1979 3425 2342 3473 consummat.
2375 3417 2432 3476 Si
2462 3419 2628 3491 igitur
2658 3425 2909 3493 proprius
2936 3425 3075 3484 Filio
3108 3428 3271 3487 Pater
3293 3445 3412 3503 est;

1812 3508 1866 3563 in
1899 3525 1960 3565 ea
1987 3525 2209 3567 necesse
2239 3521 2324 3568 est
2354 3512 2547 3569 Filium
2579 3531 2803 3573 manere
2832 3522 3163 3590 proprietate
3189 3542 3289 3595 qua
3320 3528 3417 3584 l’a-

1814 3610 1896 3659 ter
1925 3604 2270 3662 est.Manere
2323 3615 2501 3662 autem
2544 3612 2817 3680 quomodo
2872 3614 3308 3686 esistimabitur,
3362 3621 3406 3679 si
3442 3624 3445 3627 ’

1812 3707 1965 3753 extra
2000 3699 2355 3767 tumscientia:
2379 3711 2624 3757 naturam
2654 3704 2760 3771 sit,
2784 3714 2841 3760 et
2887 3707 3088 3777 aliquid
3142 3715 3409 3772 nativitati

1812 3788 1929 3859 ejus
1960 3787 2024 3862 (i)
2051 3805 2114 3846 ex
2166 3800 2386 3847 auctore
2411 3794 2875 3852 defuerit?deerit
2920 3802 3063 3855 enim
3106 3819 3274 3875 prope
3328 3820 3413 3862 to.

1814 3888 1922 3935 ttun
1945 3926 1959 3951 ,
1995 3884 2038 3936 si
2068 3883 2208 3955 quod
2251 3884 2520 3955 propriqu
2553 3886 2663 3941 Deo
2695 3899 2809 3956 cst,
2847 3905 2954 3946 non
3004 3893 3220 3953 habeat.
3276 3899 3409 3958 Pro-

1813 3976 1984 4047 prium
2016 3984 2192 4031 autem
2216 3975 2329 4031 Deo
2360 3977 2485 4048 quid
2502 3978 2645 4034 aliud
2668 4022 2682 4045 ,
2737 3997 2898 4052 quam
2925 3987 3162 4056 cognitio
3210 3989 3414 4049 futuro-

1809 4079 2074 4135 rumest;
2139 4078 2193 4124 ut
2250 4087 2337 4126 res
2378 4072 2617 4127 nondum
2666 4086 2978 4146 manentes,
3023 4096 3413 4158 mansuraeque

1809 4163 2110 4233 pomerius,
2140 4162 2492 4219 invisibilium
2523 4182 2587 4220 ac
2615 4166 2851 4223 nondum
2880 4173 3208 4232 exstantium
3236 4193 3403 4249 gettc‘

1810 4273 1927 4313 runt
1954 4272 2121 4329 capax
2151 4266 2339 4313 natura
2361 4260 2671 4316 contineat?

1882 4350 1973 4408 62.
2004 4348 2098 4405 Nil
2118 4349 2240 4406 latet
2266 4368 2380 4406 eum
2427 4352 2478 4407 in
2528 4370 2629 4425 quo
2668 4372 2841 4412 omnes
2885 4359 3117 4417 scicntite
3156 4363 3407 4435 thesauri,

1808 4444 2040 4513 quamvis
2065 4454 2233 4499 tamm
2256 4445 2491 4500 latentes.
2522 4474 2594 4487 -—
2616 4446 2735 4503 Non
2762 4450 2964 4518 patitur
2992 4467 3175 4512 autem
3217 4461 3270 4513 in
3312 4477 3411 4518 no-

1809 4536 1891 4593 bis
1920 4535 2110 4593 doctor
2139 4538 2377 4609 gentium
2403 4538 2603 4595 Paulus
2624 4539 2762 4596 banc
2785 4542 2934 4613 impii
2975 4549 3178 4604 erroris
3198 4552 3409 4621 profes-

116 4617 179 4674 rit
203 4616 554 4676 beatitudinis
585 4619 951 4691 cegnitioncm
972 4662 987 4689 ,
1036 4622 1121 4678 cui
1175 4621 1366 4678 mortis
1410 4623 1695 4684 indulserit
1723 4627 1779 4689 D
1803 4630 2046 4697 sionem,
2079 4639 2136 4685 ut
2157 4630 2441 4701 ignorasse
2462 4630 2667 4702 aliquid
2691 4633 3002 4705 unigenitus
3038 4616 3418 4702 Deus—existi-

181 4756 256 4828 (I)
297 4756 690 4814 Pleuitudinem
717 4757 1017 4814 diuinitatis.

182 4759 225 4828 (I
297 4756 620 4814 Pleuitudim

182 4755 256 4902 (2;
282 4829 351 4885 1η
378 4831 620 4903 gloriam.

180 4968 253 5042 (a)
292 4969 370 5026 Ita
416 4984 549 5025 mss.
581 4970 853 5040 quomodo
891 4982 943 5029 ει
988 4972 1080 5044 lib.
1111 4988 1244 5043 vui,
1278 4991 1331 5029 n.
1368 4975 1436 5044 5,
1481 4990 1711 5033 consen-

116 5040 271 5116 tiente
291 5057 476 5116 graeco
505 5046 578 5106 εἰς
615 5045 786 5100 αὐτὸν.
821 5047 889 5098 At
915 5042 1068 5111 editi,
1093 5047 1148 5099 in
1174 5040 1309 5116 ipso.

186 5112 258 5185 (b)
283 5113 510 5171 Scilicet
546 5115 969 5190 dispensationis
1009 5126 1063 5172 et
1100 5112 1389 5190 assumpta:
1419 5120 1620 5186 carnis,
1654 5121 1707 5177 in

116 5199 210 5259 qua
237 5195 498 5259 venturus
521 5197 603 5259 est
626 5186 871 5257 judicare
896 5192 1046 5243 virus
1069 5199 1124 5243 et
1151 5186 1415 5246 mort—nos.
1443 5192 1708 5259 Quocirca

117 5255 227 5312 dies
271 5259 364 5333 illa
392 5255 742 5333 Δςίιιιὶειὶξεξι
780 5270 840 5333 ut
868 5259 1167 5333 bominis;
1201 5263 1245 5316 si
1287 5255 1505 5333 quidem
1550 5263 1711 5320 Pater

117 5340 293 5403 omne
310 5328 574 5399 judicium
602 5330 754 5403 dedit
779 5330 957 5403 Filio,
991 5333 1111 5403 quia
1152 5328 1556 5391 lilius'ltotninis
1585 5346 1669 5391 est
1689 5378 1705 5403 ,

117 5410 165 5452 ut
194 5401 455 5478 scriptum
485 5412 566 5456 est
589 5400 745 5478 Joaﬂn.
772 5419 842 5478 Διι,
867 5402 941 5457 2?.
964 5447 979 5470 ,
1009 5400 1101 5458 9.7.
1148 5406 1257 5460 Diei
1307 5421 1522 5478 quoque
1571 5400 1709 5464 tem-1

116 5483 208 5546 pus
238 5482 323 5546 est
351 5473 405 5546 in
433 5474 553 5543 ipso
580 5483 638 5528 ιιι
660 5471 840 5529 Verbo
868 5482 1169 5546 temporum
1196 5471 1499 5534 conditore.

183 5542 255 5615 (c)
279 5542 337 5599 In
367 5543 575 5620 duobus
609 5560 742 5602 mss.
766 5546 921 5602 deest
944 5542 1051 5620 D'eo
1075 5564 1092 5603 :
1115 5565 1217 5618 qua
1243 5563 1373 5605 voce
1401 5549 1716 5620 intelligitur

118 5612 293 5692 Pater,
308 5616 396 5692 cui
413 5619 654 5692 omnium
672 5612 1176 5692 cognoscendorum
1192 5619 1363 5676 virtus
1385 5612 1645 5692 neganda,
1663 5632 1718 5679 ct

115 5684 381 5762 ignoratio
396 5684 820 5762 attribuendasit
841 5692 1040 5762 petius,
1061 5708 1217 5761 quam
1235 5709 1295 5748 ea
1312 5684 1526 5749 invidia:
1544 5695 1589 5748 la
1599 5684 1714 5761 bes,

115 5771 214 5836 qua
246 5759 450 5816 dilecto
481 5760 591 5816 tilio
612 5759 975 5834 cognitionem
997 5759 1233 5836 aliattam
1262 5765 1578 5824 subtrahere
1603 5759 1720 5824 ere?-

117 5829 291 5887 datur.

517 5930 792 5993 PATROL.
839 5930 924 5992 X.

1900 4769 1978 4844 (3)
2005 4766 2209 4825 Totum.

1891 4973 1970 5060 (rt)
1995 4968 2132 5060 itali.
2165 4975 2365 5060 etEt,
2396 4981 2904 5060 generatur-occasio
2931 5001 3022 5056 per
3063 4985 3417 5060 infirmitatem

1812 5046 2116 5173 Chi-31531:.
2145 5047 2267 5131 aliis
2295 5046 2509 5119 quoque
2562 5050 2725 5106 editis
2781 5046 3132 5117 desideratur
3166 5046 3413 5139 ’s’e’iitié'n's'

1814 5135 1914 5173 nar
1962 5134 2082 5173 cua
2121 5135 2184 5173 si.
2258 5144 2297 5161 δ

1853 5130 2082 5176 at'ltcula
2121 5130 2184 5173 st.
2258 5144 2297 5161 δ

1814 5135 2082 5192 particula
2121 5135 2184 5173 si.
2258 5144 2297 5161 δ

1890 5192 1961 5261 (e)
1992 5189 2049 5245 In
2077 5190 2289 5261 duobus
2312 5206 2442 5246 mss.
2476 5192 2681 5261 effectu.

1915 5208 1942 5245 ε
1992 5192 2049 5245 In
2077 5192 2289 5246 duobus
2312 5206 2442 5246 mss.
2476 5192 2681 5261 effectu.

1887 5192 2025 5344 θζῇιί
2056 5273 2135 5318 εει
2157 5303 2173 5330 ,
2216 5260 2376 5319 Pater
2398 5262 2589 5320 Filium
2617 5268 2933 5338 generando
2962 5272 3054 5331 dat
3084 5278 3133 5334 ei
3166 5282 3416 5344 universa

1813 5350 1933 5407 qua:
1951 5337 2008 5407 in
2037 5351 2095 5390 se
2122 5344 2266 5407 sunt.

1893 5405 1968 5479 (g)
1994 5406 2047 5460 In
2070 5406 2302 5497 vulgatis
2324 5407 2540 5497 .ltienet
2583 5409 2741 5496 infra.
2768 5429 2897 5497 non“
2930 5421 3195 5489 repetitur
3224 5440 3371 5497 pater
3396 5447 3416 5489 :

1817 5478 2052 5554 mosque
2073 5480 2299 5554 habetur
2318 5478 2371 5533 in
2401 5481 2511 5554 ﬁlio
2537 5523 2552 5550 ,
2586 5500 2689 5536 non
2721 5485 2776 5539 iu
2801 5486 2943 5554 ﬁliis.

1892 5549 1969 5633 (lt)
2002 5549 2075 5605 lla
2107 5550 2345 5634 optimus
2364 5549 2714 5611 cedexColb.
2747 5549 2868 5611 cum
2899 5559 3116 5620 Martia.
3143 5577 3200 5625 et
3224 5571 3415 5634 Germ.

1820 5622 1925 5678 Alii
1955 5638 2084 5676 vero
2106 5664 2120 5687 ,
2153 5633 2333 5678 totum.

1893 5692 1956 5766 (i)
1982 5693 2042 5749 In
2075 5710 2229 5749 unoc
2251 5710 2380 5750 mss.
2408 5694 2557 5777 _Vat._
2599 5706 2665 5777 et_
2704 5696 2892 5777 cara"
2952 5722 3016 5760 ea:
3065 5718 3372 5775 auctoritate
3398 5736 3419 5777 :

1821 5766 1983 5849 lectio
2016 5782 2118 5849 non
2151 5766 2488 5849 spernenda;
2510 5766 2559 5821 id
2581 5771 2723 5824 enim
2755 5772 2956 5832 llilario
2974 5791 3077 5849 est,
3110 5766 3391 5848 auaui-‘5.

1822 5837 1964 5910 quod
1996 5838 2149 5895 nobis
2181 5833 2519 5911 principium.
3113 5833 3412 5867 """v-"wv.

2897 5944 2962 6008 11
