3988 6332
584 246 686 306 δδι
1795 239 2041 307 SANCTI
2082 246 2343 321 HILARII
2382 239 2691 321 suscepi
3721 246 3797 321 in
3879 226 3883 231 “

584 377 802 434 tuetur;
835 365 912 422 ait
935 365 1082 423 enim
1108 382 1121 421 :
1152 362 1388 421 Instituti
1445 364 1501 420 in
1549 364 1822 421 dilectione
1841 404 1858 433 ,
1909 365 1966 421 in
2011 380 2184 421 omnes
2211 366 2261 439 Α
2287 374 2334 422 et
2355 366 2473 438 21).
2505 366 2779 426 Habemus
2793 381 2923 441 ergo
2945 368 3277 426 nescientem
3303 368 3486 439 Deum,
3511 371 3638 442 quod
3664 382 3795 434 tamen

589 460 801 515 divitias
823 459 1205 532 adimplctionis
1226 457 1517 515 intellectus
1546 501 1562 526 ,
1594 459 1649 514 in
1675 459 1991 532 agnitionem
2016 474 2190 514 sacra-
2294 474 2401 516 non
2434 461 2657 516 nesciat.
2682 460 2816 518 Nam
2846 477 2967 518 cum
2991 472 3215 533 peccata
3242 478 3426 535 magna
3452 463 3593 521 valde
3616 467 3724 524 sciat
3741 486 3802 527 es-

589 553 748 609 menti
775 551 851 625 (a)
873 549 971 608 Dei
994 550 1217 614 Clu-isti,
1252 550 1305 605 in
1334 567 1437 623 quo
1459 560 1577 606 sunt
1605 567 1780 606 omnes
1834 550 2060 607 thesauri
2106 566 2192 605 sa-
2292 567 2381 621 se,
2414 563 2469 609 et
2495 568 2714 611 rursum
2740 554 3024 613 descendit
3055 566 3112 612 ut
3138 555 3318 613 videat
3343 555 3422 630 (It)
3447 573 3511 615 an
3529 574 3803 620 consumma-

590 649 798 724 pientia:
822 656 867 705 et
896 647 1122 703 scientia:
1150 647 1229 719 (1)
1260 647 1513 702 absconsi.
1546 646 1688 703 Deus
1714 644 1966 702 Christus
2008 659 2191 702 sacra-
2293 654 2345 703 ta
2367 646 2504 713 sint,
2534 656 2591 703 et
2610 648 2657 703 si
2688 648 2930 713 nondum
2961 658 3335 709 consummata
3380 660 3529 719 sunt,
3571 662 3625 711 ut
3668 656 3800 714 sciat:

593 754 835 802 mentum
862 753 979 811 est,
1011 750 1068 799 et
1097 757 1289 799 omnes
1310 740 1597 813 sapientia:
1643 748 1701 798 et
1737 741 1978 797 scientiae
2021 740 2073 796 in
2127 754 2193 796 eo
2296 736 2645 809 intelligimus
2695 755 2819 797 eum
2875 741 2963 813 (5)
3010 757 3118 801 non
3167 743 3378 800 nescire
3406 785 3422 812 ,
3464 744 3577 816 quia
3624 748 3802 816 nesciat;

591 840 828 903 thesauri
856 840 1047 896 latent.
1074 837 1322 895 Portioni
1375 851 1547 904 vero,
1599 845 1652 893 et
1698 834 2040 893 universitati
2082 848 2193 891 non
2297 831 2362 905 (ὅ)
2419 833 2515 889 sed
2547 842 2656 890 tum
2695 834 2871 903 scire,
2920 836 3046 907 quia
3100 846 3315 908 tempus
3359 836 3427 897 ad
3472 839 3704 910 agendum
3741 843 3804 899 sit.

593 945 776 1010 potest
800 934 1097 995 convenire
1131 949 1145 986 :
1177 933 1301 1006 quia
1329 947 1506 1005 neque
1535 946 1661 1003 pars
1714 930 1898 987 omnia
1937 929 2195 1001 intelligi-
2300 923 2376 1000 (j)
2407 927 2562 984 Scire
2583 942 2715 1000 ergo
2742 929 2937 998 Deum,
2963 945 3074 987 non
3099 938 3188 989 est
3216 931 3523 1002 ignorantiae
3544 930 3805 1003 demutatio,

596 1040 702 1096 tur,
732 1037 791 1086 et
810 1028 993 1085 omnia
1025 1034 1235 1099 partem
1267 1042 1372 1082 non
1400 1026 1682 1099 patiuntur
1725 1024 1978 1097 intelligi.
2028 1022 2199 1083 Filius
2299 1019 2393 1077 sed
2428 1023 2691 1093 temporis
2716 1023 3019 1094 plenitudo.
3046 1024 3409 1095 Exspectatur
3430 1025 3565 1083 enim
3589 1025 3731 1095 adhuc
3765 1038 3805 1086 ut

593 1123 739 1180 enim
765 1122 812 1178 si
843 1122 989 1177 diem
1012 1121 1221 1187 nescit,
1240 1119 1350 1190 jam
1406 1135 1515 1175 non
1566 1133 1758 1174 omnes
1783 1118 1837 1173 in
1861 1132 1929 1174 eo
1952 1115 2198 1173 scientia:
2300 1114 2437 1171 sciat
2462 1132 2474 1169 :
2500 1124 2558 1173 et
2576 1131 2699 1174 eum
2720 1133 2828 1174 non
2853 1118 3125 1189 possimus
3155 1117 3207 1174 id
3228 1117 3297 1174 de
3325 1132 3392 1176 eo
3417 1117 3689 1191 intelligere
3708 1121 3807 1191 quod

596 1215 835 1273 thesauri
863 1224 990 1271 sunt
1019 1231 1032 1268 :
1059 1212 1141 1287 (2)
1167 1213 1243 1287 (ὁ)
1270 1213 1412 1270 diem
1438 1227 1546 1269 non
1575 1212 1820 1283 ignorat,
1845 1226 2036 1267 omnes
2063 1209 2115 1265 in
2140 1223 2201 1266 se
2302 1210 2541 1278 nesciat;
2570 1227 2693 1268 cum
2716 1224 2896 1269 tamen
2915 1212 3384 1287 adhucexspeclet
3406 1221 3464 1267 ut
3485 1211 3625 1279 sciat,
3649 1229 3809 1271 necesse

597 1309 845 1365 scientia:
878 1305 1163 1363 thesauros
1211 1306 1520 1362 continens.
1574 1303 1681 1362 Sed
1738 1303 2054 1360 meminisse
2102 1316 2202 1359 nos
2302 1312 2483 1371 est,ut
2506 1303 2557 1361 id
2587 1304 2730 1376 quod
2753 1306 2933 1363 sciens
2960 1306 3154 1373 nescit,
3177 1303 3494 1363 etneseiens
3511 1305 3697 1379 scit,(lt)
3715 1306 3809 1365 nihil

600 1404 874 1468 convenit,
888 1402 1049 1474 307
1062 1401 1303 1457 occultos
1329 1401 1383 1457 in
1409 1401 1622 1457 eoistos
1646 1397 1887 1454 scientiae
1918 1397 2203 1453 thesauros
2305 1397 2450 1455 aliud
2471 1413 2632 1470 quam
2663 1400 2744 1456 vel
2772 1399 3028 1471 loquendi
3058 1400 3395 1472 dispensatio
3416 1400 3505 1468 sit,
3535 1402 3608 1458 vel
3631 1402 3809 1472 gerendi.

604 1511 729 1554 esse
751 1539 765 1561 ,
799 1511 972 1569 neque
999 1494 1202 1553 idcirco
1221 1536 1237 1563 ,
1268 1494 1393 1564 quia
1445 1492 1641 1549 occulti
1684 1492 1822 1559 sint,
1850 1505 1957 1547 non
1979 1490 2157 1546 inesse
2183 1504 2199 1542 :
2377 1490 2471 1551 64.
2500 1490 2640 1549 Deus
2664 1494 2853 1549 dicitur
2879 1494 2933 1549 id
2953 1497 3104 1551 modo
3132 1496 3286 1562 scire,
3317 1496 3452 1568 quod
3487 1495 3626 1552 modo
3657 1496 3810 1567 profert.

602 1604 724 1643 cum
755 1604 851 1661 per
880 1588 930 1643 id
953 1629 968 1656 ,
1000 1587 1145 1665 quod
1176 1588 1321 1643 Deus
1359 1595 1464 1651 est,
1494 1585 1548 1640 in
1576 1599 1643 1641 eo
1669 1584 1866 1652 insint;
1901 1598 2001 1655 per
2028 1582 2079 1638 id
2109 1596 2203 1638 ve-
2307 1617 2380 1628 —
2406 1586 2523 1643 Non
2548 1603 2680 1661 ergo
2704 1587 2902 1661 ambigi
2926 1589 3055 1647 licet
3077 1631 3093 1657 ,
3125 1589 3222 1647 Dei
3247 1590 3525 1647 scientiam
3552 1607 3610 1647 es
3635 1600 3812 1662 tempore

603 1698 666 1739 ro
688 1682 831 1755 quod
860 1690 1264 1738 sacramentum
1291 1690 1405 1743 est,
1430 1679 1794 1735 occultantur.
1848 1675 1964 1735 Non
2017 1675 2204 1733 occul-
2311 1680 2491 1750 potius
2512 1695 2636 1737 esse
2665 1696 2827 1751 quam
2857 1697 2924 1738 ex
2947 1679 3352 1750 demutatione,
3374 1697 3496 1740 cum
3533 1681 3595 1739 ad
3637 1681 3681 1739 id
3714 1682 3811 1754 quod

604 1787 715 1831 tum
746 1786 928 1832 autem
948 1818 963 1844 ,
991 1792 1167 1847 neque
1195 1776 1500 1846 ignoratum
1523 1772 1682 1829 nobis
1704 1782 1788 1828 est
1808 1779 2207 1854 sacramentum
2238 1771 2286 1845 Β
2317 1772 2456 1829 Deus
2474 1773 2611 1840 scit,
2635 1773 2953 1845 proﬁtenda:
2981 1774 3148 1848 ποθ
3172 1775 3352 1845 petitis
3404 1774 3628 1833 scientia:
3663 1784 3813 1847 tempus

607 1871 704 1927 Dei
728 1871 966 1937 Christi,
994 1871 1046 1927 in
1071 1885 1177 1941 quo
1204 1868 1456 1925 absconsi
1487 1882 1678 1925 omnes
1707 1863 2206 1923 scientianhesuuri
2309 1868 2416 1936 sit,
2447 1886 2607 1939 quam
2637 1869 2852 1941 adepta:
2877 1888 2890 1925 :
2915 1879 2976 1928 ut
3002 1870 3165 1926 etiam
3196 1885 3264 1928 ex
3289 1869 3395 1927 hoc
3433 1871 3685 1937 docemur,
3719 1869 3813 1940 quod

604 1976 755 2021 sunt.
787 1966 851 2021 Et
880 1966 1006 2038 quia
1035 1972 1438 2022 sacramentum
1473 1962 1547 2037 (ε)
1585 1961 1703 2035 ipse
1761 1971 1875 2029 est;
1925 1960 2210 2017 videamus
2310 1960 2379 2017 ad
2401 1961 2679 2019 Abraham
2704 1963 2908 2019 dictum
2936 1971 3061 2020 est:
3088 1962 3173 2020 Ne
3214 1965 3425 2037 injicias
3457 1964 3813 2021 manth

606 2074 674 2112 an
701 2059 753 2113 in
784 2057 869 2112 his
890 2098 905 2123 ,
935 2074 1056 2129 quae
1084 2057 1301 2125 nescit,
1330 2057 1589 2128 ignorans
1611 2056 1702 2111 sit.
1734 2054 1793 2112 Si
1818 2054 1965 2110 enim
2016 2054 2072 2109 in
2100 2068 2209 2109 (δειε-
2312 2070 2564 2124 puerum,
2589 2064 2635 2111 et
2664 2072 2726 2112 ne
2748 2055 2909 2126 facias
2939 2056 3025 2114 illi
3049 2058 3334 2130 quidquam
3361 2073 3381 2115 :
3406 2074 3538 2115 nunc
3561 2057 3815 2129 etiamquo-

614 2154 745 2208 teris
773 2152 1047 2224 professio
1075 2150 1361 2224 ignorandi
1385 2166 1492 2206 non
1517 2147 1597 2225 (ά)
1631 2147 1794 2205 habet
1819 2146 2101 2204 nesciendi
2124 2147 2208 2203 in-
2312 2149 2359 2204 vi
2382 2149 2507 2220 quia
2534 2149 2677 2205 times
2700 2149 2782 2221 (4)
2813 2149 2879 2225 (ι)
2920 2149 3085 2208 Deum
3112 2161 3261 2208 tuam
3284 2195 3301 2219 ,
3330 2162 3379 2208 et
3417 2170 3518 2210 non
3541 2152 3759 2225 pepercisti
3773 2152 3815 2220 ῥ’

610 2245 995 2316 tclligentiam;
1030 2259 1099 2299 ne
1127 2259 1272 2300 nunc
1301 2243 1521 2315 quidem
1550 2241 1695 2315 quod
1751 2240 1927 2297 nescit
1974 2240 2206 2312 ignorat.
2311 2241 2382 2297 lio
2403 2251 2488 2297 tuo
2516 2240 2705 2297 dilecta
2731 2252 2944 2313 propter
2970 2259 3050 2303 me
3075 2242 3234 2314 (Gott.
3259 2261 3408 2314 uti,
3456 2245 3565 2318 li).
3614 2244 3728 2301 Deus
3750 2242 3813 2298 ita-

604 2337 741 2395 Nam
769 2336 840 2412 (e)
869 2353 993 2395 cum
1023 2337 1294 2409 ignoratio
1323 2336 1444 2407 ejus
1464 2376 1480 2404 ,
1515 2334 1813 2392 secundum
1846 2332 1991 2405 quod
2019 2346 2213 2389 omnes
2312 2349 2420 2405 que
2450 2333 2613 2390 modo
2638 2334 2741 2391 scit
2768 2352 2781 2388 :
2811 2334 2974 2392 modo
2995 2344 3175 2393 autem
3203 2337 3371 2404 scire,
3416 2337 3678 2395 anterioris
3712 2340 3812 2408 igno-

609 2431 848 2487 thesauri
875 2432 930 2486 in
971 2446 1037 2487 eo
1088 2429 1334 2485 scientia:
1385 2429 1587 2494 latent,
1633 2426 1976 2500 dispensatio
2032 2427 2214 2500 potius
2316 2429 2509 2485 rantiaz
2548 2429 2816 2501 professio
2860 2440 2966 2487 est.
2995 2429 3152 2499 Quod
3180 2432 3387 2494 cumin
3415 2432 3580 2493 Deum
3598 2429 3819 2497 concedat,

613 2538 776 2594 quam
833 2522 1104 2594 ignoratio
1134 2522 1435 2588 sit;habes
1473 2535 1697 2579 causam
1752 2518 2042 2592 ignorandi
2093 2517 2215 2577 sine
2316 2520 2607 2596 neque(m)
2630 2532 2691 2577 ut
2719 2522 3227 2593 ignoraveritantea
3252 2522 3822 2585 ﬁdelemsihiesseAbn-

609 2615 972 2688 intelligentia
996 2615 1300 2672 nesciendi.
2317 2611 2473 2680 ham,
2503 2612 2572 2675 de
2597 2628 2705 2685 quo
2731 2613 2935 2673 dictum
2963 2626 3082 2683 est,
3114 2615 3368 2681 Credidit
3395 2617 3651 2681 Abraham
3668 2616 3820 2679 Deo,et

681 2710 771 2767 65.
800 2709 940 2766 Deus
959 2710 1047 2778 qui
1075 2711 1271 2766 nescire
1293 2716 1385 2765 aut
1404 2708 1511 2774 iam
1539 2709 1668 2765 scire
1713 2708 1839 2782 quid
1885 2708 2112 2765 dicatur.
2144 2736 2216 2749 —-
2318 2706 2632 2780 deputatum
2655 2718 2741 2777 est
2766 2709 2817 2779 ei
2846 2709 2913 2766 ad
2936 2710 3203 2781 justitiam
3235 2709 3391 2783 (Gen.
3422 2726 3510 2780 xv,
3550 2710 3607 2778 6;
3648 2721 3687 2773 tl
3719 2707 3817 2765 But.

609 2804 666 2861 In
695 2805 951 2861 omnibus
973 2804 1116 2860 enim
1139 2845 1155 2871 ,
1186 2819 1310 2876 qua:
1337 2804 1591 2876 ignorare
1639 2818 1701 2860 se
1748 2803 1892 2860 Deus
1949 2803 2211 2875 loquitur,
2320 2817 2397 2871 ιν,
2428 2802 2484 2875 5)
2521 2801 2666 2860 :hoc
2694 2802 2841 2875 quod
2887 2818 3030 2861 nunc
3078 2806 3373 2876 cognovit,
3431 2815 3627 2876 tempus
3661 2811 3724 2860 est
3752 2812 3820 2870 qm

610 2896 967 2971 ignorantiam
995 2897 1215 2971 quidem
1249 2900 1555 2970 prolitetur,
1609 2896 1707 2953 sed
1753 2897 1820 2969 (Ι)
1878 2896 2218 2968 ignoratione
2322 2894 2597 2951 Abraham
2628 2896 2999 2955 testimonium
3026 2896 3257 2971 accepit,
3283 2913 3396 2955 non
3426 2897 3580 2954 etiam
3597 2892 3822 2968 (quonon

609 3000 791 3048 tamen
820 3008 930 3047 non
956 2991 1231 3048 detinetur
1260 3008 1274 3045 :
1306 2991 1433 3047 dum
1466 2991 1534 3046 ad
1580 2990 1634 3046 id
1665 2989 1814 3062 quod
1864 2991 2073 3060 nescit,
2108 3004 2217 3048 non
2325 2987 2669 3060 Deuscoepit.
2703 2989 2978 3047 Abraham
3008 2990 3182 3058 enim,
3210 2991 3531 3051 holocausta
3577 2989 3686 3057 lilii,
3710 2986 3821 3043 dilec-

612 3084 896 3143 nesciendi
924 3085 1210 3141 infirmitas
1242 3095 1363 3154 est,
1396 3084 1495 3143 sed
1523 3095 1616 3143 aut
1640 3094 1853 3156 tempus
1901 3093 1986 3141 est
2007 3100 2116 3141 non
2138 3084 2220 3140 lo—
2325 3081 2525 3137 tionem
2550 3096 2713 3153 quam
2742 3081 2810 3139 ad
2841 3082 3009 3138 Deum
3054 3082 3292 3149 habebat
3358 3084 3607 3149 docuerat
3675 3099 3687 3141 :
3735 3080 3826 3137 Deut

614 3182 809 3255 que'ndi
829 3225 845 3249 ,
879 3191 973 3237 aut
996 3180 1332 3257 dispensatio
1354 3190 1447 3237 est
1477 3195 1589 3237 non
1616 3180 1832 3252 agendi.
1856 3180 2124 3251 Loquitur
2149 3178 2218 3237 ad
2245 3170 2292 3245 Ο
2326 3183 2439 3232 tum
2466 3177 2753 3248 cognovit,
2777 3194 2902 3239 cum
2929 3179 3194 3251 loquitur.
3240 3178 3311 3244 Et
3359 3182 3479 3252 quia
3532 3191 3645 3239 ante
3684 3175 3826 3235 nescire

614 3275 887 3333 Abraham
916 3275 1060 3331 Deus
1085 3274 1273 3331 dicens
1307 3291 1320 3327 :
1349 3272 1558 3329 Clamor
1581 3274 1824 3329 Sodoma:
1844 3284 1892 3328 et
1918 3271 2223 3331 Gomorth
2323 3286 2434 3327 non
2466 3269 2854 3343 intelligendus
2873 3280 2992 3339 est;
3021 3286 3247 3328 necesse
3268 3284 3355 3330 est
3386 3272 3580 3338 ideirco
3600 3281 3704 3329 tunc
3722 3266 3828 3329 intel-

614 3368 857 3437 impletus
886 3375 956 3422 est
977 3406 997 3439 ,ι
1020 3376 1068 3420 et
1100 3375 1306 3436 peccata
1327 3381 1502 3420 eorum
1551 3380 1741 3437 magna
1785 3365 1957 3422 valde.
1998 3365 2224 3421 Descen-
2326 3362 2522 3434 ligatur
2543 3378 2811 3435 cognosse
2831 3406 2844 3430 ,
2877 3365 3002 3436 quia
3031 3365 3285 3436 loquitur.
3318 3367 3385 3423 Et
3409 3365 3477 3424 de
3507 3364 3714 3437 plurimis
3745 3358 3826 3431 qui.

621 3462 741 3516 dam
764 3478 885 3534 ergo
909 3472 955 3515 et
979 3461 1155 3516 videbo
1180 3502 1195 3528 ,
1228 3461 1274 3515 si
1300 3461 1580 3515 secundum
1621 3460 1898 3517 clamorem
1929 3476 2101 3515 eorum
2140 3457 2220 3533 (g)
2324 3457 2449 3515 dem
2474 3502 2487 3527 ,
2513 3475 2635 3531 quae
2655 3459 2722 3515 de
2752 3460 2979 3517 scientia
3010 3461 3105 3517 Dei
3136 3461 3494 3523 Testamento
3522 3460 3681 3525 Veteri
3717 3455 3830 3515 etali-

622 3564 1040 3610 consummantur
1061 3570 1082 3622 ;
1103 3553 1241 3625 quod
1270 3554 1313 3607 si
1341 3570 1473 3619 non,
1506 3563 1561 3607 ut
1588 3552 1750 3607 sciam
1772 3551 1927 3626 (Gen.
1958 3569 2085 3609 xvnt
2105 3594 2122 3622 ,
2148 3552 2220 3612 20
2325 3566 2544 3623 nentur,
2567 3552 2685 3611 haec
2706 3562 2914 3610 tantum
2964 3554 3201 3626 exempli
3251 3569 3421 3617 causa
3485 3555 3783 3614 demonstrata
3809 3560 3830 3603 ι

699 3697 785 3774 (1)
815 3696 1130 3774 Absconditi.
1158 3694 1331 3750 Porro
1351 3693 1635 3774 thensauri,
1655 3692 1832 3774 littera
1862 3692 2215 3763 ninterjecta,
2330 3709 2611 3774 θηριων..
2631 3693 2996 3774 thensaurum;
3023 3693 3241 3761 deinde,
3268 3695 3373 3750 sint
3404 3710 3499 3768 pro
3516 3694 3671 3750 insint.

622 3765 939 3828 constanter
968 3769 1020 3824 in
1056 3766 1256 3824 Veron.
1289 3765 1478 3822 codice
1508 3765 1780 3821 scribitur.
1828 3837 1833 3838 7
1903 3837 1907 3838 7
2086 3836 2097 3838 _
2399 3765 2483 3837 (5)
2505 3766 2611 3838 ﬁed
2633 3776 2755 3820 tunc
2783 3767 2949 3838 scire,
2977 3783 3093 3821 cum
3116 3778 3340 3838 tempus.

697 3842 776 3918 (ἓ)
800 3848 944 3918 A7an
972 3839 1135 3897 verba
1155 3840 1410 3918 {liensum}
1437 3839 1661 3918 ignorat,
1689 3840 1803 3918 haec
1826 3836 2175 3918 liabflcodex
2201 3852 2217 3918 :7
2402 3835 2481 3910 (4)
2512 3836 2793 3895 Demittunt
2817 3835 2987 3897 Deum
3018 3848 3186 3901 luunt.

625 3907 777 3984 Quod
805 3911 931 3970 siin
955 3929 1017 3969 eo
1038 3912 1203 3967 omnis
1221 3909 1445 3966 scientia:
1464 3909 1728 3965 thensauri
1747 3918 1887 3965 sunt.
1917 3907 2087 3965 Paulo
2104 3917 2224 3979 post
2411 3907 2417 3910 ⁷
2463 3907 2470 3909 “
2712 3938 2723 3944 ~

690 4059 769 4133 (a)
782 4058 930 4133 Lips.
948 4055 1140 4133 et_Par.
1158 4050 1256 4110 Dei
1269 4053 1495 4133 patriset
1514 4051 1732 4133 Qltristi;
1744 4050 2219 4133 consentientibus
2325 4051 2664 4107 consummati
2688 4051 2849 4133 sint.”
2872 4050 3113 4133 Marum,
3143 4069 3211 4107 an
3229 4051 3617 4110 consummandi
3646 4049 3748 4113 sint,
3766 4040 3829 4098 cui

626 4122 824 4187 nostris
853 4122 1015 4187 'sacri
1046 4137 1224 4184 textus
1254 4122 1657 4198 exemplaribus
1692 4142 1705 4176 :
1732 4122 1827 4198 sed
1852 4123 2216 4198 renitentibus
2329 4122 2851 4198 nonconsummandi
2878 4124 3002 4179 sint.

625 4203 782 4268 Bad.,
804 4201 895 4256 Er.
930 4210 980 4256 et
1008 4215 1139 4256 mss.
1167 4212 1386 4254 necnon
1417 4193 1655 4267 siihjecta
1682 4196 1967 4253 verborum
2001 4195 2219 4251 illorum
2402 4193 2588 4270 (i)7Sic
2630 4210 2760 4270 mss.
2794 4210 2906 4270 uno
2931 4204 3159 4270 excepto
3184 4195 3348 4270 Vind.
3384 4198 3440 4259 in
3468 4211 3576 4270 qua
3596 4199 3832 4269 exstant“

628 4267 987 4344 expositione.
1178 4341 1223 4344 77
1385 4339 1412 4344 _
1514 4339 1524 4344 7
1585 4338 1641 4344 77
2056 4339 2066 4344 _
2165 4339 2175 4344 7
2330 4283 2389 4320 ea
2408 4268 2573 4344 scire,
2605 4267 2727 4329 quia
2772 4268 2980 4344 nesciat.
3036 4268 3267 4344 Eacusi,
3323 4287 3427 4344 non
3474 4267 3531 4325 éa
3581 4276 3684 4321 lunt:
3719 4267 3829 4344 sti"!

698 4338 774 4416 (ὁ)
801 4344 1150 4401 Removimus
1176 4341 1300 4416 hinc
1321 4383 1337 4408 ,
1374 4339 1524 4405 Quod
1552 4338 1597 4393 si
1626 4339 1680 4392 in
1702 4355 1762 4416 eo
1792 4353 1966 4394 omnes
1994 4339 2224 4394 sciettlt'te
2331 4339 2451 4416 quia
2480 4340 2621 4409 prius
2643 4339 2859 4416 nesciat.
2895 4339 2997 4416 Pro
3016 4340 3137 4416 quia
3193 4343 3423 4416 nesciat,
3466 4353 3642 4397 sensus
3682 4338 3831 4416 exigui;

632 4403 857 4472 lites/turi
887 4424 1037 4481 sunt,
1081 4403 1347 4482 potiorum
1380 4403 1511 4465 niss.
1554 4411 1895 4483 auctoritate.
2058 4482 2061 4483 7
2333 4403 2544 4466 videtur
2567 4411 2688 4483 quia
2711 4428 2847 4483 nunc
2862 4403 3103 4466 sciaLEt
3121 4412 3340 4483 quidem
3362 4403 3484 4469 cum
3528 4421 3709 4483 veteres
3749 4403 3828 4483 Ιίὶξξί

703 4488 775 4560 (ε)
808 4486 867 4560 In
898 4472 1266 4560 dnuhu'smss.
1297 4484 1350 4536 in
1380 4500 1433 4537 se
1459 4492 1532 4536 est
1578 4498 1597 4534 :
1651 4480 1795 4548 quod
1854 4496 1960 4537 non
2017 4482 2215 4560 placet.
2333 4498 2470 4560 nunc
2492 4472 2697 4539 duabus
2727 4482 2922 4539 litteris
2967 4500 3031 4537 nc
3065 4472 3389 4560 exhibeant,
3416 4557 3429 4560 7
3451 4499 3548 4560 nec
3592 4481 3725 4560 verb}
3758 4472 3832 4560 ll“?

629 4549 895 4629 Superius
925 4560 1067 4612 enim
1090 4556 1726 4629 Christussacramentum
1756 4568 1860 4629 non
1892 4549 2055 4629 semel
2080 4570 2219 4622 prte-
2333 4555 2495 4629 tnodo
2521 4570 2705 4629 asese
2727 4564 2981 4629 separant
3003 4598 3017 4620 ,
3046 4570 3124 4629 ex
3156 4557 3353 4613 nesciat
3410 4557 3560 4613 facile
3606 4549 3832 4629 conieclnﬂl

630 4620 864 4696 dicatur,
896 4631 995 4684 hoc
1022 4639 1126 4693 est,
1158 4630 1295 4681 Deus
1321 4624 1687 4687 absconditus,
1718 4623 1871 4692 cujus
1900 4620 2087 4679 formai
2126 4640 2222 4691 per
2334 4625 2405 4679 sit
2432 4628 2644 4680 nesciat.
2679 4620 2882 4681 Deinde
2912 4642 3014 4684 ms.
3044 4626 3254 4682 Martin.
3277 4629 3367 4683 sed
3388 4638 3497 4684 tum
3513 4629 3657 4691 scire,
3684 4620 3836 4675 cum“

631 4704 1025 4774 Suet-optionem
1100 4696 1416 4774 humilitatis
1453 4711 1727 4764 corporeae
1783 4697 1881 4749 luit
1924 4698 2217 4752 exinanita.
2334 4707 2534 4774 tempus
2554 4700 2621 4752 ad
2649 4698 2923 4774 agendum.

634 4755 822 4830 Dustea
885 4789 1025 4837 mss.
1074 4770 1284 4827 Martia.
1338 4784 1452 4840 qua:
1496 4755 1563 4824 ea:
1583 4784 1636 4822 sc
1662 4776 1802 4831 sunt,
1851 4782 1949 4837 pro
1975 4784 2089 4837 quae
2136 4786 2227 4824 ηε·
2256 4805 2313 4872 D
2343 4838 2375 4872 Α
2410 4755 2652 4872 (iliceti
2680 4755 2831 4824 verbi
2858 4771 2987 4872 sci're
3004 4770 3241 4840 prmtulit
3258 4771 3517 4829 Erasmus
3537 4755 3833 4872 With???

636 4864 655 4872 ι.
674 4847 727 4872 ,ει
2382 4856 2487 4872 nn...
2508 4857 2537 4872 η
2562 4850 2899 4872 unumunum-nul
2966 4842 3133 4872 ἔκδυε
3163 4856 3212 4872 Α.
3246 4846 3332 4872 ,συ-ζ
3382 4846 3433 4872 Ξ..
3491 4852 3724 4872 ,ιλιι-Δηὶα
3817 4855 3833 4866 -

632 4847 747 4902 scit.
1006 4830 1023 4837 ⁷
1350 4830 1362 4840 ’
1498 4913 1505 4915 7
1790 4830 1797 4831 ί
1989 4830 1997 4837 ⁷
2147 4911 2194 4915 Μ
2257 4830 2313 4872 ν
2343 4830 2537 4915 deinde
2560 4830 3137 4915 arripttertititbipsitts
3160 4856 3216 4898 et
3245 4846 3332 4915 qui
3382 4846 3433 4900 in
3490 4852 3726 4914 postrema
3749 4830 3835 4915 ίιξιῖὶξ

702 4917 781 4987 (ά)
811 4916 864 4971 Id
893 4924 997 4982 est,
1031 4931 1138 4969 non
1159 4930 1218 4968 ea
1251 4920 1364 4980 est,
1412 4920 1469 4966 ut
1495 4911 1824 4987 intelligatur
1851 4910 2116 4987 ignorare.
2140 4911 2233 4968 Sic
2343 4914 2488 4967 tione
2517 4913 2635 4967 Par.
2666 4904 3004 4987 corrigenda
3037 4904 3557 4981 operam-nauarent
3600 4931 3613 4967 :
3654 4904 3834 4987 omtgib“?

632 4978 802 5055 infra,
832 4978 1002 5042 Habes
1034 5002 1245 5041 causam
1288 4978 1564 5056 ignorandt'
1608 4978 1717 5039 sine
1761 4982 2096 5056 intelligentia
2141 5000 2232 5039 ne-
2343 4999 2510 5053 prope
2535 5000 2663 5039 mss.
2698 4978 3106 5056 reluctantibus.
3141 4988 3250 5042 lloc
3272 4989 3372 5046 sibi
3400 4989 3514 5043 vult
3567 5005 3580 5043 :
3618 4978 3835 5056 ουφρερι

632 5044 863 5135 sciendi,
895 5060 1006 5135 hoc
1025 5071 1129 5124 est,
1163 5044 1336 5135 hahes
1366 5072 1462 5111 cur
1489 5072 1549 5112 se
1579 5064 1700 5128 agat
1730 5063 1787 5110 ut
1817 5044 2093 5126 ignorans,
2127 5070 2227 5119 nec
2340 5044 2472 5135 iure
2493 5056 2711 5135 dicitur,
2742 5072 2847 5135 non
2880 5044 3387 5135 lititte077dentutatio
3410 5059 3566 5135 (male
3586 5044 3830 5135 apud

840 5112 1169 5201 inlelligatur
1195 5130 1422 5201 nescire.
1588 5112 1641 5201 7v
1834 5112 1903 5201 VA
1944 5198 1975 5201 77
2076 5112 2093 5125 ’
2160 5116 2163 5119 ’
2340 5124 2433 5201 Er.
2468 5137 2523 5189 et
2550 5128 2602 5183 in
2631 5112 2763 5201 mss.
2791 5128 3039 5196 Marum,
3059 5112 3378 5196 diminutiol
3407 5112 3831 5201 abi—igitut’attliiild

709 5205 781 5278 (e)
809 5196 1130 5278 Particulain
1154 5217 1269 5256 cum
1290 5200 1546 5256 omittunt
1571 5199 1676 5258 duo
1698 5215 1831 5259 mss.
1862 5196 2046 5270 Colb.,
2079 5214 2223 5256 unus
2336 5199 2651 5278 scientiam,
2674 5200 2768 5278 sed
2798 5201 3056 5255 indicatur
3082 5196 3621 5278 temporisplenitudo.
3668 5267 3695 5278 _7
3779 5256 3813 5278 Η

629 5257 861 5349 Sui-him.
891 5288 945 5331 et
974 5273 1160 5330 Germ.
1205 5344 1217 5349 _
1380 5344 1390 5349 _
1722 5257 1731 5258 ⁷⁷
2030 5257 2076 5349 '7
2410 5269 2487 5349 (k7)
2516 5270 2571 5349 lu
2605 5257 2879 5344 plerisque
2907 5287 3038 5330 mss.
3094 5284 3148 5330 et
3185 5257 3751 5349 'apudriiardepetilnr
3779 5257 3836 5313 hic

700 5350 768 5423 (f)
808 5348 1063 5423 German.
1119 5344 1321 5423 codex,
1372 5344 1627 5423 ignoratio
1677 5354 1986 5423 tamennon
2041 5345 2216 5423 datur.
2333 5343 2593 5423 particula
2623 5352 2694 5423 ut.

633 5400 838 5498 Deinde
864 5400 1019 5498 Lips.
1051 5427 1105 5473 et
1132 5416 1255 5472 Par.
1285 5400 1417 5469 dun;
1430 5417 1519 5486 id,
1572 5400 1845 5487 expuncto
1895 5400 1963 5472 ad
2013 5418 2220 5488 absque
2334 5400 2352 5418 ’
2395 5415 2478 5498 ,(ι)
2510 5416 2565 5470 In
2610 5415 2871 5498 vulgatis,
2910 5415 3191 5477 Dominum
3212 5416 3377 5485 Deitas
3402 5428 3559 5481 tuum.
3599 5400 3835 5498 adeste}:

628 5493 732 5548 ulla
766 5480 1165 5562 auctoritatc.77
1231 5560 1237 5562 7
1876 5557 1935 5562 ω
2046 5559 2057 5562 7
2175 5558 2186 5562 7
2302 5548 2306 5552 ,
2335 5480 2531 5562 mittunt
2563 5502 2592 5543 a
2624 5480 2754 5542 mss.
2783 5486 2953 5544 Abest
2979 5480 3405 5561 praetereamus
3428 5507 3456 5545 a
3480 5480 3835 5562 gracuellﬂlno

703 5562 780 5635 lg)
810 5563 958 5621 Unus
986 5579 1087 5618 ms.
1120 5560 1295 5635 Vatic.
1330 5574 1450 5635 ct_tm
1504 5557 1714 5635 Remig.
1769 5569 1828 5635 _e_t
1875 5557 2228 5635 'I‘7heod.__hic
2334 5558 2629 5635 Scriptura!
2661 5569 2830 5615 textu.

632 5617 1009 5701 ειιιᾶἶίξὰἆῖηε
1028 5634 1327 5689 venientem.
1361 5631 1495 5688 Tum
1528 5631 1580 5686 in
1607 5617 1741 5686 solis
1768 5630 1981 5687 Martio.
2012 5640 2068 5687 et
2097 5630 2225 5686 Vat.
2412 5617 2521 5760 ("1%
2538 5631 2666 5687 Post
2691 5648 2848 5703 neque
2872 5630 3129 5689 reticetur
3158 5634 3331 5704 cadat;
3351 5617 3835 5703 adeoquepaﬂiﬂlhm

632 5706 1295 5760 bas..consuntmabuntur.
2339 5712 2394 5756 ut
2425 5720 2484 5758 su
2526 5714 2838 5760 sequentem
2865 5719 2896 5759 a
2929 5703 3111 5760 Linsio
3141 5722 3420 5760 uernat-am
3464 5710 3740 5760 exuitle
3774 5701 3835 5743 η’

632 5706 1295 5780 bas.,consuntmabuntur.
1671 5774 1682 5780 _
1735 5773 1747 5780 _
1956 5775 1967 5780 _
2125 5775 2135 5780 _
2339 5701 2842 5780 ut7sti7bsequent_tetn
2865 5719 2896 5759 a
2929 5703 3111 5780 [Αἰνεία
3141 5701 3421 5780 perperam
3444 5701 3740 5778 'eiputtclw
3774 5701 3835 5743 η’

699 5777 778 5851 (Ιι)
806 5777 1045 5834 Potiores
1071 5792 1225 5845 niss.,
1248 5793 1316 5832 an
1345 5774 1682 5832 consummati
1701 5773 1824 5845 sint,
1849 5783 1896 5830 et
1922 5775 1967 5832 si
1996 5775 2229 5837 nondum
2340 5773 2615 5830 siituimus
2647 5791 2713 5831 ex
2736 5775 2866 5832 Bad.
2887 5818 2902 5844 ,
2936 5773 3028 5832 Er.
3061 5787 3116 5834 ct
3142 5773 3276 5836 mss.
