3988 6332
561 271 671 330 555

1781 260 2027 321 SANCTI
2059 259 2316 317 lilLAlill
2346 260 2651 321 EPISCOPI
3358 262 3361 265 ’
3698 272 3775 332 556

568 385 803 440 abscousi
833 382 1054 452 ((Joloss.
1105 396 1167 448 ιι,
1198 379 1278 451 5).
1312 379 1408 435 Est
1444 390 1573 448 ergo
1622 377 1887 433 absconsa
1914 372 2171 431 scientia:
2201 375 2256 436 Α
2280 383 2335 431 ει
2358 376 2529 433 solida
2560 376 2779 450 liquidis
2808 377 2889 451 (2)
2915 394 3023 434 non
3073 378 3305 446 cedant;
3334 380 3448 452 quia
3468 396 3574 438 cum
3599 399 3686 439 non
3711 403 3777 455 pa-

572 497 696 552 quac
733 479 858 550 quia
887 474 1262 532 abscondenda
1298 482 1404 540 est,
1446 470 1711 529 interdum
1763 479 1817 525 et
1867 467 2164 524 nescientia

573 574 880 633 conﬁtenda
916 580 1018 635 est,
1066 580 1122 626 ut
1161 583 1283 626 esse
1310 569 1481 641 possit
1514 568 1798 624 absconsa.
1832 563 1962 619 Nam
1987 562 2032 617 si
2063 561 2167 616 erit

567 669 623 726 in
659 663 1075 741 protestatione,
1101 678 1209 720 non
1235 664 1398 720 etiam
1447 662 1500 717 in
1532 667 1741 717 secreto
1770 655 2027 713 manebit.
2057 652 2162 709 Ne-

569 771 661 834 gat
686 774 818 831 ergo
856 775 916 816 se
936 756 1079 814 scire
1105 775 1119 812 :
1146 767 1205 813 ιιι
1225 756 1452 813 scientia
1481 753 1653 826 possit
1679 765 1801 809 esse
1823 747 2161 806 abscondita.

568 853 723 924 Quod
743 853 791 911 si
812 852 1015 909 idcirco
1048 851 1242 920 nescit,
1273 860 1336 906 ιιι
1355 847 1578 905 scientia
1608 854 1823 902 maneat
1850 843 2113 900 absconsa
2147 856 2165 909 ;

570 965 682 1009 non
715 964 810 1018 per
849 954 1097 1003 naturam
1142 945 1315 1003 nescit
1342 943 1522 1000 omnia
1558 942 1759 1009 sciens,
1793 938 1936 1012 quod
1968 936 2169 993 idcirco

568 1052 802 1109 tantum,
848 1050 907 1097 ιιι
950 1042 1275 1098 absconsum
1320 1039 1413 1108 sit,
1471 1037 1663 1096 nescit.
1695 1035 1802 1093 Cur
1842 1043 2026 1090 autem
2057 1030 2167 1088 diei

574 1135 801 1192 scientia
830 1134 1097 1190 absconsa
1134 1132 1225 1199 sit,
1257 1148 1364 1189 non
1414 1132 1468 1188 in
1519 1131 1750 1187 obscuro
1788 1138 1892 1186 est.
1928 1127 2172 1199 Namque

573 1244 804 1286 monens
835 1242 935 1282 nos
965 1227 1237 1283 irremissa
1269 1224 1375 1281 llde
1419 1225 1654 1280 intentos
1684 1237 1898 1293 semper
1926 1235 2167 1286 manere,

573 1319 919 1378 securitatem
951 1318 1273 1390 cognitionis
1304 1316 1381 1389 (a)
1412 1316 1648 1372 delinitte
1677 1314 1880 1370 ademit
1914 1331 1928 1367 :
1957 1321 2016 1368 ιιι
2037 1328 2169 1385 pen-

574 1415 720 1472 dulas
748 1414 1169 1485 exspectationis
1204 1410 1414 1468 incerto
1443 1425 1596 1466 mens
1621 1408 1871 1473 sollicita,
1908 1404 2171 1461 festinans

576 1518 632 1565 et
659 1507 924 1563 adventus
946 1505 1087 1561 diem
1110 1518 1326 1574 semper
1345 1510 1687 1574 esSpectans,
1713 1514 1928 1570 semper
1949 1512 2172 1569 exspec-

575 1602 742 1659 tando
771 1609 1058 1673 speraret;
1095 1612 1390 1669 curamque
1435 1596 1748 1668 pervigilem
1782 1595 2045 1650 incertum
2088 1592 2168 1661 ip-

573 1708 719 1762 sum,
750 1708 857 1749 non
905 1690 1209 1761 ambigendi
1241 1700 1419 1744 tamen
1461 1688 1738 1759 temporis,
1770 1686 2062 1743 detineret.
2092 1684 2167 1740 Ita

571 1788 716 1842 enim
739 1786 996 1842 Dominus
1024 1784 1131 1839 ait:
1163 1782 1289 1838 Ideo
1314 1791 1362 1837 et
1389 1797 1477 1836 vos
1497 1780 1848 1853 estoteparati,
1868 1780 1991 1849 quia
2013 1778 2173 1833 nesci-
2200 1779 2248 1843 B
2276 1798 2387 1853 quia
2412 1784 2464 1837 in
2492 1781 2604 1838 Deo
2615 1793 2893 1839 suntnemo
2917 1785 3074 1851 novit,
3100 1784 3198 1839 nisi
3220 1782 3449 1853 Spiritus
3474 1782 3601 1855 Dei(

575 1880 641 1935 tis
651 1897 755 1951 qua
769 1879 900 1934 hora
912 1879 1051 1948 ﬁlius
1062 1876 1284 1933 hominis
1297 1886 1540 1931 venturus
1556 1884 1628 1929 est
1653 1871 1865 1944 (Matth.
1890 1886 2039 1938 χχιιι,
2053 1869 2170 1941 44).

579 1974 648 2031 Ει
673 1989 886 2029 rursum
915 1990 928 2028 :
956 1971 1143 2027 Beatus
1170 1972 1261 2026 ille
1301 1986 1472 2026 servus
1500 1984 1649 2040 quem
1688 1968 1892 2023 veniens
1921 1964 2174 2021 Dominus

572 2069 690 2140 ejus
714 2064 790 2139 (b)
814 2066 1056 2121 invenerit
1084 2066 1158 2119 sic
1184 2064 1450 2135 facientem
1501 2059 1700 2137 (Ibid.,
1740 2060 1856 2133 46).
1904 2058 2174 2132 lgnoratio

571 2172 680 2214 non
697 2157 764 2213 ad
780 2172 1021 2213 errorem
1043 2155 1139 2211 fuit
1153 2154 1478 2220 necessaria,
1496 2154 1588 2210 sed
1604 2154 1668 2208 ad
1690 2151 2170 2224 perseverantiam.

578 2248 691 2305 Nec
711 2260 961 2317 negatum
993 2246 1045 2303 id
1067 2246 1132 2302 ad
1162 2247 1546 2304 detrimentum
1570 2255 1676 2313 est,
1699 2243 1844 2316 quod
1871 2245 2171 2316 ignoratum

575 2341 739 2415 311
795 2340 980 2398 tribuit
1026 2340 1441 2407 incrementum,
1490 2354 1559 2394 nc
1618 2337 1857 2394 scientia:
1911 2338 2174 2393 securitas

572 2433 951 2503 negligentiam
982 2429 1106 2486 ﬁdei
1133 2430 1487 2487 dissimulata:
1510 2427 1584 2502 (ε)
1606 2428 1885 2494 est-itaret,
1910 2427 2003 2484 sed
2034 2443 2175 2500 pineo

583 2523 916 2594 parationem
960 2522 1289 2579 irremissam
1364 2522 1696 2593 exspectatio
1754 2520 2026 2577 indeﬁnita
2082 2536 2173 2578 re-

571 2614 814 2671 tineret:
843 2614 923 2687 (d)
940 2629 1058 2684 quae
1074 2613 1234 2670 modo
1257 2614 1389 2669 l‘uris
1418 2612 1764 2670 metuendum
1787 2629 2001 2684 semper
2020 2629 2176 2670 eave-

578 2714 663 2763 ret
692 2708 769 2778 (l)
796 2706 1108 2773 adventum,
1159 2706 1252 2762 illo
1273 2706 1505 2779 eligente
1534 2705 1706 2762 somni
1731 2716 1938 2777 tempus
1959 2706 2025 2761 ad
2065 2705 2174 2762 iur-

576 2810 725 2856 tum:
748 2799 1134 2871 patrefantilias
1162 2815 1289 2856 vero
1302 2801 1512 2869 domus,
1535 2799 1940 2871 datnnisentper
1959 2801 2171 2869 timore,

570 2894 846 2966 vigilante.

643 2989 734 3045 68.
779 2988 1058 3056 Christum,
1091 2990 1182 3045 etsi
1220 2988 1445 3044 humana
1494 2998 1717 3058 penetret
1758 2998 1814 3044 ut
1864 2990 2049 3062 potior,
2081 3007 2176 3063 pa-

581 3093 728 3138 terna
769 3093 1039 3153 penetrare
1077 3082 1256 3137 nolunt
1305 3093 1359 3137 ut
1404 3083 1719 3154 inferiorem.
1751 3084 2172 3158 —Quantquam

2269 477 2413 525 tcant
2442 470 2617 534 valida
2664 471 2990 538 inﬁrmibus,
3016 472 3209 529 validis
3239 482 3408 529 tamen
3437 474 3620 530 inﬁrma
3656 494 3779 547 pcne-

2272 570 2508 618 trantur:
2544 561 2626 619 0b
2671 563 2723 619 id
2753 579 2884 635 ergo
2923 566 3278 637 cogitationes
3299 565 3390 623 Dei
3420 568 3566 638 patris
3589 568 3781 640 ignorare

2270 654 2437 712 Filius
2464 656 2532 713 ab
2560 656 2738 727 impiis
2779 658 2997 727 dicitur,
3036 659 3162 731 quia
3190 658 3432 716 inﬁrmus
3455 660 3557 731 ipse
3588 677 3687 717 eum
3708 667 3775 729 sit,

2270 765 2376 807 non
2406 751 2561 806 adeat
2592 749 2827 808 ineundo
2853 756 3141 824 ponerem,
3168 768 3270 810 nec
3300 753 3551 810 valentem
3571 755 3780 815 invalidus

2274 852 2628 900 transcurrat.

2342 937 2431 995 69.
2464 937 2719 995 Christum
2745 939 2907 996 Patre
2932 940 3227 1013 inferiorem
3252 939 3355 995 dici
3384 956 3479 996 non
3516 940 3787 998 siuuutScri-

2272 1040 2456 1103 pturw.
2493 1029 2649 1087 Pater
2688 1041 2737 1087 et
2772 1030 2942 1087 Filius
2971 1032 3235 1103 speculum
3275 1035 3719 1103 mutuum—Qum
3753 1037 3784 1092 si

2272 1125 2393 1196 quis
2415 1140 2521 1181 non
2553 1124 2716 1181 modo
2746 1142 2842 1183 ore
2870 1127 3157 1183 temerario
3178 1127 3319 1195 loqui
3340 1126 3547 1182 audebit
3569 1127 3628 1183 de
3645 1129 3785 1199 unigc‘

2274 1217 2387 1272 nito
2410 1217 2541 1280 Deo.
2575 1233 2761 1274 vermn
2805 1219 2967 1275 etiam
3018 1218 3183 1276 corde
3227 1219 3391 1290 impio
3420 1221 3661 1292 cogitare;
3685 1223 3789 1292 Apo-

2272 1310 2471 1367 smlum
2487 1312 2558 1367 ita
2572 1310 2640 1368 de
2658 1311 2864 1382 Spiritu
2898 1320 3087 1367 sancto
3116 1311 3183 1368 ad
3202 1310 3510 1368 Corinthios
3528 1313 3786 1373 scribentem

2273 1405 2572 1463 credidisse
2597 1416 2893 1478 cognoscat
2912 1404 3101 1462 :Nobis
3137 1416 3308 1463 autem
3339 1407 3566 1463 reuelauit
3590 1405 3705 1465 Deus
3724 1424 3787 1479 per

2276 1500 2532 1572 Spiritum
2573 1517 2746 1557 suum.
2812 1500 3041 1571 Spiritus
3077 1503 3212 1557 enim
3265 1503 3437 1558 omnia
3476 1506 3715 1570 scrutata,
3760 1514 3792 1559 ιι

2272 1594 2379 1648 alta
2411 1593 2526 1650 Dei.
2560 1596 2688 1662 Quis
2722 1596 2861 1651 enim
2901 1596 2999 1651 scit
3043 1595 3307 1652 hominum
3331 1613 3444 1669 qua:
3460 1608 3571 1652 sunt
3604 1590 3786 1669 Ιιριὶιιὶι,

2273 1596 2379 1648 alta
2411 1596 2526 1650 Dei.
2560 1596 2688 1662 Quis
2722 1596 2861 1651 enim
2901 1596 2999 1651 scit
3043 1596 3307 1652 hominum
3331 1613 3444 1669 qua:
3460 1608 3571 1652 sunt
3638 1662 3647 1669 _
3706 1598 3786 1662 ἠὼ,

2273 1703 2386 1757 qua:
2425 1688 2480 1743 in
2518 1689 2633 1758 ipso
2677 1686 2770 1761 (Γ),
2803 1689 2904 1744 nisi
2931 1690 3141 1762 spiritus
3168 1691 3258 1759 qui
3304 1690 3359 1743 in
3386 1691 3494 1761 ipso
3531 1596 3727 1857 ειιέ
3757 1701 3790 1744 et

2276 1798 2387 1853 quia
2412 1784 2464 1837 in
2492 1781 2604 1838 Deo
2615 1793 2893 1839 suntnemo
2917 1785 3074 1851 novit,
3100 1784 3198 1839 nisi
3220 1782 3449 1853 Spiritus
3474 1782 3568 1838 Dei
3585 1772 3639 1855 (i‘
3724 1798 3790 1850 .tt,

3606 1772 3734 1850 Ιῗοτ.
3753 1798 3792 1850 ιι,

2281 1876 2349 1933 10
2370 1919 2386 1944 ,
2418 1877 2529 1949 il).
2560 1876 2664 1935 Sed
2717 1878 2832 1933 haec
2861 1878 3040 1933 inania
3071 1877 3435 1949 corporalimn
3475 1866 3795 1949 remisissem-

2278 1969 2361 2040 pla
2405 1944 2744 2039 spernentes,
2775 1969 2943 2025 Deum
2985 1969 3052 2025 de
3081 1944 3219 2038 Deo,
3244 1981 3295 2025 et
3342 1969 3591 2042 Spiritum
3627 1944 3796 2118 msu-

2278 2064 2406 2118 ritu.
2429 2062 2718 2118 virtutibus
2744 2064 2855 2118 suis
2897 2062 3093 2118 notius.
3122 2079 3284 2118 quam
3314 2062 3392 2118 (al
3430 2064 3639 2118 terrenis
3715 2062 3796 2118 udi

2276 2064 2409 2127 ritu,
2429 2062 2718 2119 virtutibus
2744 2064 2855 2119 suis
2896 2062 3093 2134 potius,
3122 2079 3284 2135 quam
3314 2062 3392 2137 (g)
3430 2064 3639 2120 terrenis
3661 2062 3796 2119 eam.

2278 2155 2514 2210 tionibus
2558 2154 2910 2211 aestimemus.
2940 2153 3297 2211 Estimemus
3350 2165 3547 2221 autem,
3573 2171 3663 2211 non
3683 2169 3797 2209 sensu

2279 2256 2484 2312 nostro.
2517 2247 2612 2305 sed
2660 2248 2993 2320 professione
3022 2248 3240 2304 divina:
3274 2258 3329 2305 et
3380 2247 3647 2304 credamus
3668 2247 3707 2303 ei
3738 2244 3798 2316 qui

2276 2343 2370 2411 ait,
2404 2343 2505 2409 Qui
2549 2359 2627 2398 me
2658 2341 2803 2408 vidit,
2836 2342 2958 2397 vidit
2984 2353 3031 2397 et
3058 2339 3271 2396 Patrem
3295 2340 3480 2409 (Joan.
3518 2355 3618 2406 xiv,
3643 2338 3708 2409 9).
3726 2337 3798 2392 Nec

2277 2437 2588 2509 ignoremus
2619 2452 2740 2493 eum
2770 2436 2861 2509 qui
2896 2436 3050 2504 dixit,
3093 2434 3184 2491 Vel
3213 2435 3456 2507 operibus
3495 2436 3569 2508 (5)
3602 2434 3706 2487 meis
3726 2446 3800 2486 cte-

2280 2527 2403 2595 dite,
2434 2529 2554 2600 quia
2584 2528 2740 2584 Pater
2771 2529 2823 2583 iu
2844 2544 2945 2596 me,
2976 2535 3026 2583 et
3056 2544 3150 2597 ego
3200 2528 3255 2582 in
3285 2525 3447 2583 Patre
3470 2526 3633 2600 (Joan.
3664 2522 3799 2594 s,38).

2276 2620 2386 2678 Nec
2430 2621 2740 2694 ignoremus
2779 2637 2924 2687 eum,
2956 2622 3047 2694 qui
3090 2622 3304 2678 locutus
3353 2631 3459 2690 est,
3487 2620 3637 2695 312
3660 2617 3741 2690 Ego
3770 2624 3802 2671 et

2283 2712 2436 2769 Pater
2462 2731 2615 2769 unum
2637 2732 2809 2770 sumus
2832 2714 2882 2786 (1
2890 2715 2993 2769 bid.
3018 2713 3133 2788 ὅθ).
3154 2715 3211 2773 Si
3230 2715 3377 2771 enim
3405 2730 3612 2772 sensum
3625 2723 3798 2768 nostrum

2279 2824 2460 2864 rerum
2518 2808 2735 2863 nomina
2793 2806 3088 2864 secundum
3131 2805 3426 2863 humanam
3475 2802 3796 2877 intelligentiam

2278 2914 2698 2960 commemorata
2745 2904 3099 2959 conﬁrmant:
3137 2917 3243 2958 non
3295 2902 3462 2960 habet
3490 2903 3554 2958 ab
3578 2917 3637 2958 eo
3657 2910 3803 2956 natura

2278 2995 2660 3065 diﬁ‘erentiam,
2688 2995 2741 3051 itt
2767 3011 2873 3067 quo
2905 3011 3000 3066 per
3029 2995 3441 3066 intelligentiam
3471 2994 3551 3069 (It)
3572 2995 3675 3067 quis
3699 2991 3805 3045 vide-

2281 3098 2400 3153 tur;
2438 3104 2536 3145 nec
2567 3087 2743 3145 dill‘ert
2784 3089 2837 3144 in
2862 3104 3081 3159 genere,
3113 3088 3203 3160 qui
3254 3098 3561 3146 manentem
3598 3086 3645 3143 in
3680 3100 3726 3141 se
3745 3083 3809 3137 ln-

572 3177 735 3252 igitur
757 3195 862 3233 non
891 3177 1177 3234 obscurum
1210 3178 1301 3244 sit,
1337 3178 1725 3249 ignorationem
1758 3177 1851 3235 Dei
1875 3195 1982 3235 non
2016 3178 2171 3251 igno—
2201 3183 2246 3247 C
2282 3181 2436 3250 bens,
2459 3179 2601 3236 inest
2642 3182 2693 3235 in
2719 3192 2966 3237 manente
2996 3197 3010 3245 ;
3044 3196 3143 3238 nec
3170 3178 3374 3238 diversi
3414 3191 3556 3248 sunt,
3583 3178 3659 3250 qui
3692 3190 3807 3231 unum

569 3273 834 3329 rationem
863 3286 1004 3338 esse,
1033 3273 1131 3329 sed
1183 3285 1584 3329 sacramentum
1610 3292 1622 3327 :
1655 3274 1781 3329 dum
1833 3290 1929 3345 per
1953 3274 2172 3345 dispen-

569 3366 834 3422 sationem
875 3374 969 3421 aut
1010 3365 1228 3438 agendi,
1270 3375 1362 3422 aut
1410 3367 1766 3438 protestandi,
1818 3376 1911 3422 aut
1948 3367 2176 3424 demon-

581 3458 790 3514 strandi
818 3458 897 3512 sic
914 3459 1108 3525 nescit,
1135 3469 1193 3512 ιιι
1223 3458 1396 3523 sciat;
1429 3468 1485 3514 et
1511 3460 1590 3514 sic
1620 3474 1724 3515 non
1754 3462 1945 3527 nescit,
1973 3471 2031 3515 ut
2054 3475 2179 3517 nes-

572 3554 721 3608 ciat:
766 3561 945 3608 tamen
976 3550 1263 3607 videndum
1304 3561 1425 3616 est,
1459 3567 1524 3607 ne
1576 3552 1709 3607 forte
1733 3562 1787 3607 et
1818 3552 1889 3607 ita
1931 3553 2178 3609 inﬁrmus

568 3645 663 3711 sit,
688 3652 745 3699 ut
772 3660 857 3709 ea,
884 3660 1005 3715 qua:
1037 3643 1195 3700 Pater
1224 3643 1350 3710 scit,
1374 3644 1511 3699 seire
1552 3660 1657 3700 non
1709 3644 1910 3715 possit:
1948 3653 2167 3716 potente

569 3737 789 3809 quidem
816 3751 883 3793 eo
925 3736 1277 3809 cogitationes
1307 3736 1661 3793 humanorum
1694 3738 1941 3795 eordium
1968 3753 2162 3795 nosse:

571 3829 699 3902 quia
749 3840 938 3885 natura
971 3830 1149 3901 potior
1186 3829 1422 3886 metibns
1448 3844 1507 3886 se
1544 3840 1747 3886 natura:
1780 3830 2051 3887 inferioris
2072 3830 2168 3886 ad-

581 3922 829 3989 misceat,
880 3938 1109 3995 eamque
1158 3931 1427 3995 tamquam
1484 3922 1811 3980 imbecillam
1864 3922 2175 3980 vehementi

577 4017 775 4072 virtute
799 4024 1162 4071 transcurrat:
1194 4015 1286 4072 sed
1328 4016 1597 4086 impotens
1617 4016 1687 4071 sit
1716 4014 2175 4073 vehementiorem

574 4110 645 4183 (ε)
677 4112 757 4168 sui
783 4120 1027 4167 naturam
1053 4110 1319 4167 inﬁrmior
1349 4111 1462 4182 ipsa
1493 4120 1817 4182 penetrare;
1857 4112 1981 4183 quia
2010 4112 2176 4169 ntale-

577 4203 660 4259 via
691 4203 970 4276 gravibus,
997 4215 1051 4261 et
1107 4219 1227 4259 rara
1272 4203 1478 4270 densis,
1505 4212 1562 4259 et
1591 4204 1789 4276 liquida
1834 4205 2022 4261 solidis
2051 4213 2180 4263 sunt

577 4297 799 4368 pervia;
824 4297 898 4354 ita
926 4305 1119 4353 contra
1163 4306 1217 4351 et
1246 4297 1431 4368 gravia
1467 4296 1520 4352 le
1539 4295 1714 4363 vibus,
1748 4308 1801 4352 et
1829 4295 1998 4354 densa
2035 4298 2183 4354 raris

654 4459 735 4535 (l)
764 4458 885 4515 Vox
928 4457 1203 4513 adventum
1256 4455 1411 4537 deest
1458 4456 1510 4510 in
1550 4465 1737 4513 nostro
1770 4456 1974 4515 codice.
2026 4460 2171 4534 Mox,

578 4549 729 4590 omne
751 4541 969 4601 tempus,
1003 4545 1108 4583 non
1131 4544 1293 4582 summ
1320 4537 1538 4598 tempus.

649 4603 732 4679 (2)
764 4602 885 4657 Non
907 4601 1117 4657 cedunt.

580 4759 684 4798 non
720 4738 981 4797 excusavit
1025 4736 1362 4797 mendacium.
1424 4735 1514 4791 sed
1557 4753 1659 4791 non
1707 4753 1815 4794 esse
1855 4745 2170 4802 monstravit.

582 4810 994 4884 Eamdem_ipse
1028 4812 1271 4884 sequitur
1293 4808 1403 4884 lih._
1438 4824 1452 4863 ι
1492 4810 1560 4865 de
1586 4808 1761 4884 Trio..
1795 4826 1844 4865 c.
1880 4812 1965 4872 l2.
1997 4832 2051 4869 ιι.
2077 4815 2169 4884 25,

580 4887 721 4942 sicut
745 4894 799 4939 et
835 4879 1123 4948 Gregorius
1172 4881 1309 4951 l’apa
1351 4879 1442 4935 lib.
1478 4896 1592 4947 vttt,
1619 4882 1776 4951 epist.
1812 4885 1897 4938 42.
1926 4884 2036 4942 Nec
2064 4879 2174 4944 dis-'-

580 4956 747 5014 seutit
788 4953 1045 5026 Cyrillos,
1073 4952 1166 5008 lib.
1198 4952 1460 5006 'l‘hesauri
1491 4968 1543 5021 p.
1574 4951 1700 5019 222,
1727 4952 1927 5009 Christi
1959 4974 2172 5014 sermo-

584 5044 708 5085 nem
750 5024 921 5081 ita'ab
951 5024 1069 5101 ipso
1100 5032 1453 5101 temperatum
1481 5038 1768 5101 enarratis,
1789 5028 1918 5101 _quia
1947 5028 2175 5101 discipu-

583 5103 755 5156 lorum
777 5105 979 5167 captum
1008 5099 1122 5168 ejus
1151 5096 1224 5169 rei
1254 5095 1437 5149 notitia
1462 5096 1755 5169 superabat.
1788 5097 1971 5169 Longe
1999 5095 2169 5166 magis

581 5175 651 5228 ad
687 5166 933 5227 eamdem
978 5166 1296 5222 sententiam
1338 5166 1543 5222 accedit
1568 5169 1887 5224 Ettstaehius
1912 5166 2165 5228 Antioch.

582 5246 724 5315 apud
758 5238 1208 5315 ΡιιειιιιιὶιιιιιῃιίΙ)ἶ
1245 5253 1320 5315 ιιι,
1350 5239 1438 5315 ubi
1472 5240 1574 5294 hoc
1600 5255 1628 5293 a
1662 5238 1877 5295 Christo
1915 5242 2174 5300 adiuven-

589 5308 699 5371 tum
732 5311 970 5369 ostendit
998 5309 1240 5364 utilitatis
1265 5308 1537 5364 hominum
1560 5325 1741 5366 causa.

658 5386 735 5459 (a)
776 5383 1009 5459 Verbum
1055 5381 1300 5459 de/initte,
1337 5381 1388 5435 in
1445 5383 1593 5451 prius
1628 5383 1855 5454 vulgatis
1890 5386 2171 5456 omissum,

589 5453 892 5514 restituitur
917 5471 983 5510 ex
1011 5453 1243 5522 scriptis.

659 5528 735 5599 (b)
779 5527 918 5581 Editi
942 5568 956 5589 ,
986 5524 1230 5580 inuenerit
1270 5524 1600 5596 vigilantem:
1629 5524 2013 5586 dissidentibus
2044 5545 2176 5587 mss.

586 5609 642 5653 et
665 5612 821 5653 sacro
844 5605 1013 5653 textu.

660 5671 735 5739 (ο)
766 5668 985 5733 Excusi,
1012 5676 1257 5739 escepto.
1306 5666 1453 5732 Par.,
1480 5684 1580 5723 non
1600 5680 1901 5725 excerceret.
1934 5672 2034 5726 Alii
2062 5688 2190 5731 vero

591 5738 735 5803 libri.
762 5741 1021 5806 excitaret,
1053 5738 1155 5794 hoc
1181 5749 1266 5795 est
1284 5780 1299 5806 ,
1325 5751 1536 5807 pareret
1565 5754 1628 5795 ac
1652 5739 1879 5796 foveret.

663 5812 743 5884 (rt)
771 5811 916 5868 llanc
946 5810 1230 5869 lectionem
1256 5810 1349 5867 uni
1373 5808 1542 5867 Vatic.
1576 5821 1631 5870 et
1655 5812 1813 5870 alteri
1836 5812 2046 5888 Remig.
2076 5832 2183 5876 ms.

2202 4581 2260 4643 D

2278 3282 2423 3329 sunt.
2476 3273 2719 3346 Intelligo
2778 3273 3064 3340 unitatem,
3094 3274 3220 3329 dum
3264 3290 3376 3330 non
3431 3274 3631 3331 dividua
3672 3278 3809 3326 natura

2284 3377 2387 3423 est.
2430 3366 2647 3423 Naturtc
2683 3383 2813 3424 vero
2862 3384 3073 3423 rursum
3136 3367 3435 3425 individua:
3488 3374 3808 3424 sacramentum

2279 3461 2649 3534 apprehende,
2700 3461 2825 3518 dum
2877 3474 3147 3534 tamquam
3194 3464 3479 3535 speculum
3533 3478 3656 3517 unus
3698 3458 3811 3514 unius

2283 3568 2387 3613 est.
2419 3554 2706 3626 Speculum
2759 3564 2939 3613 autem
2982 3556 3078 3625 ita,
3128 3564 3185 3612 ut
3225 3573 3335 3613 non
3391 3557 3813 3629 imaginatamspe-

2282 3651 2419 3706 ciem
2457 3661 2661 3707 natura:
2702 3650 2987 3707 exterioris
3033 3650 3293 3722 splendor
3340 3646 3813 3718 emittat;seddum

2273 3747 2459 3804 vivens
2506 3757 2693 3803 natura
2720 3758 2922 3803 natura:
2956 3746 3160 3803 viventi
3192 3746 3513 3806 indifferens
3540 3759 3613 3803 εει
3635 3788 3647 3814 ,
3670 3743 3815 3817 quippe

2281 3854 2401 3909 qua:
2426 3853 2491 3895 ex
2527 3849 2634 3894 tota
2664 3848 2774 3896 tota
2820 3840 2913 3908 sit,
2942 3854 3064 3911 quae
3099 3849 3155 3896 et
3189 3839 3320 3895 dum
3368 3840 3635 3913 ttnigenita
3660 3847 3727 3894 est
3745 3834 3815 3888 Ριο

2284 3940 2424 3989 trem
2473 3932 2527 3988 itt
2564 3949 2624 3989 se
2651 3931 2866 4001 habeat,
2916 3945 2971 3990 et
3015 3943 3234 3990 maneat
3285 3934 3341 3990 in
3387 3935 3547 3991 Patre
3574 3933 3686 3990 dunt
3718 3929 3816 3985 Deus

2282 4034 2385 4081 65!.

2355 4120 2442 4176 70.
2473 4118 2555 4175 De
2582 4128 2780 4177 natura?
2803 4121 2999 4178 unitate
3023 4120 3160 4178 dicta
3188 4126 3323 4180 male
3341 4124 3413 4180 ad
3433 4124 3668 4179 unitatem
3683 4118 3816 4174 reisu-

2285 4216 2404 4269 tatis
2448 4215 2746 4285 detorquent
2787 4214 3031 4273 lueretiei.
3055 4247 3128 4259 ——
3156 4216 3284 4274 Haec
3329 4219 3536 4289 itaque,
3578 4216 3638 4273 ad
3669 4208 3819 4285 signiﬂ‘

2290 4306 2523 4363 candutn
2568 4307 2863 4365 nativitatis
2906 4319 3306 4367 sacramentum
3344 4328 3375 4367 a
3422 4310 3638 4367 Domino
3665 4301 3813 4381 pradi-

2356 4470 2438 4543 (5)
2469 4471 2576 4528 Vox
2610 4474 2735 4529 meis
2761 4473 3099 4532 desideratur
3127 4477 3179 4533 in
3209 4478 3404 4545 codice
3425 4472 3729 4537 VeronenSi;
3751 4479 3823 4545 1³Εὲ

2284 4536 2521 4598 occurrit
2544 4546 2595 4599 in
2626 4561 2804 4615 gnccit
2826 4556 2992 4610 testu.
3017 4556 3073 4605 et
3095 4536 3484 4610 omittitur'lih.
3516 4566 3604 4615 vtt,
3631 4560 3752 4603 nutu.
3771 4536 3823 4594 24

2282 4622 2337 4669 ει
2365 4615 2457 4682 26,
2491 4616 2582 4672 tibi
2610 4627 2692 4674 ter
2714 4618 2802 4675 hic
2826 4619 2977 4675 locus
3005 4622 3292 4691 repetitur.

2284 4750 2548 4810 habemus
2577 4765 2879 4827 acceptam,
2909 4759 3031 4815 aliis
3053 4761 3218 4817 etiam
3250 4762 3575 4827 faventibus,
3607 4761 3653 4815 in
3678 4754 3823 4826 quibi“

2283 4834 2459 4904 tamen
2505 4843 2611 4883 VHX
2647 4832 2915 4885 adventum
2943 4833 3230 4902 omittitur,
3274 4850 3399 4904 quae
3428 4844 3479 4891 et
3534 4833 3672 4889 salvo
3703 4836 3823 4904 sensu

2278 4899 2453 4953 omitti
2473 4910 2667 4967 potest.
2688 4904 2834 4978 Atio
2868 4905 3116 4978 vulgatis,
3144 4895 3259 4974 qua:
3281 4895 3437 4961 modo
3460 4907 3588 4978 furis
3611 4895 3823 4960 ιιιθωειιάο

2276 4984 2473 5037 semper
2500 4981 2718 5034 caveret,
2744 4974 2836 5029 illo
2863 4975 3076 5044 eligente
3095 4993 3241 5031 omne
3272 4974 3494 5049 tempus.

2353 5060 2426 5135 (ιτ)
2455 5062 2619 5129 Editi,
2649 5082 2735 5131 se;
2772 5068 3133 5126 renitentibus
3154 5086 3285 5127 mss.

2347 5154 2499 5237 (nuln
2529 5158 2757 5228 vulgatis
2759 5160 2869 5237 _hi_e_
2899 5161 3118 5219 additur
3140 5173 3280 5237 sunt,
3314 5166 3460 5236 quod
3488 5164 3633 5221 abest
3657 5177 3683 5217 a
3705 5172 3824 5222 mss,

2275 5238 2307 5307 ε
2342 5230 2534 5307 quibus
2580 5245 2717 5285 unus
2751 5231 2908 5307 colli.
2963 5245 3016 5288 et
3046 5237 3184 5290 alter
3213 5230 3449 5294 Sorbon.
3480 5238 3714 5291 omittunt
3740 5240 3827 5301 qua

2363 5305 2503 5422 Itplso,
2540 5311 2595 5355 ut
2619 5310 2673 5356 et
2722 5305 2938 5375 vulgata
2964 5309 3102 5361 sacri
3134 5316 3312 5364 textus
3356 5307 3673 5381 exemplaria
3692 5313 3827 5377 grati

2296 5384 2307 5401 ‘
2382 5387 2406 5420 tt
2441 5387 2546 5424 Illil.

2358 5440 2432 5510 (g')
2466 5442 2581 5497 Duo
2608 5459 2739 5500 mss.
2766 5449 2980 5505 terrenis
3005 5451 3403 5523 cogitationibus
3432 5470 3452 5507 :
3483 5451 3637 5509 male.

2370 5531 2447 5616 fit)
2475 5535 2532 5617 ιιι
2563 5537 2809 5617 vulgatis.
2842 5544 3077 5617 quisque.
3105 5544 3324 5602 Rectius
3370 5546 3422 5600 in
3456 5546 3705 5617 plerisque
3724 5551 3825 5617 φξβ

2293 5607 2405 5689 quis
2432 5621 2450 5689 ξ
2475 5606 2578 5664 hoc
2601 5606 2790 5689 _est,_itt
2809 5606 2926 5689 quo
2960 5606 3081 5686 quis
3102 5619 3220 5689 viso
3247 5628 3407 5689 atque
3434 5606 3692 5673 intellecto
3714 5609 3829 5689 ἳῇξξθ

2291 5685 2379 5731 ί¹¹¹’
2397 5687 2561 5760 ἐξίειιιθ
2584 5678 2933 5760 intelligitur,
2966 5678 3069 5742 non
3102 5688 3262 5746 habet
3288 5678 3357 5745 ab
3400 5708 3466 5746 eo
3493 5698 3682 5745 natura:
3708 5678 3828 5737 dide

2291 5752 2720 5834 retttiatn._'l'um
2762 5752 2912 5834 Lips.
2952 5768 3015 5834 et
3056 5760 3179 5815 Par.
3236 5779 3326 5817 nec
3380 5762 3623 5834 differta
3653 5762 3829 5829 θέλετεὲ

2290 5821 2642 5882 emendantur
2669 5841 2736 5883 ex
2762 5821 2868 5885 Ba'd
2898 5872 2915 5900 ,
2952 5830 3046 5888 Er.
3079 5842 3133 5890 et
3162 5849 3291 5891 mss.
