  <div class='ocr_page' id='page_1' title='image "/cluster/home/n/w/nwhite01/storage/ocr_20150623/10/hvd.32044015471279/174.png"; bbox 0 0 3988 6332; ppageno 0'>
   <div class='ocr_carea' id='block_1_1' title="bbox 174 391 274 449">
    <p class='ocr_par' dir='ltr' id='par_1_1' title="bbox 174 391 274 449">
     <span class='ocr_line' id='line_1_1' title="bbox 174 391 274 449; baseline -0.01 0"><span class='ocrx_word' id='word_1_1' title='bbox 174 391 274 449; x_wconf 81' lang='grc'><strong>557</strong></span> 
     </span>
    </p>
   </div>
   <div class='ocr_carea' id='block_1_2' title="bbox 1395 395 2269 456">
    <p class='ocr_par' dir='ltr' id='par_1_2' title="bbox 1395 395 2269 456">
     <span class='ocr_line' id='line_1_2' title="bbox 1395 395 2269 456; baseline 0.001 -3"><span class='ocrx_word' id='word_1_2' title='bbox 1395 397 1483 453; x_wconf 86' lang='lat' dir='ltr'><strong>DE</strong></span> <span class='ocrx_word' id='word_1_3' title='bbox 1520 395 1893 454; x_wconf 77' lang='lat' dir='ltr'><strong>TRINITATE</strong></span> <span class='ocrx_word' id='word_1_4' title='bbox 1930 396 2135 455; x_wconf 78' lang='lat' dir='ltr'><strong>LIBER</strong></span> <span class='ocrx_word' id='word_1_5' title='bbox 2174 398 2269 456; x_wconf 79' lang='lat' dir='ltr'><strong>IX.</strong></span> 
     </span>
    </p>
   </div>
   <div class='ocr_carea' id='block_1_3' title="bbox 3363 407 3468 466">
    <p class='ocr_par' dir='ltr' id='par_1_3' title="bbox 3363 407 3468 466">
     <span class='ocr_line' id='line_1_3' title="bbox 3363 407 3468 466; baseline 0.038 -4"><span class='ocrx_word' id='word_1_6' title='bbox 3363 407 3468 466; x_wconf 75' lang='lat'><strong>553</strong></span> 
     </span>
    </p>
   </div>
   <div class='ocr_carea' id='block_1_4' title="bbox 172 507 3464 599">
    <p class='ocr_par' dir='ltr' id='par_1_4' title="bbox 172 507 3464 599">
     <span class='ocr_line' id='line_1_4' title="bbox 172 507 3464 599; baseline 0.006 -34"><span class='ocrx_word' id='word_1_7' title='bbox 172 519 304 574; x_wconf 84' lang='lat' dir='ltr'><strong>cata,</strong></span> <span class='ocrx_word' id='word_1_8' title='bbox 338 507 576 565; x_wconf 81' lang='lat' dir='ltr'><strong>haeretici</strong></span> <span class='ocrx_word' id='word_1_9' title='bbox 608 510 726 581; x_wconf 83' lang='lat' dir='ltr'><strong>quia</strong></span> <span class='ocrx_word' id='word_1_10' title='bbox 758 527 954 583; x_wconf 65' lang='lat' dir='ltr'><strong>nugare</strong></span> <span class='ocrx_word' id='word_1_11' title='bbox 984 528 1088 599; x_wconf 84' lang='lat' dir='ltr'><strong>non</strong></span> <span class='ocrx_word' id='word_1_12' title='bbox 1122 522 1365 584; x_wconf 72' lang='lat' dir='ltr'><strong>possunt,</strong></span> <span class='ocrx_word' id='word_1_13' title='bbox 1397 515 1467 572; x_wconf 89' lang='lat' dir='ltr'><strong>ita</strong></span> <span class='ocrx_word' id='word_1_14' title='bbox 1494 526 1762 573; x_wconf 83' lang='lat' dir='ltr'><strong>conantur</strong></span> <span class='ocrx_word' id='word_1_15' title='bbox 1786 519 1839 582; x_wconf 78' lang='grc' dir='ltr'><strong>Α</strong></span> <span class='ocrx_word' id='word_1_16' title='bbox 1867 517 2040 574; x_wconf 90' lang='lat' dir='ltr'><strong>solum</strong></span> <span class='ocrx_word' id='word_1_17' title='bbox 2067 520 2210 577; x_wconf 92' lang='lat' dir='ltr'><strong>scire</strong></span> <span class='ocrx_word' id='word_1_18' title='bbox 2235 522 2495 593; x_wconf 81' lang='lat' dir='ltr'><strong>dixisset,</strong></span> <span class='ocrx_word' id='word_1_19' title='bbox 2526 525 2743 582; x_wconf 81' lang='lat' dir='ltr'><strong>maximi</strong></span> <span class='ocrx_word' id='word_1_20' title='bbox 2779 525 3002 597; x_wconf 83' lang='lat' dir='ltr'><strong>periculi</strong></span> <span class='ocrx_word' id='word_1_21' title='bbox 3033 541 3124 584; x_wconf 87' lang='lat' dir='ltr'><strong>res</strong></span> <span class='ocrx_word' id='word_1_22' title='bbox 3155 526 3464 599; x_wconf 86' lang='lat' dir='ltr'><strong>intelligen-</strong></span> 
     </span>
    </p>
   </div>
   <div class='ocr_carea' id='block_1_5' title="bbox 173 596 1759 688">
    <p class='ocr_par' dir='ltr' id='par_1_5' title="bbox 173 596 1759 688">
     <span class='ocr_line' id='line_1_5' title="bbox 173 596 1759 688; baseline 0.006 -29"><span class='ocrx_word' id='word_1_23' title='bbox 173 603 405 670; x_wconf 86' lang='lat' dir='ltr'><strong>eludere,</strong></span> <span class='ocrx_word' id='word_1_24' title='bbox 437 618 488 661; x_wconf 97' lang='grc' dir='ltr'><strong>ιιι</strong></span> <span class='ocrx_word' id='word_1_25' title='bbox 523 606 588 662; x_wconf 86' lang='lat' dir='ltr'><strong>ad</strong></span> <span class='ocrx_word' id='word_1_26' title='bbox 621 607 909 665; x_wconf 75' lang='lat' dir='ltr'><strong>voluntatis</strong></span> <span class='ocrx_word' id='word_1_27' title='bbox 935 596 1285 688; x_wconf 74' lang='lat' dir='ltr'><strong>concordiam</strong></span> <span class='ocrx_word' id='word_1_28' title='bbox 1323 609 1592 680; x_wconf 82' lang='lat' dir='ltr'><strong>referant;</strong></span> <span class='ocrx_word' id='word_1_29' title='bbox 1623 620 1676 667; x_wconf 90' lang='lat' dir='ltr'><strong>ut</strong></span> <span class='ocrx_word' id='word_1_30' title='bbox 1705 611 1759 668; x_wconf 90' lang='lat' dir='ltr'><strong>in</strong></span> 
     </span>
    </p>
   </div>
   <div class='ocr_carea' id='block_1_6' title="bbox 174 696 1759 770">
    <p class='ocr_par' dir='ltr' id='par_1_6' title="bbox 174 696 1759 770">
     <span class='ocr_line' id='line_1_6' title="bbox 174 696 1759 770; baseline 0.006 -18"><span class='ocrx_word' id='word_1_31' title='bbox 174 696 283 752; x_wconf 89' lang='lat' dir='ltr'><strong>Deo</strong></span> <span class='ocrx_word' id='word_1_32' title='bbox 311 706 462 767; x_wconf 92' lang='lat' dir='ltr'><strong>patre</strong></span> <span class='ocrx_word' id='word_1_33' title='bbox 491 708 546 755; x_wconf 91' lang='lat' dir='ltr'><strong>et</strong></span> <span class='ocrx_word' id='word_1_34' title='bbox 585 704 637 754; x_wconf 89' lang='lat' dir='ltr'><strong>in</strong></span> <span class='ocrx_word' id='word_1_35' title='bbox 677 701 786 755; x_wconf 90' lang='lat' dir='ltr'><strong>Deo</strong></span> <span class='ocrx_word' id='word_1_36' title='bbox 827 700 935 757; x_wconf 90' lang='lat' dir='ltr'><strong>ﬁlio</strong></span> <span class='ocrx_word' id='word_1_37' title='bbox 978 718 1087 758; x_wconf 86' lang='lat' dir='ltr'><strong>nun</strong></span> <span class='ocrx_word' id='word_1_38' title='bbox 1114 702 1418 759; x_wconf 82' lang='lat' dir='ltr'><strong>divinitatis</strong></span> <span class='ocrx_word' id='word_1_39' title='bbox 1458 704 1528 760; x_wconf 89' lang='lat' dir='ltr'><strong>sit</strong></span> <span class='ocrx_word' id='word_1_40' title='bbox 1556 704 1759 770; x_wconf 88' lang='lat' dir='ltr'><strong>unitas,</strong></span> 
     </span>
    </p>
   </div>
   <div class='ocr_carea' id='block_1_7' title="bbox 171 791 1759 869">
    <p class='ocr_par' dir='ltr' id='par_1_7' title="bbox 171 791 1759 869">
     <span class='ocr_line' id='line_1_7' title="bbox 171 791 1759 869; baseline 0.005 -22"><span class='ocrx_word' id='word_1_41' title='bbox 171 791 259 847; x_wconf 88' lang='lat' dir='ltr'><strong>sed</strong></span> <span class='ocrx_word' id='word_1_42' title='bbox 290 792 577 848; x_wconf 78' lang='lat' dir='ltr'><strong>voluntatis</strong></span> <span class='ocrx_word' id='word_1_43' title='bbox 604 812 617 847; x_wconf 76' lang='grc' dir='ltr'><strong>ε</strong></span> <span class='ocrx_word' id='word_1_44' title='bbox 654 803 925 868; x_wconf 83' lang='lat' dir='ltr'><strong>tamquam</strong></span> <span class='ocrx_word' id='word_1_45' title='bbox 954 796 1150 853; x_wconf 71' lang='lat' dir='ltr'><strong>divina:</strong></span> <span class='ocrx_word' id='word_1_46' title='bbox 1176 798 1438 855; x_wconf 70' lang='lat' dir='ltr'><strong>doctrina:</strong></span> <span class='ocrx_word' id='word_1_47' title='bbox 1459 799 1616 869; x_wconf 80' lang='lat' dir='ltr'><strong>inOpS</strong></span> <span class='ocrx_word' id='word_1_48' title='bbox 1641 814 1759 856; x_wconf 86' lang='lat' dir='ltr'><strong>ser-</strong></span> 
     </span>
    </p>
   </div>
   <div class='ocr_carea' id='block_1_8' title="bbox 171 887 1761 966">
    <p class='ocr_par' dir='ltr' id='par_1_8' title="bbox 171 887 1761 966">
     <span class='ocr_line' id='line_1_8' title="bbox 171 887 1761 966; baseline 0.003 -21"><span class='ocrx_word' id='word_1_49' title='bbox 171 903 254 945; x_wconf 89' lang='lat' dir='ltr'><strong>mo</strong></span> <span class='ocrx_word' id='word_1_50' title='bbox 291 887 386 956; x_wconf 85' lang='lat' dir='ltr'><strong>sit,</strong></span> <span class='ocrx_word' id='word_1_51' title='bbox 432 904 607 960; x_wconf 81' lang='lat' dir='ltr'><strong>aeque</strong></span> <span class='ocrx_word' id='word_1_52' title='bbox 644 899 738 945; x_wconf 87' lang='lat' dir='ltr'><strong>aut</strong></span> <span class='ocrx_word' id='word_1_53' title='bbox 780 890 885 946; x_wconf 87' lang='lat' dir='ltr'><strong>dici</strong></span> <span class='ocrx_word' id='word_1_54' title='bbox 929 906 958 945; x_wconf 91' lang='lat' dir='ltr'><strong>a</strong></span> <span class='ocrx_word' id='word_1_55' title='bbox 1000 891 1230 947; x_wconf 87' lang='lat' dir='ltr'><strong>Domino</strong></span> <span class='ocrx_word' id='word_1_56' title='bbox 1275 894 1534 965; x_wconf 88' lang='lat' dir='ltr'><strong>p0tuerit,</strong></span> <span class='ocrx_word' id='word_1_57' title='bbox 1566 893 1677 966; x_wconf 83' lang='lat' dir='ltr'><strong>Ego</strong></span> <span class='ocrx_word' id='word_1_58' title='bbox 1706 904 1761 951; x_wconf 86' lang='lat' dir='ltr'><strong>et</strong></span> 
     </span>
    </p>
   </div>
   <div class='ocr_carea' id='block_1_9' title="bbox 179 983 1759 1060">
    <p class='ocr_par' dir='ltr' id='par_1_9' title="bbox 179 983 1759 1060">
     <span class='ocr_line' id='line_1_9' title="bbox 179 983 1759 1060; baseline 0.004 -22"><span class='ocrx_word' id='word_1_59' title='bbox 179 983 331 1039; x_wconf 88' lang='lat' dir='ltr'><strong>Pater</strong></span> <span class='ocrx_word' id='word_1_60' title='bbox 358 1000 522 1038; x_wconf 88' lang='lat' dir='ltr'><strong>unum</strong></span> <span class='ocrx_word' id='word_1_61' title='bbox 550 983 840 1043; x_wconf 89' lang='lat' dir='ltr'><strong>volumus:</strong></span> <span class='ocrx_word' id='word_1_62' title='bbox 869 995 958 1041; x_wconf 90' lang='lat' dir='ltr'><strong>ant</strong></span> <span class='ocrx_word' id='word_1_63' title='bbox 987 986 1226 1058; x_wconf 79' lang='lat' dir='ltr'><strong>ejusdem</strong></span> <span class='ocrx_word' id='word_1_64' title='bbox 1260 988 1628 1060; x_wconf 70' lang='lat' dir='ltr'><strong>intelligentia:</strong></span> <span class='ocrx_word' id='word_1_65' title='bbox 1666 991 1759 1057; x_wconf 88' lang='lat' dir='ltr'><strong>sit,</strong></span> 
     </span>
    </p>
   </div>
   <div class='ocr_carea' id='block_1_10' title="bbox 171 1060 1760 1152">
    <p class='ocr_par' dir='ltr' id='par_1_10' title="bbox 171 1060 1760 1152">
     <span class='ocr_line' id='line_1_10' title="bbox 171 1060 1760 1152; baseline 0.006 -22"><span class='ocrx_word' id='word_1_66' title='bbox 171 1072 275 1146; x_wconf 83' lang='lat' dir='ltr'><strong>Ego</strong></span> <span class='ocrx_word' id='word_1_67' title='bbox 302 1085 350 1129; x_wconf 83' lang='lat' dir='ltr'><strong>et</strong></span> <span class='ocrx_word' id='word_1_68' title='bbox 388 1074 548 1131; x_wconf 86' lang='lat' dir='ltr'><strong>Pater</strong></span> <span class='ocrx_word' id='word_1_69' title='bbox 601 1093 757 1131; x_wconf 86' lang='lat' dir='ltr'><strong>unum</strong></span> <span class='ocrx_word' id='word_1_70' title='bbox 784 1094 1002 1134; x_wconf 82' lang='lat' dir='ltr'><strong>sumus:</strong></span> <span class='ocrx_word' id='word_1_71' title='bbox 1043 1081 1124 1135; x_wconf 89' lang='lat' dir='ltr'><strong>vel</strong></span> <span class='ocrx_word' id='word_1_72' title='bbox 1169 1080 1423 1152; x_wconf 81' lang='lat' dir='ltr'><strong>loquendi</strong></span> <span class='ocrx_word' id='word_1_73' title='bbox 1462 1060 1760 1151; x_wconf 77' lang='lat' dir='ltr'><strong>imperitus</strong></span> 
     </span>
    </p>
   </div>
   <div class='ocr_carea' id='block_1_11' title="bbox 169 1168 1759 1240">
    <p class='ocr_par' dir='ltr' id='par_1_11' title="bbox 169 1168 1759 1240">
     <span class='ocr_line' id='line_1_11' title="bbox 169 1168 1759 1240; baseline 0.006 -17"><span class='ocrx_word' id='word_1_74' title='bbox 169 1185 265 1223; x_wconf 87' lang='lat' dir='ltr'><strong>tton</strong></span> <span class='ocrx_word' id='word_1_75' title='bbox 289 1168 506 1234; x_wconf 76' lang='lat' dir='ltr'><strong>dixerit,</strong></span> <span class='ocrx_word' id='word_1_76' title='bbox 537 1170 638 1240; x_wconf 87' lang='lat' dir='ltr'><strong>Qui</strong></span> <span class='ocrx_word' id='word_1_77' title='bbox 667 1171 800 1227; x_wconf 89' lang='lat' dir='ltr'><strong>vidit</strong></span> <span class='ocrx_word' id='word_1_78' title='bbox 826 1172 1153 1229; x_wconf 88' lang='lat' dir='ltr'><strong>voluntatem</strong></span> <span class='ocrx_word' id='word_1_79' title='bbox 1185 1190 1381 1240; x_wconf 87' lang='lat' dir='ltr'><strong>meam,</strong></span> <span class='ocrx_word' id='word_1_80' title='bbox 1414 1175 1546 1231; x_wconf 76' lang='lat' dir='ltr'><strong>vidit</strong></span> <span class='ocrx_word' id='word_1_81' title='bbox 1576 1184 1632 1231; x_wconf 90' lang='lat' dir='ltr'><strong>ct</strong></span> <span class='ocrx_word' id='word_1_82' title='bbox 1662 1190 1759 1232; x_wconf 83' lang='lat' dir='ltr'><strong>vo-</strong></span> 
     </span>
    </p>
   </div>
   <div class='ocr_carea' id='block_1_12' title="bbox 168 1261 1752 1339">
    <p class='ocr_par' dir='ltr' id='par_1_12' title="bbox 168 1261 1752 1339">
     <span class='ocr_line' id='line_1_12' title="bbox 168 1261 1752 1339; baseline 0.004 -21"><span class='ocrx_word' id='word_1_83' title='bbox 168 1262 419 1318; x_wconf 89' lang='lat' dir='ltr'><strong>luntatem</strong></span> <span class='ocrx_word' id='word_1_84' title='bbox 448 1261 627 1318; x_wconf 86' lang='lat' dir='ltr'><strong>Patris</strong></span> <span class='ocrx_word' id='word_1_85' title='bbox 654 1264 759 1319; x_wconf 90' lang='lat' dir='ltr'><strong>mei</strong></span> <span class='ocrx_word' id='word_1_86' title='bbox 794 1283 806 1319; x_wconf 89' lang='lat'>:</span> <span class='ocrx_word' id='word_1_87' title='bbox 842 1275 893 1321; x_wconf 90' lang='lat' dir='ltr'><strong>et</strong></span> <span class='ocrx_word' id='word_1_88' title='bbox 942 1265 992 1321; x_wconf 89' lang='lat' dir='ltr'><strong>id</strong></span> <span class='ocrx_word' id='word_1_89' title='bbox 1046 1266 1218 1337; x_wconf 80' lang='lat' dir='ltr'><strong>ipsum</strong></span> <span class='ocrx_word' id='word_1_90' title='bbox 1249 1267 1340 1333; x_wconf 89' lang='lat' dir='ltr'><strong>sit,</strong></span> <span class='ocrx_word' id='word_1_91' title='bbox 1375 1266 1474 1335; x_wconf 85' lang='lat' dir='ltr'><strong>Qui</strong></span> <span class='ocrx_word' id='word_1_92' title='bbox 1502 1285 1581 1323; x_wconf 86' lang='lat' dir='ltr'><strong>me</strong></span> <span class='ocrx_word' id='word_1_93' title='bbox 1607 1270 1752 1339; x_wconf 80' lang='lat' dir='ltr'><strong>vidit,</strong></span> 
     </span>
    </p>
   </div>
   <div class='ocr_carea' id='block_1_13' title="bbox 166 1354 1759 1435">
    <p class='ocr_par' dir='ltr' id='par_1_13' title="bbox 166 1354 1759 1435">
     <span class='ocr_line' id='line_1_13' title="bbox 166 1354 1759 1435; baseline 0.006 -24"><span class='ocrx_word' id='word_1_94' title='bbox 166 1356 281 1411; x_wconf 84' lang='lat' dir='ltr'><strong>ridit</strong></span> <span class='ocrx_word' id='word_1_95' title='bbox 308 1366 359 1411; x_wconf 83' lang='lat' dir='ltr'><strong>et</strong></span> <span class='ocrx_word' id='word_1_96' title='bbox 391 1354 638 1413; x_wconf 84' lang='lat' dir='ltr'><strong>Patrem:</strong></span> <span class='ocrx_word' id='word_1_97' title='bbox 666 1358 752 1413; x_wconf 90' lang='lat' dir='ltr'><strong>vel</strong></span> <span class='ocrx_word' id='word_1_98' title='bbox 792 1369 940 1414; x_wconf 89' lang='lat' dir='ltr'><strong>certe</strong></span> <span class='ocrx_word' id='word_1_99' title='bbox 976 1376 1086 1416; x_wconf 88' lang='lat' dir='ltr'><strong>non</strong></span> <span class='ocrx_word' id='word_1_100' title='bbox 1118 1359 1282 1417; x_wconf 81' lang='lat' dir='ltr'><strong>fuerit</strong></span> <span class='ocrx_word' id='word_1_101' title='bbox 1326 1362 1380 1417; x_wconf 93' lang='lat' dir='ltr'><strong>in</strong></span> <span class='ocrx_word' id='word_1_102' title='bbox 1431 1378 1528 1418; x_wconf 90' lang='lat' dir='ltr'><strong>usu</strong></span> <span class='ocrx_word' id='word_1_103' title='bbox 1557 1362 1759 1435; x_wconf 84' lang='lat' dir='ltr'><strong>eloquii</strong></span> 
     </span>
    </p>
   </div>
   <div class='ocr_carea' id='block_1_14' title="bbox 124 1451 1758 1525">
    <p class='ocr_par' dir='ltr' id='par_1_14' title="bbox 124 1451 1758 1525">
     <span class='ocr_line' id='line_1_14' title="bbox 124 1451 1758 1525; baseline 0.004 -18"><span class='ocrx_word' id='word_1_104' title='bbox 124 1493 129 1497; x_wconf 62' lang='grc' dir='ltr'><em>ρ</em></span> <span class='ocrx_word' id='word_1_105' title='bbox 169 1451 351 1519; x_wconf 83' lang='lat' dir='ltr'><strong>divini,</strong></span> <span class='ocrx_word' id='word_1_106' title='bbox 381 1451 640 1508; x_wconf 85' lang='lat' dir='ltr'><strong>Voluntas</strong></span> <span class='ocrx_word' id='word_1_107' title='bbox 670 1454 844 1511; x_wconf 87' lang='lat' dir='ltr'><strong>Patris</strong></span> <span class='ocrx_word' id='word_1_108' title='bbox 895 1455 998 1510; x_wconf 91' lang='lat' dir='ltr'><strong>mei</strong></span> <span class='ocrx_word' id='word_1_109' title='bbox 1052 1456 1102 1510; x_wconf 92' lang='lat' dir='ltr'><strong>io</strong></span> <span class='ocrx_word' id='word_1_110' title='bbox 1136 1472 1223 1512; x_wconf 90' lang='lat' dir='ltr'><strong>me</strong></span> <span class='ocrx_word' id='word_1_111' title='bbox 1252 1465 1356 1525; x_wconf 96' lang='grc' dir='ltr'>εει,</span> <span class='ocrx_word' id='word_1_112' title='bbox 1404 1465 1461 1512; x_wconf 86' lang='grc' dir='ltr'><strong>ει</strong></span> <span class='ocrx_word' id='word_1_113' title='bbox 1506 1458 1758 1514; x_wconf 86' lang='lat' dir='ltr'><strong>voluntas</strong></span> 
     </span>
    </p>
   </div>
   <div class='ocr_carea' id='block_1_15' title="bbox 164 1546 1755 1621">
    <p class='ocr_par' dir='ltr' id='par_1_15' title="bbox 164 1546 1755 1621">
     <span class='ocr_line' id='line_1_15' title="bbox 164 1546 1755 1621; baseline 0.002 -18"><span class='ocrx_word' id='word_1_114' title='bbox 164 1561 274 1603; x_wconf 86' lang='lat' dir='ltr'><strong>mea</strong></span> <span class='ocrx_word' id='word_1_115' title='bbox 304 1546 359 1601; x_wconf 90' lang='lat' dir='ltr'><strong>in</strong></span> <span class='ocrx_word' id='word_1_116' title='bbox 384 1546 543 1602; x_wconf 85' lang='lat' dir='ltr'><strong>Patre</strong></span> <span class='ocrx_word' id='word_1_117' title='bbox 562 1560 686 1603; x_wconf 91' lang='lat' dir='ltr'><strong>meo</strong></span> <span class='ocrx_word' id='word_1_118' title='bbox 714 1556 835 1614; x_wconf 91' lang='lat' dir='ltr'><strong>est;</strong></span> <span class='ocrx_word' id='word_1_119' title='bbox 865 1547 961 1604; x_wconf 83' lang='lat' dir='ltr'><strong>sed</strong></span> <span class='ocrx_word' id='word_1_120' title='bbox 980 1548 1308 1605; x_wconf 87' lang='lat' dir='ltr'><strong>conveniens</strong></span> <span class='ocrx_word' id='word_1_121' title='bbox 1336 1548 1460 1605; x_wconf 84' lang='lat' dir='ltr'><strong>huic</strong></span> <span class='ocrx_word' id='word_1_122' title='bbox 1489 1550 1634 1606; x_wconf 86' lang='lat' dir='ltr'><strong>dicto</strong></span> <span class='ocrx_word' id='word_1_123' title='bbox 1663 1552 1755 1621; x_wconf 92' lang='lat' dir='ltr'><strong>sit,</strong></span> 
     </span>
    </p>
   </div>
   <div class='ocr_carea' id='block_1_16' title="bbox 165 1638 1757 1716">
    <p class='ocr_par' dir='ltr' id='par_1_16' title="bbox 165 1638 1757 1716">
     <span class='ocr_line' id='line_1_16' title="bbox 165 1638 1757 1716; baseline 0.003 -22"><span class='ocrx_word' id='word_1_124' title='bbox 165 1638 269 1714; x_wconf 83' lang='lat' dir='ltr'><strong>Ego</strong></span> <span class='ocrx_word' id='word_1_125' title='bbox 305 1640 364 1695; x_wconf 83' lang='lat' dir='ltr'><strong>in</strong></span> <span class='ocrx_word' id='word_1_126' title='bbox 412 1640 587 1708; x_wconf 85' lang='lat' dir='ltr'><strong>Patre,</strong></span> <span class='ocrx_word' id='word_1_127' title='bbox 614 1650 662 1697; x_wconf 88' lang='lat' dir='ltr'><strong>et</strong></span> <span class='ocrx_word' id='word_1_128' title='bbox 699 1640 857 1696; x_wconf 84' lang='lat' dir='ltr'><strong>Pater</strong></span> <span class='ocrx_word' id='word_1_129' title='bbox 902 1642 956 1696; x_wconf 88' lang='lat' dir='ltr'><strong>in</strong></span> <span class='ocrx_word' id='word_1_130' title='bbox 1003 1659 1083 1697; x_wconf 77' lang='lat' dir='ltr'><strong>me</strong></span> <span class='ocrx_word' id='word_1_131' title='bbox 1116 1641 1299 1711; x_wconf 81' lang='lat' dir='ltr'><strong>(Joan.</strong></span> <span class='ocrx_word' id='word_1_132' title='bbox 1335 1659 1447 1712; x_wconf 80' lang='lat' dir='ltr'><strong>xlv,</strong></span> <span class='ocrx_word' id='word_1_133' title='bbox 1477 1645 1590 1716; x_wconf 79' lang='grc'><strong>11).</strong></span> <span class='ocrx_word' id='word_1_134' title='bbox 1624 1644 1757 1713; x_wconf 67' lang='lat' dir='ltr'><strong>Qum</strong></span> 
     </span>
    </p>
   </div>
   <div class='ocr_carea' id='block_1_17' title="bbox 167 1733 1758 1810">
    <p class='ocr_par' dir='ltr' id='par_1_17' title="bbox 167 1733 1758 1810">
     <span class='ocr_line' id='line_1_17' title="bbox 167 1733 1758 1810; baseline 0.007 -23"><span class='ocrx_word' id='word_1_135' title='bbox 167 1750 484 1807; x_wconf 84' lang='lat' dir='ltr'><strong>quamquam</strong></span> <span class='ocrx_word' id='word_1_136' title='bbox 517 1736 696 1789; x_wconf 88' lang='lat' dir='ltr'><strong>omnia</strong></span> <span class='ocrx_word' id='word_1_137' title='bbox 749 1733 888 1793; x_wconf 71' lang='lat' dir='ltr'><strong>foeda</strong></span> <span class='ocrx_word' id='word_1_138' title='bbox 927 1744 978 1792; x_wconf 90' lang='lat' dir='ltr'><strong>et</strong></span> <span class='ocrx_word' id='word_1_139' title='bbox 1000 1737 1178 1807; x_wconf 87' lang='lat' dir='ltr'><strong>inepta</strong></span> <span class='ocrx_word' id='word_1_140' title='bbox 1222 1746 1278 1793; x_wconf 92' lang='lat' dir='ltr'><strong>et</strong></span> <span class='ocrx_word' id='word_1_141' title='bbox 1308 1737 1470 1810; x_wconf 90' lang='lat' dir='ltr'><strong>impia</strong></span> <span class='ocrx_word' id='word_1_142' title='bbox 1501 1738 1631 1808; x_wconf 92' lang='lat' dir='ltr'><strong>sint,</strong></span> <span class='ocrx_word' id='word_1_143' title='bbox 1663 1755 1758 1798; x_wconf 83' lang='lat' dir='ltr'><strong>ne—</strong></span> 
     </span>
    </p>
   </div>
   <div class='ocr_carea' id='block_1_18' title="bbox 163 1827 1754 1903">
    <p class='ocr_par' dir='ltr' id='par_1_18' title="bbox 163 1827 1754 1903">
     <span class='ocr_line' id='line_1_18' title="bbox 163 1827 1754 1903; baseline 0.004 -22"><span class='ocrx_word' id='word_1_144' title='bbox 163 1842 260 1898; x_wconf 91' lang='lat' dir='ltr'><strong>que</strong></span> <span class='ocrx_word' id='word_1_145' title='bbox 284 1841 480 1882; x_wconf 88' lang='lat' dir='ltr'><strong>sensus</strong></span> <span class='ocrx_word' id='word_1_146' title='bbox 507 1827 772 1885; x_wconf 84' lang='lat' dir='ltr'><strong>humanus</strong></span> <span class='ocrx_word' id='word_1_147' title='bbox 795 1829 847 1884; x_wconf 90' lang='lat' dir='ltr'><strong>in</strong></span> <span class='ocrx_word' id='word_1_148' title='bbox 871 1828 1009 1886; x_wconf 88' lang='lat' dir='ltr'><strong>hanc</strong></span> <span class='ocrx_word' id='word_1_149' title='bbox 1032 1830 1212 1886; x_wconf 70' lang='lat' dir='ltr'><strong>stultte</strong></span> <span class='ocrx_word' id='word_1_150' title='bbox 1235 1832 1509 1903; x_wconf 86' lang='lat' dir='ltr'><strong>opinionis</strong></span> <span class='ocrx_word' id='word_1_151' title='bbox 1533 1841 1754 1890; x_wconf 76' lang='lat' dir='ltr'><strong>senten-</strong></span> 
     </span>
    </p>
   </div>
   <div class='ocr_carea' id='block_1_19' title="bbox 1865 610 3469 692">
    <p class='ocr_par' dir='ltr' id='par_1_19' title="bbox 1865 610 3469 692">
     <span class='ocr_line' id='line_1_19' title="bbox 1865 610 3469 692; baseline 0.009 -27"><span class='ocrx_word' id='word_1_152' title='bbox 1865 610 1954 665; x_wconf 71' lang='lat' dir='ltr'><strong>tiae</strong></span> <span class='ocrx_word' id='word_1_153' title='bbox 1974 621 2174 667; x_wconf 70' lang='lat' dir='ltr'><strong>nostra:</strong></span> <span class='ocrx_word' id='word_1_154' title='bbox 2198 614 2617 687; x_wconf 76' lang='lat' dir='ltr'><strong>relinqueretur,</strong></span> <span class='ocrx_word' id='word_1_155' title='bbox 2646 632 2715 674; x_wconf 88' lang='lat' dir='ltr'><strong>ne</strong></span> <span class='ocrx_word' id='word_1_156' title='bbox 2744 617 2885 677; x_wconf 80' lang='lat' dir='ltr'><strong>forte</strong></span> <span class='ocrx_word' id='word_1_157' title='bbox 2913 620 3322 677; x_wconf 80' lang='lat' dir='ltr'><strong>existimaretur</strong></span> <span class='ocrx_word' id='word_1_158' title='bbox 3350 620 3469 692; x_wconf 86' lang='lat' dir='ltr'><strong>ipse</strong></span> 
     </span>
    </p>
   </div>
   <div class='ocr_carea' id='block_1_20' title="bbox 1863 706 3467 788">
    <p class='ocr_par' dir='ltr' id='par_1_20' title="bbox 1863 706 3467 788">
     <span class='ocr_line' id='line_1_20' title="bbox 1863 706 3467 788; baseline 0.009 -28"><span class='ocrx_word' id='word_1_159' title='bbox 1863 706 2094 765; x_wconf 85' lang='lat' dir='ltr'><strong>nescire.</strong></span> <span class='ocrx_word' id='word_1_160' title='bbox 2124 708 2257 765; x_wconf 89' lang='lat' dir='ltr'><strong>Nam</strong></span> <span class='ocrx_word' id='word_1_161' title='bbox 2288 727 2408 767; x_wconf 88' lang='lat' dir='ltr'><strong>cum</strong></span> <span class='ocrx_word' id='word_1_162' title='bbox 2442 714 2493 768; x_wconf 91' lang='lat' dir='ltr'><strong>in</strong></span> <span class='ocrx_word' id='word_1_163' title='bbox 2525 729 2614 784; x_wconf 89' lang='lat' dir='ltr'><strong>eo,</strong></span> <span class='ocrx_word' id='word_1_164' title='bbox 2645 716 2786 786; x_wconf 90' lang='lat' dir='ltr'><strong>quod</strong></span> <span class='ocrx_word' id='word_1_165' title='bbox 2814 717 3021 783; x_wconf 88' lang='lat' dir='ltr'><strong>nescit,</strong></span> <span class='ocrx_word' id='word_1_166' title='bbox 3052 717 3387 788; x_wconf 81' lang='lat' dir='ltr'><strong>dispensatio</strong></span> <span class='ocrx_word' id='word_1_167' title='bbox 3413 718 3467 774; x_wconf 91' lang='lat' dir='ltr'><strong>ei</strong></span> 
     </span>
    </p>
   </div>
   <div class='ocr_carea' id='block_1_21' title="bbox 1865 803 3464 884">
    <p class='ocr_par' dir='ltr' id='par_1_21' title="bbox 1865 803 3464 884">
     <span class='ocr_line' id='line_1_21' title="bbox 1865 803 3464 884; baseline 0.007 -26"><span class='ocrx_word' id='word_1_168' title='bbox 1865 803 2041 873; x_wconf 78' lang='lat' dir='ltr'><strong>porius</strong></span> <span class='ocrx_word' id='word_1_169' title='bbox 2081 805 2413 864; x_wconf 74' lang='lat' dir='ltr'><strong>abscondita:</strong></span> <span class='ocrx_word' id='word_1_170' title='bbox 2458 809 2735 879; x_wconf 59' lang='lat' dir='ltr'><strong>scientiis,</strong></span> <span class='ocrx_word' id='word_1_171' title='bbox 2801 828 2959 884; x_wconf 87' lang='lat' dir='ltr'><strong>quam</strong></span> <span class='ocrx_word' id='word_1_172' title='bbox 3017 818 3208 867; x_wconf 85' lang='lat' dir='ltr'><strong>natura</strong></span> <span class='ocrx_word' id='word_1_173' title='bbox 3252 813 3325 869; x_wconf 92' lang='lat' dir='ltr'><strong>sit</strong></span> <span class='ocrx_word' id='word_1_174' title='bbox 3368 827 3464 869; x_wconf 84' lang='lat' dir='ltr'><strong>ne-</strong></span> 
     </span>
    </p>
   </div>
   <div class='ocr_carea' id='block_1_22' title="bbox 1864 901 3462 978">
    <p class='ocr_par' dir='ltr' id='par_1_22' title="bbox 1864 901 3462 978">
     <span class='ocr_line' id='line_1_22' title="bbox 1864 901 3462 978; baseline 0.004 -23"><span class='ocrx_word' id='word_1_175' title='bbox 1864 901 2091 967; x_wconf 86' lang='lat' dir='ltr'><strong>sciendi;</strong></span> <span class='ocrx_word' id='word_1_176' title='bbox 2125 918 2220 973; x_wconf 88' lang='lat' dir='ltr'><strong>per</strong></span> <span class='ocrx_word' id='word_1_177' title='bbox 2246 903 2297 959; x_wconf 88' lang='lat' dir='ltr'><strong>id</strong></span> <span class='ocrx_word' id='word_1_178' title='bbox 2325 919 2536 977; x_wconf 89' lang='lat' dir='ltr'><strong>quoque</strong></span> <span class='ocrx_word' id='word_1_179' title='bbox 2565 920 2730 971; x_wconf 75' lang='lat' dir='ltr'><strong>nunc,</strong></span> <span class='ocrx_word' id='word_1_180' title='bbox 2778 906 2919 978; x_wconf 88' lang='lat' dir='ltr'><strong>quod</strong></span> <span class='ocrx_word' id='word_1_181' title='bbox 2966 908 3116 964; x_wconf 89' lang='lat' dir='ltr'><strong>solus</strong></span> <span class='ocrx_word' id='word_1_182' title='bbox 3144 906 3308 963; x_wconf 89' lang='lat' dir='ltr'><strong>Pater</strong></span> <span class='ocrx_word' id='word_1_183' title='bbox 3336 907 3462 975; x_wconf 87' lang='lat' dir='ltr'><strong>scit,</strong></span> 
     </span>
    </p>
   </div>
   <div class='ocr_carea' id='block_1_23' title="bbox 1866 995 3460 1073">
    <p class='ocr_par' dir='ltr' id='par_1_23' title="bbox 1866 995 3460 1073">
     <span class='ocr_line' id='line_1_23' title="bbox 1866 995 3460 1073; baseline 0.006 -25"><span class='ocrx_word' id='word_1_184' title='bbox 1866 1008 1973 1049; x_wconf 90' lang='lat' dir='ltr'><strong>non</strong></span> <span class='ocrx_word' id='word_1_185' title='bbox 2021 995 2298 1067; x_wconf 81' lang='lat' dir='ltr'><strong>ignorasse</strong></span> <span class='ocrx_word' id='word_1_186' title='bbox 2328 997 2632 1055; x_wconf 88' lang='lat' dir='ltr'><strong>credendus</strong></span> <span class='ocrx_word' id='word_1_187' title='bbox 2668 1009 2793 1056; x_wconf 90' lang='lat' dir='ltr'><strong>est:</strong></span> <span class='ocrx_word' id='word_1_188' title='bbox 2827 1002 2981 1072; x_wconf 83' lang='lat' dir='ltr'><strong>quia,</strong></span> <span class='ocrx_word' id='word_1_189' title='bbox 3026 1001 3164 1058; x_wconf 92' lang='lat' dir='ltr'><strong>sicut</strong></span> <span class='ocrx_word' id='word_1_190' title='bbox 3207 1002 3460 1073; x_wconf 84' lang='lat' dir='ltr'><strong>superius</strong></span> 
     </span>
    </p>
   </div>
   <div class='ocr_carea' id='block_1_24' title="bbox 1864 1085 3463 1165">
    <p class='ocr_par' dir='ltr' id='par_1_24' title="bbox 1864 1085 3463 1165">
     <span class='ocr_line' id='line_1_24' title="bbox 1864 1085 3463 1165; baseline 0.006 -23"><span class='ocrx_word' id='word_1_191' title='bbox 1864 1085 2180 1152; x_wconf 86' lang='lat' dir='ltr'><strong>docuimus,</strong></span> <span class='ocrx_word' id='word_1_192' title='bbox 2214 1090 2438 1146; x_wconf 87' lang='lat' dir='ltr'><strong>scientia</strong></span> <span class='ocrx_word' id='word_1_193' title='bbox 2468 1091 2609 1162; x_wconf 89' lang='lat' dir='ltr'><strong>apud</strong></span> <span class='ocrx_word' id='word_1_194' title='bbox 2645 1093 2848 1160; x_wconf 89' lang='lat' dir='ltr'><strong>Deum,</strong></span> <span class='ocrx_word' id='word_1_195' title='bbox 2883 1109 2990 1150; x_wconf 90' lang='lat' dir='ltr'><strong>non</strong></span> <span class='ocrx_word' id='word_1_196' title='bbox 3019 1096 3379 1165; x_wconf 78' lang='lat' dir='ltr'><strong>cognoscendi</strong></span> <span class='ocrx_word' id='word_1_197' title='bbox 3408 1094 3463 1152; x_wconf 93' lang='lat' dir='ltr'><strong>id</strong></span> 
     </span>
    </p>
   </div>
   <div class='ocr_carea' id='block_1_25' title="bbox 1863 1179 3468 1259">
    <p class='ocr_par' dir='ltr' id='par_1_25' title="bbox 1863 1179 3468 1259">
     <span class='ocr_line' id='line_1_25' title="bbox 1863 1179 3468 1259; baseline 0.007 -27"><span class='ocrx_word' id='word_1_198' title='bbox 1863 1179 2005 1249; x_wconf 89' lang='lat' dir='ltr'><strong>quod</strong></span> <span class='ocrx_word' id='word_1_199' title='bbox 2040 1181 2293 1238; x_wconf 88' lang='lat' dir='ltr'><strong>nescierit</strong></span> <span class='ocrx_word' id='word_1_200' title='bbox 2325 1182 2409 1252; x_wconf 81' lang='grc' dir='ltr'><strong>(ά)</strong></span> <span class='ocrx_word' id='word_1_201' title='bbox 2439 1185 2791 1256; x_wconf 79' lang='lat' dir='ltr'><strong>intelligentia</strong></span> <span class='ocrx_word' id='word_1_202' title='bbox 2816 1195 2931 1251; x_wconf 91' lang='lat' dir='ltr'><strong>est,</strong></span> <span class='ocrx_word' id='word_1_203' title='bbox 2972 1187 3066 1243; x_wconf 81' lang='lat' dir='ltr'><strong>sed</strong></span> <span class='ocrx_word' id='word_1_204' title='bbox 3097 1188 3370 1259; x_wconf 84' lang='lat' dir='ltr'><strong>loquendi.</strong></span> <span class='ocrx_word' id='word_1_205' title='bbox 3400 1188 3468 1244; x_wconf 88' lang='lat' dir='ltr'><strong>Et</strong></span> 
     </span>
    </p>
   </div>
   <div class='ocr_carea' id='block_1_26' title="bbox 1864 1272 3467 1351">
    <p class='ocr_par' dir='ltr' id='par_1_26' title="bbox 1864 1272 3467 1351">
     <span class='ocr_line' id='line_1_26' title="bbox 1864 1272 3467 1351; baseline 0.006 -25"><span class='ocrx_word' id='word_1_206' title='bbox 1864 1286 1961 1341; x_wconf 88' lang='lat' dir='ltr'><strong>per</strong></span> <span class='ocrx_word' id='word_1_207' title='bbox 1991 1272 2041 1326; x_wconf 87' lang='lat' dir='ltr'><strong>id</strong></span> <span class='ocrx_word' id='word_1_208' title='bbox 2063 1315 2077 1338; x_wconf 95' lang='lat'><strong>,</strong></span> <span class='ocrx_word' id='word_1_209' title='bbox 2105 1274 2246 1343; x_wconf 90' lang='lat' dir='ltr'><strong>quod</strong></span> <span class='ocrx_word' id='word_1_210' title='bbox 2273 1276 2419 1331; x_wconf 89' lang='lat' dir='ltr'><strong>solus</strong></span> <span class='ocrx_word' id='word_1_211' title='bbox 2446 1278 2606 1333; x_wconf 82' lang='lat' dir='ltr'><strong>Pater</strong></span> <span class='ocrx_word' id='word_1_212' title='bbox 2633 1278 2767 1345; x_wconf 91' lang='lat' dir='ltr'><strong>scit,</strong></span> <span class='ocrx_word' id='word_1_213' title='bbox 2798 1278 2970 1334; x_wconf 86' lang='lat' dir='ltr'><strong>Filius</strong></span> <span class='ocrx_word' id='word_1_214' title='bbox 3006 1293 3112 1336; x_wconf 90' lang='lat' dir='ltr'><strong>non</strong></span> <span class='ocrx_word' id='word_1_215' title='bbox 3155 1279 3467 1351; x_wconf 81' lang='lat' dir='ltr'><strong>intelligitur</strong></span> 
     </span>
    </p>
   </div>
   <div class='ocr_carea' id='block_1_27' title="bbox 1863 1365 3466 1438">
    <p class='ocr_par' dir='ltr' id='par_1_27' title="bbox 1863 1365 3466 1438">
     <span class='ocr_line' id='line_1_27' title="bbox 1863 1365 3466 1438; baseline 0.007 -21"><span class='ocrx_word' id='word_1_216' title='bbox 1863 1365 2107 1431; x_wconf 87' lang='lat' dir='ltr'><strong>nescire;</strong></span> <span class='ocrx_word' id='word_1_217' title='bbox 2140 1380 2262 1422; x_wconf 91' lang='lat' dir='ltr'><strong>cum</strong></span> <span class='ocrx_word' id='word_1_218' title='bbox 2305 1366 2472 1424; x_wconf 90' lang='lat' dir='ltr'><strong>Filius</strong></span> <span class='ocrx_word' id='word_1_219' title='bbox 2514 1368 2717 1426; x_wconf 89' lang='lat' dir='ltr'><strong>idcirco</strong></span> <span class='ocrx_word' id='word_1_220' title='bbox 2746 1372 2958 1426; x_wconf 88' lang='lat' dir='ltr'><strong>nescire</strong></span> <span class='ocrx_word' id='word_1_221' title='bbox 3000 1387 3060 1426; x_wconf 91' lang='lat' dir='ltr'><strong>se</strong></span> <span class='ocrx_word' id='word_1_222' title='bbox 3095 1371 3269 1438; x_wconf 87' lang='lat' dir='ltr'><strong>dicat,</strong></span> <span class='ocrx_word' id='word_1_223' title='bbox 3300 1388 3368 1429; x_wconf 92' lang='lat' dir='ltr'><strong>ne</strong></span> <span class='ocrx_word' id='word_1_224' title='bbox 3409 1382 3466 1429; x_wconf 90' lang='lat' dir='ltr'><strong>et</strong></span> 
     </span>
    </p>
   </div>
   <div class='ocr_carea' id='block_1_28' title="bbox 1861 1456 3462 1536">
    <p class='ocr_par' dir='ltr' id='par_1_28' title="bbox 1861 1456 3462 1536">
     <span class='ocr_line' id='line_1_28' title="bbox 1861 1456 3462 1536; baseline 0.006 -24"><span class='ocrx_word' id='word_1_225' title='bbox 1861 1456 1949 1512; x_wconf 90' lang='lat' dir='ltr'><strong>alii</strong></span> <span class='ocrx_word' id='word_1_226' title='bbox 1978 1457 2149 1513; x_wconf 86' lang='lat' dir='ltr'><strong>sciant</strong></span> <span class='ocrx_word' id='word_1_227' title='bbox 2176 1477 2189 1514; x_wconf 89' lang='lat'><strong>:</strong></span> <span class='ocrx_word' id='word_1_228' title='bbox 2224 1472 2278 1515; x_wconf 90' lang='lat' dir='ltr'><strong>et</strong></span> <span class='ocrx_word' id='word_1_229' title='bbox 2303 1460 2517 1518; x_wconf 88' lang='lat' dir='ltr'><strong>Patrem</strong></span> <span class='ocrx_word' id='word_1_230' title='bbox 2547 1461 2618 1536; x_wconf 91' lang='lat' dir='ltr'><strong>(e)</strong></span> <span class='ocrx_word' id='word_1_231' title='bbox 2648 1462 2717 1519; x_wconf 91' lang='lat' dir='ltr'><strong>ob</strong></span> <span class='ocrx_word' id='word_1_232' title='bbox 2741 1464 2792 1519; x_wconf 91' lang='lat' dir='ltr'><strong>id</strong></span> <span class='ocrx_word' id='word_1_233' title='bbox 2819 1463 2996 1520; x_wconf 89' lang='lat' dir='ltr'><strong>solum</strong></span> <span class='ocrx_word' id='word_1_234' title='bbox 3022 1463 3167 1521; x_wconf 84' lang='lat' dir='ltr'><strong>dicat</strong></span> <span class='ocrx_word' id='word_1_235' title='bbox 3195 1465 3359 1534; x_wconf 89' lang='lat' dir='ltr'><strong>scire,</strong></span> <span class='ocrx_word' id='word_1_236' title='bbox 3392 1480 3462 1522; x_wconf 87' lang='lat' dir='ltr'><strong>ne</strong></span> 
     </span>
    </p>
   </div>
   <div class='ocr_carea' id='block_1_29' title="bbox 1860 1551 3462 1628">
    <p class='ocr_par' dir='ltr' id='par_1_29' title="bbox 1860 1551 3462 1628">
     <span class='ocr_line' id='line_1_29' title="bbox 1860 1551 3462 1628; baseline 0.006 -23"><span class='ocrx_word' id='word_1_237' title='bbox 1860 1559 1916 1606; x_wconf 91' lang='lat' dir='ltr'><strong>et</strong></span> <span class='ocrx_word' id='word_1_238' title='bbox 1944 1551 2058 1622; x_wconf 90' lang='lat' dir='ltr'><strong>ipse</strong></span> <span class='ocrx_word' id='word_1_239' title='bbox 2096 1568 2203 1608; x_wconf 88' lang='lat' dir='ltr'><strong>non</strong></span> <span class='ocrx_word' id='word_1_240' title='bbox 2247 1556 2470 1610; x_wconf 84' lang='lat' dir='ltr'><strong>nesciat.</strong></span> <span class='ocrx_word' id='word_1_241' title='bbox 2506 1554 2563 1611; x_wconf 90' lang='lat' dir='ltr'><strong>Si</strong></span> <span class='ocrx_word' id='word_1_242' title='bbox 2604 1556 2749 1612; x_wconf 90' lang='lat' dir='ltr'><strong>enim</strong></span> <span class='ocrx_word' id='word_1_243' title='bbox 2784 1564 2912 1613; x_wconf 90' lang='lat' dir='ltr'><strong>tunc</strong></span> <span class='ocrx_word' id='word_1_244' title='bbox 2951 1557 3272 1628; x_wconf 77' lang='lat' dir='ltr'><strong>cognovisse</strong></span> <span class='ocrx_word' id='word_1_245' title='bbox 3316 1558 3462 1615; x_wconf 87' lang='lat' dir='ltr'><strong>Deus</strong></span> 
     </span>
    </p>
   </div>
   <div class='ocr_carea' id='block_1_30' title="bbox 1859 1644 3463 1718">
    <p class='ocr_par' dir='ltr' id='par_1_30' title="bbox 1859 1644 3463 1718">
     <span class='ocr_line' id='line_1_30' title="bbox 1859 1644 3463 1718; baseline 0.005 -17"><span class='ocrx_word' id='word_1_246' title='bbox 1859 1644 2080 1712; x_wconf 91' lang='lat' dir='ltr'><strong>dicitur,</strong></span> <span class='ocrx_word' id='word_1_247' title='bbox 2108 1647 2276 1702; x_wconf 88' lang='lat' dir='ltr'><strong>amari</strong></span> <span class='ocrx_word' id='word_1_248' title='bbox 2304 1663 2363 1705; x_wconf 92' lang='lat' dir='ltr'><strong>se</strong></span> <span class='ocrx_word' id='word_1_249' title='bbox 2391 1648 2461 1704; x_wconf 92' lang='lat' dir='ltr'><strong>ab</strong></span> <span class='ocrx_word' id='word_1_250' title='bbox 2488 1650 2757 1706; x_wconf 83' lang='lat' dir='ltr'><strong>Abraham</strong></span> <span class='ocrx_word' id='word_1_251' title='bbox 2777 1692 2791 1718; x_wconf 93' lang='lat'><strong>,</strong></span> <span class='ocrx_word' id='word_1_252' title='bbox 2822 1666 2944 1706; x_wconf 91' lang='lat' dir='ltr'><strong>cum</strong></span> <span class='ocrx_word' id='word_1_253' title='bbox 2986 1652 3089 1709; x_wconf 87' lang='lat' dir='ltr'><strong>hoc</strong></span> <span class='ocrx_word' id='word_1_254' title='bbox 3120 1668 3225 1707; x_wconf 91' lang='lat' dir='ltr'><strong>non</strong></span> <span class='ocrx_word' id='word_1_255' title='bbox 3268 1653 3463 1710; x_wconf 85' lang='lat' dir='ltr'><strong>celavit</strong></span> 
     </span>
    </p>
   </div>
   <div class='ocr_carea' id='block_1_31' title="bbox 1857 1724 3469 1819">
    <p class='ocr_par' dir='ltr' id='par_1_31' title="bbox 1857 1724 3469 1819">
     <span class='ocr_line' id='line_1_31' title="bbox 1857 1724 3469 1819; baseline 0.007 -24"><span class='ocrx_word' id='word_1_256' title='bbox 1857 1724 2094 1797; x_wconf 76' lang='lat' dir='ltr'><strong>Abraba:</strong></span> <span class='ocrx_word' id='word_1_257' title='bbox 2145 1741 2298 1813; x_wconf 85' lang='lat' dir='ltr'><strong>(Gen.</strong></span> <span class='ocrx_word' id='word_1_258' title='bbox 2326 1760 2476 1811; x_wconf 77' lang='lat' dir='ltr'><strong>xm,</strong></span> <span class='ocrx_word' id='word_1_259' title='bbox 2508 1744 2633 1819; x_wconf 71' lang='lat'><strong>12);</strong></span> <span class='ocrx_word' id='word_1_260' title='bbox 2688 1761 2910 1804; x_wconf 89' lang='lat' dir='ltr'><strong>necesse</strong></span> <span class='ocrx_word' id='word_1_261' title='bbox 2949 1758 3068 1811; x_wconf 89' lang='lat' dir='ltr'><strong>est.</strong></span> <span class='ocrx_word' id='word_1_262' title='bbox 3104 1758 3162 1803; x_wconf 91' lang='lat' dir='ltr'><strong>ut</strong></span> <span class='ocrx_word' id='word_1_263' title='bbox 3204 1758 3259 1805; x_wconf 92' lang='lat' dir='ltr'><strong>et</strong></span> <span class='ocrx_word' id='word_1_264' title='bbox 3305 1750 3469 1806; x_wconf 88' lang='lat' dir='ltr'><strong>Pater</strong></span> 
     </span>
    </p>
   </div>
   <div class='ocr_carea' id='block_1_32' title="bbox 1858 1833 3460 1910">
    <p class='ocr_par' dir='ltr' id='par_1_32' title="bbox 1858 1833 3460 1910">
     <span class='ocr_line' id='line_1_32' title="bbox 1858 1833 3460 1910; baseline 0.007 -22"><span class='ocrx_word' id='word_1_265' title='bbox 1858 1833 1999 1891; x_wconf 89' lang='lat' dir='ltr'><strong>diem</strong></span> <span class='ocrx_word' id='word_1_266' title='bbox 2029 1835 2099 1890; x_wconf 94' lang='lat' dir='ltr'><strong>ob</strong></span> <span class='ocrx_word' id='word_1_267' title='bbox 2136 1835 2188 1891; x_wconf 89' lang='lat' dir='ltr'><strong>id</strong></span> <span class='ocrx_word' id='word_1_268' title='bbox 2226 1836 2367 1894; x_wconf 91' lang='lat' dir='ltr'><strong>scire</strong></span> <span class='ocrx_word' id='word_1_269' title='bbox 2392 1837 2625 1905; x_wconf 81' lang='lat' dir='ltr'><strong>dicatur,</strong></span> <span class='ocrx_word' id='word_1_270' title='bbox 2654 1839 2778 1910; x_wconf 86' lang='lat' dir='ltr'><strong>quia</strong></span> <span class='ocrx_word' id='word_1_271' title='bbox 2805 1855 2911 1898; x_wconf 88' lang='lat' dir='ltr'><strong>non</strong></span> <span class='ocrx_word' id='word_1_272' title='bbox 2941 1840 3198 1897; x_wconf 89' lang='lat' dir='ltr'><strong>celaverit</strong></span> <span class='ocrx_word' id='word_1_273' title='bbox 3224 1841 3420 1899; x_wconf 90' lang='lat' dir='ltr'><strong>Filium</strong></span> <span class='ocrx_word' id='word_1_274' title='bbox 3444 1886 3460 1910; x_wconf 93' lang='lat'><strong>,</strong></span> 
     </span>
    </p>
   </div>
   <div class='ocr_carea' id='block_1_33' title="bbox 167 1919 3457 2005">
    <p class='ocr_par' dir='ltr' id='par_1_33' title="bbox 167 1919 3457 2005">
     <span class='ocr_line' id='line_1_33' title="bbox 167 1919 3457 2005; baseline 0.005 -31"><span class='ocrx_word' id='word_1_275' title='bbox 167 1919 283 1975; x_wconf 89' lang='lat' dir='ltr'><strong>tiam</strong></span> <span class='ocrx_word' id='word_1_276' title='bbox 313 1919 603 1986; x_wconf 85' lang='lat' dir='ltr'><strong>concedat,</strong></span> <span class='ocrx_word' id='word_1_277' title='bbox 647 1929 704 1975; x_wconf 92' lang='lat' dir='ltr'><strong>ut</strong></span> <span class='ocrx_word' id='word_1_278' title='bbox 747 1930 840 1975; x_wconf 88' lang='lat' dir='ltr'><strong>aut</strong></span> <span class='ocrx_word' id='word_1_279' title='bbox 886 1938 993 1977; x_wconf 90' lang='lat' dir='ltr'><strong>non</strong></span> <span class='ocrx_word' id='word_1_280' title='bbox 1026 1925 1261 1993; x_wconf 87' lang='lat' dir='ltr'><strong>potuerit</strong></span> <span class='ocrx_word' id='word_1_281' title='bbox 1318 1924 1576 1980; x_wconf 87' lang='lat' dir='ltr'><strong>Dominus</strong></span> <span class='ocrx_word' id='word_1_282' title='bbox 1608 1925 1752 1997; x_wconf 82' lang='lat' dir='ltr'><strong>loqui</strong></span> <span class='ocrx_word' id='word_1_283' title='bbox 1784 1927 1830 1989; x_wconf 90' lang='lat' dir='ltr'><strong>B</strong></span> <span class='ocrx_word' id='word_1_284' title='bbox 1859 1925 1971 1982; x_wconf 88' lang='lat' dir='ltr'><strong>Deo</strong></span> <span class='ocrx_word' id='word_1_285' title='bbox 1997 1927 2277 1983; x_wconf 87' lang='lat' dir='ltr'><strong>scientiam</strong></span> <span class='ocrx_word' id='word_1_286' title='bbox 2306 1944 2413 1984; x_wconf 90' lang='lat' dir='ltr'><strong>non</strong></span> <span class='ocrx_word' id='word_1_287' title='bbox 2441 1929 2511 1986; x_wconf 91' lang='lat' dir='ltr'><strong>de</strong></span> <span class='ocrx_word' id='word_1_288' title='bbox 2541 1933 2821 2002; x_wconf 82' lang='lat' dir='ltr'><strong>repentina</strong></span> <span class='ocrx_word' id='word_1_289' title='bbox 2845 1932 3154 2005; x_wconf 88' lang='lat' dir='ltr'><strong>c0gnitione</strong></span> <span class='ocrx_word' id='word_1_290' title='bbox 3183 1946 3457 2002; x_wconf 87' lang='lat' dir='ltr'><strong>sumente,</strong></span> 
     </span>
    </p>
   </div>
   <div class='ocr_carea' id='block_1_34' title="bbox 166 2013 1752 2091">
    <p class='ocr_par' dir='ltr' id='par_1_34' title="bbox 166 2013 1752 2091">
     <span class='ocr_line' id='line_1_34' title="bbox 166 2013 1752 2091; baseline 0.008 -26"><span class='ocrx_word' id='word_1_291' title='bbox 166 2013 299 2086; x_wconf 85' lang='lat' dir='ltr'><strong>quod</strong></span> <span class='ocrx_word' id='word_1_292' title='bbox 323 2014 560 2079; x_wconf 87' lang='lat' dir='ltr'><strong>volebat,</strong></span> <span class='ocrx_word' id='word_1_293' title='bbox 589 2024 680 2071; x_wconf 89' lang='lat' dir='ltr'><strong>aut</strong></span> <span class='ocrx_word' id='word_1_294' title='bbox 699 2014 840 2071; x_wconf 82' lang='lat' dir='ltr'><strong>aliud</strong></span> <span class='ocrx_word' id='word_1_295' title='bbox 867 2015 1080 2073; x_wconf 89' lang='lat' dir='ltr'><strong>locutus</strong></span> <span class='ocrx_word' id='word_1_296' title='bbox 1111 2019 1181 2073; x_wconf 89' lang='lat' dir='ltr'><strong>sit</strong></span> <span class='ocrx_word' id='word_1_297' title='bbox 1203 2033 1364 2091; x_wconf 88' lang='lat' dir='ltr'><strong>quam</strong></span> <span class='ocrx_word' id='word_1_298' title='bbox 1398 2021 1610 2075; x_wconf 90' lang='lat' dir='ltr'><strong>locutus</strong></span> <span class='ocrx_word' id='word_1_299' title='bbox 1632 2029 1752 2077; x_wconf 90' lang='lat' dir='ltr'><strong>est:</strong></span> 
     </span>
    </p>
   </div>
   <div class='ocr_carea' id='block_1_35' title="bbox 171 2106 1753 2186">
    <p class='ocr_par' dir='ltr' id='par_1_35' title="bbox 171 2106 1753 2186">
     <span class='ocr_line' id='line_1_35' title="bbox 171 2106 1753 2186; baseline 0.008 -27"><span class='ocrx_word' id='word_1_300' title='bbox 171 2106 245 2178; x_wconf 78' lang='grc' dir='ltr'><strong>(α)</strong></span> <span class='ocrx_word' id='word_1_301' title='bbox 271 2107 360 2177; x_wconf 81' lang='lat' dir='ltr'><strong>qui</strong></span> <span class='ocrx_word' id='word_1_302' title='bbox 385 2120 707 2179; x_wconf 81' lang='lat' dir='ltr'><strong>quamquam</strong></span> <span class='ocrx_word' id='word_1_303' title='bbox 747 2108 1051 2179; x_wconf 85' lang='lat' dir='ltr'><strong>reperiatur</strong></span> <span class='ocrx_word' id='word_1_304' title='bbox 1080 2112 1405 2183; x_wconf 85' lang='lat' dir='ltr'><strong>parabolicis</strong></span> <span class='ocrx_word' id='word_1_305' title='bbox 1451 2122 1509 2171; x_wconf 88' lang='lat' dir='ltr'><strong>et</strong></span> <span class='ocrx_word' id='word_1_306' title='bbox 1549 2115 1753 2186; x_wconf 85' lang='lat' dir='ltr'><strong>allego-</strong></span> 
     </span>
    </p>
   </div>
   <div class='ocr_carea' id='block_1_36' title="bbox 173 2198 1752 2281">
    <p class='ocr_par' dir='ltr' id='par_1_36' title="bbox 173 2198 1752 2281">
     <span class='ocr_line' id='line_1_36' title="bbox 173 2198 1752 2281; baseline 0.008 -28"><span class='ocrx_word' id='word_1_307' title='bbox 173 2198 293 2254; x_wconf 88' lang='lat' dir='ltr'><strong>ricis</strong></span> <span class='ocrx_word' id='word_1_308' title='bbox 312 2199 462 2256; x_wconf 83' lang='lat' dir='ltr'><strong>dictis</strong></span> <span class='ocrx_word' id='word_1_309' title='bbox 488 2216 617 2257; x_wconf 88' lang='lat' dir='ltr'><strong>usus</strong></span> <span class='ocrx_word' id='word_1_310' title='bbox 642 2216 782 2269; x_wconf 89' lang='lat' dir='ltr'><strong>esse,</strong></span> <span class='ocrx_word' id='word_1_311' title='bbox 816 2203 910 2260; x_wconf 89' lang='lat' dir='ltr'><strong>sed</strong></span> <span class='ocrx_word' id='word_1_312' title='bbox 933 2203 1080 2260; x_wconf 85' lang='lat' dir='ltr'><strong>aliud</strong></span> <span class='ocrx_word' id='word_1_313' title='bbox 1104 2215 1189 2261; x_wconf 89' lang='lat' dir='ltr'><strong>est</strong></span> <span class='ocrx_word' id='word_1_314' title='bbox 1228 2207 1313 2262; x_wconf 87' lang='lat' dir='ltr'><strong>vel</strong></span> <span class='ocrx_word' id='word_1_315' title='bbox 1342 2208 1606 2281; x_wconf 84' lang='lat' dir='ltr'><strong>exemplis</strong></span> <span class='ocrx_word' id='word_1_316' title='bbox 1631 2208 1752 2265; x_wconf 80' lang='lat' dir='ltr'><strong>dic-</strong></span> 
     </span>
    </p>
   </div>
   <div class='ocr_carea' id='block_1_37' title="bbox 174 2292 1757 2371">
    <p class='ocr_par' dir='ltr' id='par_1_37' title="bbox 174 2292 1757 2371">
     <span class='ocr_line' id='line_1_37' title="bbox 174 2292 1757 2371; baseline 0.008 -24"><span class='ocrx_word' id='word_1_317' title='bbox 174 2301 220 2347; x_wconf 87' lang='lat' dir='ltr'><strong>ta</strong></span> <span class='ocrx_word' id='word_1_318' title='bbox 276 2292 353 2367; x_wconf 87' lang='lat' dir='ltr'><strong>(l)</strong></span> <span class='ocrx_word' id='word_1_319' title='bbox 399 2295 633 2362; x_wconf 89' lang='lat' dir='ltr'><strong>ﬁrmare,</strong></span> <span class='ocrx_word' id='word_1_320' title='bbox 679 2296 762 2352; x_wconf 85' lang='lat' dir='ltr'><strong>vel</strong></span> <span class='ocrx_word' id='word_1_321' title='bbox 809 2297 1216 2369; x_wconf 86' lang='lat' dir='ltr'><strong>proverbiorum</strong></span> <span class='ocrx_word' id='word_1_322' title='bbox 1269 2301 1757 2371; x_wconf 81' lang='lat' dir='ltr'><strong>signiﬁcationibus</strong></span> 
     </span>
    </p>
   </div>
   <div class='ocr_carea' id='block_1_38' title="bbox 165 2385 1757 2465">
    <p class='ocr_par' dir='ltr' id='par_1_38' title="bbox 165 2385 1757 2465">
     <span class='ocr_line' id='line_1_38' title="bbox 165 2385 1757 2465; baseline 0.008 -24"><span class='ocrx_word' id='word_1_323' title='bbox 165 2400 337 2441; x_wconf 84' lang='lat' dir='ltr'><strong>rerum</strong></span> <span class='ocrx_word' id='word_1_324' title='bbox 359 2385 676 2444; x_wconf 80' lang='lat' dir='ltr'><strong>satisfacere</strong></span> <span class='ocrx_word' id='word_1_325' title='bbox 693 2387 961 2460; x_wconf 80' lang='lat' dir='ltr'><strong>dignitati,</strong></span> <span class='ocrx_word' id='word_1_326' title='bbox 981 2391 1060 2446; x_wconf 83' lang='lat' dir='ltr'><strong>vel</strong></span> <span class='ocrx_word' id='word_1_327' title='bbox 1079 2400 1383 2463; x_wconf 87' lang='lat' dir='ltr'><strong>temporum</strong></span> <span class='ocrx_word' id='word_1_328' title='bbox 1408 2394 1757 2465; x_wconf 84' lang='lat' dir='ltr'><strong>professioni-</strong></span> 
     </span>
    </p>
   </div>
   <div class='ocr_carea' id='block_1_39' title="bbox 163 2476 1754 2560">
    <p class='ocr_par' dir='ltr' id='par_1_39' title="bbox 163 2476 1754 2560">
     <span class='ocr_line' id='line_1_39' title="bbox 163 2476 1754 2560; baseline 0.009 -30"><span class='ocrx_word' id='word_1_329' title='bbox 163 2476 257 2531; x_wconf 90' lang='lat' dir='ltr'><strong>bus</strong></span> <span class='ocrx_word' id='word_1_330' title='bbox 292 2492 352 2533; x_wconf 86' lang='lat' dir='ltr'><strong>se</strong></span> <span class='ocrx_word' id='word_1_331' title='bbox 396 2488 650 2551; x_wconf 78' lang='lat' dir='ltr'><strong>coaptare</strong></span> <span class='ocrx_word' id='word_1_332' title='bbox 681 2500 695 2537; x_wconf 90' lang='lat'><strong>:</strong></span> <span class='ocrx_word' id='word_1_333' title='bbox 730 2490 908 2538; x_wconf 86' lang='lat' dir='ltr'><strong>tamen</strong></span> <span class='ocrx_word' id='word_1_334' title='bbox 951 2483 1040 2540; x_wconf 89' lang='lat' dir='ltr'><strong>bic</strong></span> <span class='ocrx_word' id='word_1_335' title='bbox 1085 2483 1224 2541; x_wconf 90' lang='lat' dir='ltr'><strong>idem</strong></span> <span class='ocrx_word' id='word_1_336' title='bbox 1275 2487 1519 2557; x_wconf 84' lang='lat' dir='ltr'><strong>unitatis,</strong></span> <span class='ocrx_word' id='word_1_337' title='bbox 1551 2489 1622 2546; x_wconf 87' lang='lat' dir='ltr'><strong>de</strong></span> <span class='ocrx_word' id='word_1_338' title='bbox 1650 2506 1754 2560; x_wconf 87' lang='lat' dir='ltr'><strong>qua</strong></span> 
     </span>
    </p>
   </div>
   <div class='ocr_carea' id='block_1_40' title="bbox 161 2572 1757 2653">
    <p class='ocr_par' dir='ltr' id='par_1_40' title="bbox 161 2572 1757 2653">
     <span class='ocr_line' id='line_1_40' title="bbox 161 2572 1757 2653; baseline 0.009 -28"><span class='ocrx_word' id='word_1_339' title='bbox 161 2580 440 2641; x_wconf 82' lang='lat' dir='ltr'><strong>tractatur,</strong></span> <span class='ocrx_word' id='word_1_340' title='bbox 475 2572 624 2630; x_wconf 82' lang='lat' dir='ltr'><strong>locus</strong></span> <span class='ocrx_word' id='word_1_341' title='bbox 654 2590 757 2630; x_wconf 91' lang='lat' dir='ltr'><strong>non</strong></span> <span class='ocrx_word' id='word_1_342' title='bbox 786 2575 986 2646; x_wconf 87' lang='lat' dir='ltr'><strong>patitur</strong></span> <span class='ocrx_word' id='word_1_343' title='bbox 1008 2578 1061 2632; x_wconf 92' lang='lat' dir='ltr'><strong>in</strong></span> <span class='ocrx_word' id='word_1_344' title='bbox 1094 2578 1251 2635; x_wconf 85' lang='lat' dir='ltr'><strong>dictis</strong></span> <span class='ocrx_word' id='word_1_345' title='bbox 1280 2579 1451 2649; x_wconf 89' lang='lat' dir='ltr'><strong>aliud,</strong></span> <span class='ocrx_word' id='word_1_346' title='bbox 1477 2598 1637 2653; x_wconf 90' lang='lat' dir='ltr'><strong>quam</strong></span> <span class='ocrx_word' id='word_1_347' title='bbox 1667 2598 1757 2640; x_wconf 87' lang='lat' dir='ltr'><strong>so-</strong></span> 
     </span>
    </p>
   </div>
   <div class='ocr_carea' id='block_1_41' title="bbox 160 2668 1755 2747">
    <p class='ocr_par' dir='ltr' id='par_1_41' title="bbox 160 2668 1755 2747">
     <span class='ocr_line' id='line_1_41' title="bbox 160 2668 1755 2747; baseline 0.006 -22"><span class='ocrx_word' id='word_1_348' title='bbox 160 2676 281 2725; x_wconf 84' lang='lat' dir='ltr'><strong>nant</strong></span> <span class='ocrx_word' id='word_1_349' title='bbox 311 2668 501 2736; x_wconf 87' lang='lat' dir='ltr'><strong>verba,</strong></span> <span class='ocrx_word' id='word_1_350' title='bbox 549 2684 670 2726; x_wconf 87' lang='lat' dir='ltr'><strong>esse</strong></span> <span class='ocrx_word' id='word_1_351' title='bbox 713 2670 1067 2727; x_wconf 88' lang='lat' dir='ltr'><strong>credendum.</strong></span> <span class='ocrx_word' id='word_1_352' title='bbox 1100 2671 1156 2730; x_wconf 92' lang='lat' dir='ltr'><strong>Si</strong></span> <span class='ocrx_word' id='word_1_353' title='bbox 1198 2673 1341 2730; x_wconf 87' lang='lat' dir='ltr'><strong>enim</strong></span> <span class='ocrx_word' id='word_1_354' title='bbox 1373 2690 1471 2747; x_wconf 89' lang='lat' dir='ltr'><strong>per</strong></span> <span class='ocrx_word' id='word_1_355' title='bbox 1505 2675 1557 2732; x_wconf 92' lang='lat' dir='ltr'><strong>id</strong></span> <span class='ocrx_word' id='word_1_356' title='bbox 1588 2692 1755 2735; x_wconf 85' lang='lat' dir='ltr'><strong>unum</strong></span> 
     </span>
    </p>
   </div>
   <div class='ocr_carea' id='block_1_42' title="bbox 160 2762 1757 2836">
    <p class='ocr_par' dir='ltr' id='par_1_42' title="bbox 160 2762 1757 2836">
     <span class='ocr_line' id='line_1_42' title="bbox 160 2762 1757 2836; baseline 0.007 -19"><span class='ocrx_word' id='word_1_357' title='bbox 160 2772 296 2829; x_wconf 86' lang='lat' dir='ltr'><strong>sunt,</strong></span> <span class='ocrx_word' id='word_1_358' title='bbox 331 2762 462 2836; x_wconf 89' lang='lat' dir='ltr'><strong>quia</strong></span> <span class='ocrx_word' id='word_1_359' title='bbox 504 2780 667 2821; x_wconf 91' lang='lat' dir='ltr'><strong>unum</strong></span> <span class='ocrx_word' id='word_1_360' title='bbox 700 2765 923 2834; x_wconf 89' lang='lat' dir='ltr'><strong>volunt;</strong></span> <span class='ocrx_word' id='word_1_361' title='bbox 954 2781 1119 2822; x_wconf 86' lang='lat' dir='ltr'><strong>unum</strong></span> <span class='ocrx_word' id='word_1_362' title='bbox 1158 2774 1340 2824; x_wconf 88' lang='lat' dir='ltr'><strong>autem</strong></span> <span class='ocrx_word' id='word_1_363' title='bbox 1381 2768 1521 2826; x_wconf 88' lang='lat' dir='ltr'><strong>velle</strong></span> <span class='ocrx_word' id='word_1_364' title='bbox 1551 2779 1757 2828; x_wconf 74' lang='lat' dir='ltr'><strong>uatum</strong></span> 
     </span>
    </p>
   </div>
   <div class='ocr_carea' id='block_1_43' title="bbox 159 2858 1757 2937">
    <p class='ocr_par' dir='ltr' id='par_1_43' title="bbox 159 2858 1757 2937">
     <span class='ocr_line' id='line_1_43' title="bbox 159 2858 1757 2937; baseline 0.006 -25"><span class='ocrx_word' id='word_1_365' title='bbox 159 2858 492 2929; x_wconf 84' lang='lat' dir='ltr'><strong>separabiles</strong></span> <span class='ocrx_word' id='word_1_366' title='bbox 525 2875 630 2914; x_wconf 90' lang='lat' dir='ltr'><strong>non</strong></span> <span class='ocrx_word' id='word_1_367' title='bbox 662 2870 909 2931; x_wconf 89' lang='lat' dir='ltr'><strong>possunt,</strong></span> <span class='ocrx_word' id='word_1_368' title='bbox 941 2876 1059 2932; x_wconf 79' lang='lat' dir='ltr'><strong>qua:</strong></span> <span class='ocrx_word' id='word_1_369' title='bbox 1088 2860 1167 2937; x_wconf 89' lang='lat' dir='ltr'><strong>(b)</strong></span> <span class='ocrx_word' id='word_1_370' title='bbox 1197 2861 1511 2919; x_wconf 88' lang='lat' dir='ltr'><strong>diversitate</strong></span> <span class='ocrx_word' id='word_1_371' title='bbox 1540 2866 1757 2935; x_wconf 79' lang='lat' dir='ltr'><strong>generis</strong></span> 
     </span>
    </p>
   </div>
   <div class='ocr_carea' id='block_1_44' title="bbox 169 2951 1757 3031">
    <p class='ocr_par' dir='ltr' id='par_1_44' title="bbox 169 2951 1757 3031">
     <span class='ocr_line' id='line_1_44' title="bbox 169 2951 1757 3031; baseline 0.006 -25"><span class='ocrx_word' id='word_1_372' title='bbox 169 2951 482 3010; x_wconf 69' lang='lat' dir='ltr'><strong>dissidentis</strong></span> <span class='ocrx_word' id='word_1_373' title='bbox 528 2956 582 3012; x_wconf 92' lang='lat' dir='ltr'><strong>in</strong></span> <span class='ocrx_word' id='word_1_374' title='bbox 614 2955 855 3013; x_wconf 77' lang='lat' dir='ltr'><strong>dirersas</strong></span> <span class='ocrx_word' id='word_1_375' title='bbox 907 2957 1069 3031; x_wconf 79' lang='lat'><strong>313</strong></span> <span class='ocrx_word' id='word_1_376' title='bbox 1116 2958 1421 3014; x_wconf 89' lang='lat' dir='ltr'><strong>necessario</strong></span> <span class='ocrx_word' id='word_1_377' title='bbox 1453 2958 1757 3017; x_wconf 81' lang='lat' dir='ltr'><strong>voluntates</strong></span> 
     </span>
    </p>
   </div>
   <div class='ocr_carea' id='block_1_45' title="bbox 157 3049 1757 3124">
    <p class='ocr_par' dir='ltr' id='par_1_45' title="bbox 157 3049 1757 3124">
     <span class='ocr_line' id='line_1_45' title="bbox 157 3049 1757 3124; baseline 0.004 -20"><span class='ocrx_word' id='word_1_378' title='bbox 157 3056 363 3105; x_wconf 79' lang='lat' dir='ltr'><strong>natura:</strong></span> <span class='ocrx_word' id='word_1_379' title='bbox 384 3049 700 3107; x_wconf 88' lang='lat' dir='ltr'><strong>diversitate</strong></span> <span class='ocrx_word' id='word_1_380' title='bbox 729 3050 1056 3107; x_wconf 86' lang='lat' dir='ltr'><strong>dissentiunt</strong></span> <span class='ocrx_word' id='word_1_381' title='bbox 1085 3070 1099 3105; x_wconf 87' lang='lat'><strong>:</strong></span> <span class='ocrx_word' id='word_1_382' title='bbox 1127 3052 1398 3124; x_wconf 90' lang='lat' dir='ltr'><strong>quomodo</strong></span> <span class='ocrx_word' id='word_1_383' title='bbox 1420 3069 1583 3109; x_wconf 89' lang='lat' dir='ltr'><strong>unum</strong></span> <span class='ocrx_word' id='word_1_384' title='bbox 1613 3054 1757 3112; x_wconf 87' lang='lat' dir='ltr'><strong>velle</strong></span> 
     </span>
    </p>
   </div>
   <div class='ocr_carea' id='block_1_46' title="bbox 159 3143 1758 3214">
    <p class='ocr_par' dir='ltr' id='par_1_46' title="bbox 159 3143 1758 3214">
     <span class='ocr_line' id='line_1_46' title="bbox 159 3143 1758 3214; baseline 0.002 -16"><span class='ocrx_word' id='word_1_385' title='bbox 159 3151 403 3213; x_wconf 89' lang='lat' dir='ltr'><strong>possunt,</strong></span> <span class='ocrx_word' id='word_1_386' title='bbox 429 3143 623 3214; x_wconf 80' lang='lat' dir='ltr'><strong>quibus</strong></span> <span class='ocrx_word' id='word_1_387' title='bbox 641 3145 782 3201; x_wconf 89' lang='lat' dir='ltr'><strong>scire</strong></span> <span class='ocrx_word' id='word_1_388' title='bbox 812 3160 917 3201; x_wconf 89' lang='lat' dir='ltr'><strong>non</strong></span> <span class='ocrx_word' id='word_1_389' title='bbox 944 3160 1105 3201; x_wconf 89' lang='lat' dir='ltr'><strong>unum</strong></span> <span class='ocrx_word' id='word_1_390' title='bbox 1128 3154 1245 3210; x_wconf 86' lang='lat' dir='ltr'><strong>est;</strong></span> <span class='ocrx_word' id='word_1_391' title='bbox 1278 3160 1401 3201; x_wconf 91' lang='lat' dir='ltr'><strong>cum</strong></span> <span class='ocrx_word' id='word_1_392' title='bbox 1432 3146 1679 3213; x_wconf 89' lang='lat' dir='ltr'><strong>scientia,</strong></span> <span class='ocrx_word' id='word_1_393' title='bbox 1702 3155 1758 3202; x_wconf 88' lang='lat' dir='ltr'><strong>et</strong></span> 
     </span>
    </p>
   </div>
   <div class='ocr_carea' id='block_1_47' title="bbox 157 3235 1755 3312">
    <p class='ocr_par' dir='ltr' id='par_1_47' title="bbox 157 3235 1755 3312">
     <span class='ocr_line' id='line_1_47' title="bbox 157 3235 1755 3312; baseline 0.003 -21"><span class='ocrx_word' id='word_1_394' title='bbox 157 3235 422 3308; x_wconf 80' lang='lat' dir='ltr'><strong>ignoratio</strong></span> <span class='ocrx_word' id='word_1_395' title='bbox 469 3239 761 3295; x_wconf 81' lang='lat' dir='ltr'><strong>voluntatis</strong></span> <span class='ocrx_word' id='word_1_396' title='bbox 802 3239 957 3295; x_wconf 90' lang='lat' dir='ltr'><strong>unius</strong></span> <span class='ocrx_word' id='word_1_397' title='bbox 985 3239 1063 3312; x_wconf 67' lang='lat'><strong>(&#39;2)</strong></span> <span class='ocrx_word' id='word_1_398' title='bbox 1108 3239 1404 3310; x_wconf 84' lang='lat' dir='ltr'><strong>impediant</strong></span> <span class='ocrx_word' id='word_1_399' title='bbox 1449 3240 1755 3297; x_wconf 83' lang='lat' dir='ltr'><strong>unitatem?</strong></span> 
     </span>
    </p>
   </div>
   <div class='ocr_carea' id='block_1_48' title="bbox 1859 2017 3465 2097">
    <p class='ocr_par' dir='ltr' id='par_1_48' title="bbox 1859 2017 3465 2097">
     <span class='ocr_line' id='line_1_48' title="bbox 1859 2017 3465 2097; baseline 0.007 -25"><span class='ocrx_word' id='word_1_400' title='bbox 1859 2017 1957 2074; x_wconf 85' lang='lat' dir='ltr'><strong>sed</strong></span> <span class='ocrx_word' id='word_1_401' title='bbox 2001 2018 2052 2074; x_wconf 89' lang='lat' dir='ltr'><strong>in</strong></span> <span class='ocrx_word' id='word_1_402' title='bbox 2087 2030 2329 2091; x_wconf 82' lang='lat' dir='ltr'><strong>tempore</strong></span> <span class='ocrx_word' id='word_1_403' title='bbox 2355 2032 2709 2093; x_wconf 88' lang='lat' dir='ltr'><strong>protestante.</strong></span> <span class='ocrx_word' id='word_1_404' title='bbox 2742 2024 2797 2081; x_wconf 90' lang='lat' dir='ltr'><strong>Si</strong></span> <span class='ocrx_word' id='word_1_405' title='bbox 2836 2025 3017 2097; x_wconf 85' lang='lat' dir='ltr'><strong>itaque</strong></span> <span class='ocrx_word' id='word_1_406' title='bbox 3042 2034 3095 2082; x_wconf 92' lang='lat' dir='ltr'><strong>et</strong></span> <span class='ocrx_word' id='word_1_407' title='bbox 3123 2025 3269 2083; x_wconf 86' lang='lat' dir='ltr'><strong>diem</strong></span> <span class='ocrx_word' id='word_1_408' title='bbox 3294 2025 3465 2084; x_wconf 88' lang='lat' dir='ltr'><strong>Filius</strong></span> 
     </span>
    </p>
   </div>
   <div class='ocr_carea' id='block_1_49' title="bbox 1860 2111 3461 2186">
    <p class='ocr_par' dir='ltr' id='par_1_49' title="bbox 1860 2111 3461 2186">
     <span class='ocr_line' id='line_1_49' title="bbox 1860 2111 3461 2186; baseline 0.007 -22"><span class='ocrx_word' id='word_1_409' title='bbox 1860 2111 2157 2177; x_wconf 85' lang='lat' dir='ltr'><strong>secundum</strong></span> <span class='ocrx_word' id='word_1_410' title='bbox 2184 2124 2582 2171; x_wconf 85' lang='lat' dir='ltr'><strong>sacramentum</strong></span> <span class='ocrx_word' id='word_1_411' title='bbox 2626 2116 2826 2186; x_wconf 86' lang='lat' dir='ltr'><strong>nescit,</strong></span> <span class='ocrx_word' id='word_1_412' title='bbox 2863 2126 2920 2173; x_wconf 91' lang='lat' dir='ltr'><strong>ut</strong></span> <span class='ocrx_word' id='word_1_413' title='bbox 2950 2126 3155 2186; x_wconf 87' lang='lat' dir='ltr'><strong>taceat;</strong></span> <span class='ocrx_word' id='word_1_414' title='bbox 3185 2134 3217 2175; x_wconf 89' lang='lat' dir='ltr'><strong>e</strong></span> <span class='ocrx_word' id='word_1_415' title='bbox 3245 2127 3461 2176; x_wconf 85' lang='lat' dir='ltr'><strong>contra-</strong></span> 
     </span>
    </p>
   </div>
   <div class='ocr_carea' id='block_1_50' title="bbox 1859 2204 3464 2276">
    <p class='ocr_par' dir='ltr' id='par_1_50' title="bbox 1859 2204 3464 2276">
     <span class='ocr_line' id='line_1_50' title="bbox 1859 2204 3464 2276; baseline 0.006 -15"><span class='ocrx_word' id='word_1_416' title='bbox 1859 2204 1942 2261; x_wconf 92' lang='lat' dir='ltr'><strong>rio</strong></span> <span class='ocrx_word' id='word_1_417' title='bbox 1993 2220 2220 2263; x_wconf 83' lang='lat' dir='ltr'><strong>necesse</strong></span> <span class='ocrx_word' id='word_1_418' title='bbox 2261 2218 2373 2276; x_wconf 90' lang='lat' dir='ltr'><strong>est,</strong></span> <span class='ocrx_word' id='word_1_419' title='bbox 2406 2209 2532 2266; x_wconf 89' lang='lat' dir='ltr'><strong>ideo</strong></span> <span class='ocrx_word' id='word_1_420' title='bbox 2562 2209 2707 2268; x_wconf 88' lang='lat' dir='ltr'><strong>diem</strong></span> <span class='ocrx_word' id='word_1_421' title='bbox 2752 2211 2914 2269; x_wconf 87' lang='lat' dir='ltr'><strong>Pater</strong></span> <span class='ocrx_word' id='word_1_422' title='bbox 2951 2212 3102 2269; x_wconf 88' lang='lat' dir='ltr'><strong>solus</strong></span> <span class='ocrx_word' id='word_1_423' title='bbox 3145 2212 3464 2270; x_wconf 85' lang='lat' dir='ltr'><strong>ostendatur</strong></span> 
     </span>
    </p>
   </div>
   <div class='ocr_carea' id='block_1_51' title="bbox 1859 2295 3159 2372">
    <p class='ocr_par' dir='ltr' id='par_1_51' title="bbox 1859 2295 3159 2372">
     <span class='ocr_line' id='line_1_51' title="bbox 1859 2295 3159 2372; baseline 0.006 -17"><span class='ocrx_word' id='word_1_424' title='bbox 1859 2298 2022 2368; x_wconf 88' lang='lat' dir='ltr'><strong>scire,</strong></span> <span class='ocrx_word' id='word_1_425' title='bbox 2049 2302 2174 2372; x_wconf 87' lang='lat' dir='ltr'><strong>quia</strong></span> <span class='ocrx_word' id='word_1_426' title='bbox 2198 2316 2304 2358; x_wconf 90' lang='lat' dir='ltr'><strong>non</strong></span> <span class='ocrx_word' id='word_1_427' title='bbox 2338 2311 2498 2359; x_wconf 89' lang='lat' dir='ltr'><strong>tacet.</strong></span> <span class='ocrx_word' id='word_1_428' title='bbox 3155 2295 3159 2300; x_wconf 72' lang='grc'><strong>’</strong></span> 
     </span>
    </p>
   </div>
   <div class='ocr_carea' id='block_1_52' title="bbox 1933 2393 3465 2471">
    <p class='ocr_par' dir='ltr' id='par_1_52' title="bbox 1933 2393 3465 2471">
     <span class='ocr_line' id='line_1_52' title="bbox 1933 2393 3465 2471; baseline 0.005 -23"><span class='ocrx_word' id='word_1_429' title='bbox 1933 2394 2023 2449; x_wconf 73' lang='lat'><strong>72.</strong></span> <span class='ocrx_word' id='word_1_430' title='bbox 2064 2393 2208 2451; x_wconf 87' lang='lat' dir='ltr'><strong>Deus</strong></span> <span class='ocrx_word' id='word_1_431' title='bbox 2236 2397 2493 2467; x_wconf 77' lang='lat' dir='ltr'><strong>simplex,</strong></span> <span class='ocrx_word' id='word_1_432' title='bbox 2529 2406 2578 2454; x_wconf 87' lang='lat' dir='ltr'><strong>et</strong></span> <span class='ocrx_word' id='word_1_433' title='bbox 2614 2398 2843 2454; x_wconf 78' lang='lat' dir='ltr'><strong>Immone</strong></span> <span class='ocrx_word' id='word_1_434' title='bbox 2887 2399 3038 2455; x_wconf 84' lang='lat' dir='ltr'><strong>modo</strong></span> <span class='ocrx_word' id='word_1_435' title='bbox 3075 2400 3288 2456; x_wconf 78' lang='lat' dir='ltr'><strong>minime</strong></span> <span class='ocrx_word' id='word_1_436' title='bbox 3322 2399 3465 2471; x_wconf 85' lang='lat' dir='ltr'><strong>cogi-</strong></span> 
     </span>
    </p>
   </div>
   <div class='ocr_carea' id='block_1_53' title="bbox 1859 2487 3462 2565">
    <p class='ocr_par' dir='ltr' id='par_1_53' title="bbox 1859 2487 3462 2565">
     <span class='ocr_line' id='line_1_53' title="bbox 1859 2487 3462 2565; baseline 0.004 -23"><span class='ocrx_word' id='word_1_437' title='bbox 1859 2487 2065 2544; x_wconf 86' lang='lat' dir='ltr'><strong>tandus.</strong></span> <span class='ocrx_word' id='word_1_438' title='bbox 2111 2487 2235 2546; x_wconf 86' lang='lat' dir='ltr'><strong>Non</strong></span> <span class='ocrx_word' id='word_1_439' title='bbox 2273 2499 2520 2547; x_wconf 84' lang='lat' dir='ltr'><strong>mutatur.</strong></span> <span class='ocrx_word' id='word_1_440' title='bbox 2555 2488 2742 2547; x_wconf 84' lang='lat' dir='ltr'><strong>Omnia</strong></span> <span class='ocrx_word' id='word_1_441' title='bbox 2776 2501 2959 2565; x_wconf 73' lang='lat' dir='ltr'><strong>potest.</strong></span> <span class='ocrx_word' id='word_1_442' title='bbox 2996 2523 3068 2535; x_wconf 86' lang='lat'><strong>-—</strong></span> <span class='ocrx_word' id='word_1_443' title='bbox 3098 2492 3255 2550; x_wconf 79' lang='lat' dir='ltr'><strong>Absit</strong></span> <span class='ocrx_word' id='word_1_444' title='bbox 3282 2504 3462 2549; x_wconf 89' lang='lat' dir='ltr'><strong>autem</strong></span> 
     </span>
    </p>
   </div>
   <div class='ocr_carea' id='block_1_54' title="bbox 1860 2582 3465 2654">
    <p class='ocr_par' dir='ltr' id='par_1_54' title="bbox 1860 2582 3465 2654">
     <span class='ocr_line' id='line_1_54' title="bbox 1860 2582 3465 2654; baseline 0.003 -16"><span class='ocrx_word' id='word_1_445' title='bbox 1860 2582 2224 2654; x_wconf 90' lang='lat' dir='ltr'><strong>corporalium</strong></span> <span class='ocrx_word' id='word_1_446' title='bbox 2247 2583 2676 2642; x_wconf 89' lang='lat' dir='ltr'><strong>demutationum</strong></span> <span class='ocrx_word' id='word_1_447' title='bbox 2702 2587 2974 2643; x_wconf 86' lang='lat' dir='ltr'><strong>novitates</strong></span> <span class='ocrx_word' id='word_1_448' title='bbox 2996 2587 3048 2643; x_wconf 90' lang='lat' dir='ltr'><strong>in</strong></span> <span class='ocrx_word' id='word_1_449' title='bbox 3072 2587 3230 2644; x_wconf 85' lang='lat' dir='ltr'><strong>Patre</strong></span> <span class='ocrx_word' id='word_1_450' title='bbox 3252 2596 3306 2643; x_wconf 90' lang='lat' dir='ltr'><strong>et</strong></span> <span class='ocrx_word' id='word_1_451' title='bbox 3326 2586 3465 2643; x_wconf 87' lang='lat' dir='ltr'><strong>Filio</strong></span> 
     </span>
    </p>
   </div>
   <div class='ocr_carea' id='block_1_55' title="bbox 1856 2674 3466 2752">
    <p class='ocr_par' dir='ltr' id='par_1_55' title="bbox 1856 2674 3466 2752">
     <span class='ocr_line' id='line_1_55' title="bbox 1856 2674 3466 2752; baseline 0.003 -21"><span class='ocrx_word' id='word_1_452' title='bbox 1856 2674 2182 2743; x_wconf 82' lang='lat' dir='ltr'><strong>existimari,</strong></span> <span class='ocrx_word' id='word_1_453' title='bbox 2212 2687 2269 2733; x_wconf 91' lang='lat' dir='ltr'><strong>ut</strong></span> <span class='ocrx_word' id='word_1_454' title='bbox 2297 2676 2591 2748; x_wconf 89' lang='lat' dir='ltr'><strong>aliquando</strong></span> <span class='ocrx_word' id='word_1_455' title='bbox 2613 2678 2774 2735; x_wconf 88' lang='lat' dir='ltr'><strong>Pater</strong></span> <span class='ocrx_word' id='word_1_456' title='bbox 2795 2676 2934 2734; x_wconf 85' lang='lat' dir='ltr'><strong>Filio</strong></span> <span class='ocrx_word' id='word_1_457' title='bbox 2955 2688 3047 2735; x_wconf 90' lang='lat' dir='ltr'><strong>aut</strong></span> <span class='ocrx_word' id='word_1_458' title='bbox 3067 2679 3339 2752; x_wconf 88' lang='lat' dir='ltr'><strong>loquatur,</strong></span> <span class='ocrx_word' id='word_1_459' title='bbox 3370 2688 3466 2736; x_wconf 91' lang='lat' dir='ltr'><strong>aut</strong></span> 
     </span>
    </p>
   </div>
   <div class='ocr_carea' id='block_1_56' title="bbox 1858 2768 3462 2844">
    <p class='ocr_par' dir='ltr' id='par_1_56' title="bbox 1858 2768 3462 2844">
     <span class='ocr_line' id='line_1_56' title="bbox 1858 2768 3462 2844; baseline 0.002 -19"><span class='ocrx_word' id='word_1_460' title='bbox 1858 2777 2056 2826; x_wconf 87' lang='lat' dir='ltr'><strong>taceat.</strong></span> <span class='ocrx_word' id='word_1_461' title='bbox 2081 2768 2246 2826; x_wconf 87' lang='lat' dir='ltr'><strong>Nobis</strong></span> <span class='ocrx_word' id='word_1_462' title='bbox 2271 2769 2490 2842; x_wconf 88' lang='lat' dir='ltr'><strong>quidem</strong></span> <span class='ocrx_word' id='word_1_463' title='bbox 2521 2785 2905 2844; x_wconf 86' lang='lat' dir='ltr'><strong>nonnunquam</strong></span> <span class='ocrx_word' id='word_1_464' title='bbox 2935 2771 3154 2829; x_wconf 87' lang='lat' dir='ltr'><strong>missam</strong></span> <span class='ocrx_word' id='word_1_465' title='bbox 3177 2786 3364 2829; x_wconf 86' lang='lat' dir='ltr'><strong>vocem</strong></span> <span class='ocrx_word' id='word_1_466' title='bbox 3392 2773 3462 2829; x_wconf 84' lang='lat' dir='ltr'><strong>de</strong></span> 
     </span>
    </p>
   </div>
   <div class='ocr_carea' id='block_1_57' title="bbox 1861 2863 3458 2936">
    <p class='ocr_par' dir='ltr' id='par_1_57' title="bbox 1861 2863 3458 2936">
     <span class='ocr_line' id='line_1_57' title="bbox 1861 2863 3458 2936; baseline 0.001 -18"><span class='ocrx_word' id='word_1_467' title='bbox 1861 2863 2003 2919; x_wconf 71' lang='lat' dir='ltr'><strong>coelo</strong></span> <span class='ocrx_word' id='word_1_468' title='bbox 2035 2864 2408 2929; x_wconf 77' lang='lat' dir='ltr'><strong>tneniinimus;</strong></span> <span class='ocrx_word' id='word_1_469' title='bbox 2441 2872 2502 2919; x_wconf 93' lang='lat' dir='ltr'><strong>ut</strong></span> <span class='ocrx_word' id='word_1_470' title='bbox 2530 2874 2931 2922; x_wconf 88' lang='lat' dir='ltr'><strong>sacramentum</strong></span> <span class='ocrx_word' id='word_1_471' title='bbox 2976 2864 3118 2936; x_wconf 89' lang='lat' dir='ltr'><strong>apud</strong></span> <span class='ocrx_word' id='word_1_472' title='bbox 3157 2879 3259 2921; x_wconf 87' lang='lat' dir='ltr'><strong>nos</strong></span> <span class='ocrx_word' id='word_1_473' title='bbox 3303 2864 3458 2932; x_wconf 86' lang='lat' dir='ltr'><strong>Filii,</strong></span> 
     </span>
    </p>
   </div>
   <div class='ocr_carea' id='block_1_58' title="bbox 1862 2956 3461 3029">
    <p class='ocr_par' dir='ltr' id='par_1_58' title="bbox 1862 2956 3461 3029">
     <span class='ocr_line' id='line_1_58' title="bbox 1862 2956 3461 3029; baseline 0.001 -17"><span class='ocrx_word' id='word_1_474' title='bbox 1862 2958 2070 3028; x_wconf 89' lang='lat' dir='ltr'><strong>paterni</strong></span> <span class='ocrx_word' id='word_1_475' title='bbox 2098 2956 2226 3013; x_wconf 91' lang='lat' dir='ltr'><strong>dicti</strong></span> <span class='ocrx_word' id='word_1_476' title='bbox 2253 2956 2575 3029; x_wconf 88' lang='lat' dir='ltr'><strong>signiﬁcatio</strong></span> <span class='ocrx_word' id='word_1_477' title='bbox 2599 2959 2866 3026; x_wconf 88' lang='lat' dir='ltr'><strong>ﬁrmaret,</strong></span> <span class='ocrx_word' id='word_1_478' title='bbox 2898 2958 3039 3016; x_wconf 87' lang='lat' dir='ltr'><strong>sicut</strong></span> <span class='ocrx_word' id='word_1_479' title='bbox 3065 2959 3324 3014; x_wconf 88' lang='lat' dir='ltr'><strong>Dominus</strong></span> <span class='ocrx_word' id='word_1_480' title='bbox 3348 2958 3422 3014; x_wconf 87' lang='lat' dir='ltr'><strong>ait</strong></span> <span class='ocrx_word' id='word_1_481' title='bbox 3446 2975 3461 3014; x_wconf 86' lang='lat'><strong>:</strong></span> 
     </span>
    </p>
   </div>
   <div class='ocr_carea' id='block_1_59' title="bbox 1857 3052 3463 3124">
    <p class='ocr_par' dir='ltr' id='par_1_59' title="bbox 1857 3052 3463 3124">
     <span class='ocr_line' id='line_1_59' title="bbox 1857 3052 3463 3124; baseline 0.001 -15"><span class='ocrx_word' id='word_1_482' title='bbox 1857 3052 1976 3109; x_wconf 85' lang='lat' dir='ltr'><strong>Non</strong></span> <span class='ocrx_word' id='word_1_483' title='bbox 2008 3060 2229 3123; x_wconf 90' lang='lat' dir='ltr'><strong>propter</strong></span> <span class='ocrx_word' id='word_1_484' title='bbox 2269 3068 2355 3109; x_wconf 90' lang='lat' dir='ltr'><strong>me</strong></span> <span class='ocrx_word' id='word_1_485' title='bbox 2380 3068 2486 3121; x_wconf 66' lang='lat' dir='ltr'><strong>vos</strong></span> <span class='ocrx_word' id='word_1_486' title='bbox 2508 3052 2625 3109; x_wconf 69' lang='lat' dir='ltr'><strong>haec</strong></span> <span class='ocrx_word' id='word_1_487' title='bbox 2654 3053 2804 3109; x_wconf 85' lang='lat' dir='ltr'><strong>venit</strong></span> <span class='ocrx_word' id='word_1_488' title='bbox 2826 3053 2894 3110; x_wconf 82' lang='lat' dir='ltr'><strong>de</strong></span> <span class='ocrx_word' id='word_1_489' title='bbox 2924 3052 3084 3116; x_wconf 72' lang='lat' dir='ltr'><strong>cutio,</strong></span> <span class='ocrx_word' id='word_1_490' title='bbox 3118 3052 3210 3109; x_wconf 89' lang='lat' dir='ltr'><strong>sed</strong></span> <span class='ocrx_word' id='word_1_491' title='bbox 3242 3063 3463 3124; x_wconf 88' lang='lat' dir='ltr'><strong>propter</strong></span> 
     </span>
    </p>
   </div>
   <div class='ocr_carea' id='block_1_60' title="bbox 1860 3145 3461 3220">
    <p class='ocr_par' dir='ltr' id='par_1_60' title="bbox 1860 3145 3461 3220">
     <span class='ocr_line' id='line_1_60' title="bbox 1860 3145 3461 3220; baseline -0.001 -19"><span class='ocrx_word' id='word_1_492' title='bbox 1860 3162 1957 3203; x_wconf 88' lang='lat' dir='ltr'><strong>vos</strong></span> <span class='ocrx_word' id='word_1_493' title='bbox 1983 3145 2162 3220; x_wconf 80' lang='lat' dir='ltr'><strong>(Joan.</strong></span> <span class='ocrx_word' id='word_1_494' title='bbox 2190 3163 2299 3213; x_wconf 80' lang='lat' dir='ltr'><strong>xu,</strong></span> <span class='ocrx_word' id='word_1_495' title='bbox 2335 3146 2450 3220; x_wconf 77' lang='lat'><strong>50).</strong></span> <span class='ocrx_word' id='word_1_496' title='bbox 2492 3147 2758 3204; x_wconf 84' lang='lat' dir='ltr'><strong>Caeterum</strong></span> <span class='ocrx_word' id='word_1_497' title='bbox 2802 3156 2994 3203; x_wconf 90' lang='lat' dir='ltr'><strong>natura</strong></span> <span class='ocrx_word' id='word_1_498' title='bbox 3039 3146 3135 3202; x_wconf 85' lang='lat' dir='ltr'><strong>Dei</strong></span> <span class='ocrx_word' id='word_1_499' title='bbox 3184 3161 3290 3200; x_wconf 92' lang='lat' dir='ltr'><strong>non</strong></span> <span class='ocrx_word' id='word_1_500' title='bbox 3338 3154 3461 3215; x_wconf 83' lang='lat' dir='ltr'><strong>eget</strong></span> 
     </span>
    </p>
   </div>
   <div class='ocr_carea' id='block_1_61' title="bbox 1860 3236 3460 3312">
    <p class='ocr_par' dir='ltr' id='par_1_61' title="bbox 1860 3236 3460 3312">
     <span class='ocr_line' id='line_1_61' title="bbox 1860 3236 3460 3312; baseline -0.003 -15"><span class='ocrx_word' id='word_1_501' title='bbox 1860 3240 2174 3312; x_wconf 88' lang='lat' dir='ltr'><strong>compositis</strong></span> <span class='ocrx_word' id='word_1_502' title='bbox 2194 3240 2414 3298; x_wconf 85' lang='lat' dir='ltr'><strong>humani</strong></span> <span class='ocrx_word' id='word_1_503' title='bbox 2432 3240 2595 3297; x_wconf 81' lang='lat' dir='ltr'><strong>ofﬁcii</strong></span> <span class='ocrx_word' id='word_1_504' title='bbox 2614 3240 3052 3306; x_wconf 85' lang='lat' dir='ltr'><strong>necessitatibus,</strong></span> <span class='ocrx_word' id='word_1_505' title='bbox 3073 3239 3269 3311; x_wconf 72' lang='lat' dir='ltr'><strong>linguae</strong></span> <span class='ocrx_word' id='word_1_506' title='bbox 3292 3236 3460 3312; x_wconf 58' lang='lat'><strong>315</strong></span> 
     </span>
    </p>
   </div>
   <div class='ocr_carea' id='block_1_62' title="bbox 154 3330 3458 3409">
    <p class='ocr_par' dir='ltr' id='par_1_62' title="bbox 154 3330 3458 3409">
     <span class='ocr_line' id='line_1_62' title="bbox 154 3330 3458 3409; baseline -0 -21"><span class='ocrx_word' id='word_1_507' title='bbox 154 3330 280 3388; x_wconf 88' lang='lat' dir='ltr'><strong>Cum</strong></span> <span class='ocrx_word' id='word_1_508' title='bbox 307 3333 497 3405; x_wconf 87' lang='lat' dir='ltr'><strong>itaque</strong></span> <span class='ocrx_word' id='word_1_509' title='bbox 525 3334 769 3389; x_wconf 85' lang='lat' dir='ltr'><strong>scientiae</strong></span> <span class='ocrx_word' id='word_1_510' title='bbox 799 3332 872 3406; x_wconf 72' lang='grc' dir='ltr'><strong>(ε)</strong></span> <span class='ocrx_word' id='word_1_511' title='bbox 902 3331 1183 3405; x_wconf 84' lang='lat' dir='ltr'><strong>inscientia</strong></span> <span class='ocrx_word' id='word_1_512' title='bbox 1210 3332 1435 3389; x_wconf 87' lang='lat' dir='ltr'><strong>adversa</strong></span> <span class='ocrx_word' id='word_1_513' title='bbox 1461 3334 1557 3401; x_wconf 88' lang='lat' dir='ltr'><strong>sit,</strong></span> <span class='ocrx_word' id='word_1_514' title='bbox 1583 3349 1749 3391; x_wconf 87' lang='lat' dir='ltr'><strong>unum</strong></span> <span class='ocrx_word' id='word_1_515' title='bbox 1775 3340 1821 3404; x_wconf 83' lang='lat' dir='ltr'>C</span> <span class='ocrx_word' id='word_1_516' title='bbox 1855 3347 2027 3405; x_wconf 90' lang='lat' dir='ltr'><strong>motu,</strong></span> <span class='ocrx_word' id='word_1_517' title='bbox 2061 3343 2488 3409; x_wconf 85' lang='lat' dir='ltr'><strong>temperamento</strong></span> <span class='ocrx_word' id='word_1_518' title='bbox 2516 3336 2652 3403; x_wconf 89' lang='lat' dir='ltr'><strong>oris,</strong></span> <span class='ocrx_word' id='word_1_519' title='bbox 2680 3335 2904 3406; x_wconf 88' lang='lat' dir='ltr'><strong>spiritus</strong></span> <span class='ocrx_word' id='word_1_520' title='bbox 2931 3334 3073 3402; x_wconf 88' lang='lat' dir='ltr'><strong>nisu,</strong></span> <span class='ocrx_word' id='word_1_521' title='bbox 3105 3332 3250 3390; x_wconf 88' lang='lat' dir='ltr'><strong>aeris</strong></span> <span class='ocrx_word' id='word_1_522' title='bbox 3278 3334 3458 3404; x_wconf 89' lang='lat' dir='ltr'><strong>pulsu.</strong></span> 
     </span>
    </p>
   </div>
   <div class='ocr_carea' id='block_1_63' title="bbox 154 3424 968 3498">
    <p class='ocr_par' dir='ltr' id='par_1_63' title="bbox 154 3424 968 3498">
     <span class='ocr_line' id='line_1_63' title="bbox 154 3424 968 3498; baseline 0.002 -21"><span class='ocrx_word' id='word_1_523' title='bbox 154 3425 283 3481; x_wconf 79' lang='lat' dir='ltr'><strong>velle</strong></span> <span class='ocrx_word' id='word_1_524' title='bbox 305 3424 539 3481; x_wconf 81' lang='lat' dir='ltr'><strong>adversa</strong></span> <span class='ocrx_word' id='word_1_525' title='bbox 573 3440 681 3482; x_wconf 90' lang='lat' dir='ltr'><strong>non</strong></span> <span class='ocrx_word' id='word_1_526' title='bbox 720 3436 968 3498; x_wconf 89' lang='lat' dir='ltr'><strong>possunt.</strong></span> 
     </span>
    </p>
   </div>
   <div class='ocr_carea' id='block_1_64' title="bbox 218 3517 1757 3595">
    <p class='ocr_par' dir='ltr' id='par_1_64' title="bbox 218 3517 1757 3595">
     <span class='ocr_line' id='line_1_64' title="bbox 218 3517 1757 3595; baseline 0.003 -21"><span class='ocrx_word' id='word_1_527' title='bbox 218 3518 305 3576; x_wconf 73' lang='lat' dir='ltr'><strong>7i.</strong></span> <span class='ocrx_word' id='word_1_528' title='bbox 350 3517 520 3574; x_wconf 84' lang='lat' dir='ltr'><strong>Pater</strong></span> <span class='ocrx_word' id='word_1_529' title='bbox 544 3519 661 3574; x_wconf 86' lang='lat' dir='ltr'><strong>ideo</strong></span> <span class='ocrx_word' id='word_1_530' title='bbox 694 3520 834 3595; x_wconf 73' lang='lat' dir='ltr'><strong>solus</strong></span> <span class='ocrx_word' id='word_1_531' title='bbox 869 3520 1007 3575; x_wconf 83' lang='lat' dir='ltr'><strong>diem</strong></span> <span class='ocrx_word' id='word_1_532' title='bbox 1038 3520 1163 3588; x_wconf 88' lang='lat' dir='ltr'><strong>scit,</strong></span> <span class='ocrx_word' id='word_1_533' title='bbox 1195 3521 1316 3586; x_wconf 86' lang='lat' dir='ltr'><strong>quia</strong></span> <span class='ocrx_word' id='word_1_534' title='bbox 1340 3521 1441 3576; x_wconf 78' lang='lat' dir='ltr'><strong>soli</strong></span> <span class='ocrx_word' id='word_1_535' title='bbox 1480 3519 1623 3577; x_wconf 85' lang='lat' dir='ltr'><strong>Filio</strong></span> <span class='ocrx_word' id='word_1_536' title='bbox 1651 3539 1757 3579; x_wconf 81' lang='lat' dir='ltr'><strong>non</strong></span> 
     </span>
    </p>
   </div>
   <div class='ocr_carea' id='block_1_65' title="bbox 154 3611 1753 3687">
    <p class='ocr_par' dir='ltr' id='par_1_65' title="bbox 154 3611 1753 3687">
     <span class='ocr_line' id='line_1_65' title="bbox 154 3611 1753 3687; baseline 0.004 -21"><span class='ocrx_word' id='word_1_537' title='bbox 154 3621 318 3671; x_wconf 85' lang='lat' dir='ltr'><strong>tacet:</strong></span> <span class='ocrx_word' id='word_1_538' title='bbox 344 3611 527 3669; x_wconf 82' lang='lat' dir='ltr'><strong>Filius</strong></span> <span class='ocrx_word' id='word_1_539' title='bbox 552 3614 748 3682; x_wconf 85' lang='lat' dir='ltr'><strong>nescit,</strong></span> <span class='ocrx_word' id='word_1_540' title='bbox 774 3615 896 3687; x_wconf 82' lang='lat' dir='ltr'><strong>quia</strong></span> <span class='ocrx_word' id='word_1_541' title='bbox 921 3613 1055 3670; x_wconf 87' lang='lat' dir='ltr'><strong>nulli</strong></span> <span class='ocrx_word' id='word_1_542' title='bbox 1082 3614 1473 3670; x_wconf 83' lang='lat' dir='ltr'><strong>revelat.—Sed</strong></span> <span class='ocrx_word' id='word_1_543' title='bbox 1503 3615 1642 3672; x_wconf 78' lang='lat' dir='ltr'><strong>forte</strong></span> <span class='ocrx_word' id='word_1_544' title='bbox 1666 3616 1720 3673; x_wconf 91' lang='lat' dir='ltr'><strong>id</strong></span> <span class='ocrx_word' id='word_1_545' title='bbox 1736 3658 1753 3685; x_wconf 92' lang='lat'><strong>,</strong></span> 
     </span>
    </p>
   </div>
   <div class='ocr_carea' id='block_1_66' title="bbox 152 3706 1755 3779">
    <p class='ocr_par' dir='ltr' id='par_1_66' title="bbox 152 3706 1755 3779">
     <span class='ocr_line' id='line_1_66' title="bbox 152 3706 1755 3779; baseline 0.003 -17"><span class='ocrx_word' id='word_1_546' title='bbox 152 3706 286 3779; x_wconf 89' lang='lat' dir='ltr'><strong>quod</strong></span> <span class='ocrx_word' id='word_1_547' title='bbox 321 3706 512 3764; x_wconf 85' lang='lat' dir='ltr'><strong>solum</strong></span> <span class='ocrx_word' id='word_1_548' title='bbox 541 3707 757 3765; x_wconf 84' lang='lat' dir='ltr'><strong>Patrem</strong></span> <span class='ocrx_word' id='word_1_549' title='bbox 789 3706 960 3763; x_wconf 86' lang='lat' dir='ltr'><strong>Filius</strong></span> <span class='ocrx_word' id='word_1_550' title='bbox 988 3706 1067 3763; x_wconf 86' lang='lat' dir='ltr'><strong>ait</strong></span> <span class='ocrx_word' id='word_1_551' title='bbox 1092 3707 1267 3773; x_wconf 90' lang='lat' dir='ltr'><strong>scire,</strong></span> <span class='ocrx_word' id='word_1_552' title='bbox 1305 3708 1535 3773; x_wconf 86' lang='lat' dir='ltr'><strong>Filium,</strong></span> <span class='ocrx_word' id='word_1_553' title='bbox 1567 3711 1657 3779; x_wconf 89' lang='lat' dir='ltr'><strong>qui</strong></span> <span class='ocrx_word' id='word_1_554' title='bbox 1693 3725 1755 3768; x_wconf 89' lang='lat' dir='ltr'><strong>se</strong></span> 
     </span>
    </p>
   </div>
   <div class='ocr_carea' id='block_1_67' title="bbox 152 3800 1753 3873">
    <p class='ocr_par' dir='ltr' id='par_1_67' title="bbox 152 3800 1753 3873">
     <span class='ocr_line' id='line_1_67' title="bbox 152 3800 1753 3873; baseline 0.002 -16"><span class='ocrx_word' id='word_1_555' title='bbox 152 3804 363 3861; x_wconf 86' lang='lat' dir='ltr'><strong>nescire</strong></span> <span class='ocrx_word' id='word_1_556' title='bbox 397 3803 612 3872; x_wconf 80' lang='lat' dir='ltr'><strong>dixerit,</strong></span> <span class='ocrx_word' id='word_1_557' title='bbox 643 3801 854 3859; x_wconf 82' lang='lat' dir='ltr'><strong>nescire</strong></span> <span class='ocrx_word' id='word_1_558' title='bbox 877 3802 1185 3858; x_wconf 89' lang='lat' dir='ltr'><strong>conlirmet.</strong></span> <span class='ocrx_word' id='word_1_559' title='bbox 1216 3800 1324 3857; x_wconf 82' lang='lat' dir='ltr'><strong>Nisi</strong></span> <span class='ocrx_word' id='word_1_560' title='bbox 1357 3802 1515 3873; x_wconf 90' lang='lat' dir='ltr'><strong>plane</strong></span> <span class='ocrx_word' id='word_1_561' title='bbox 1538 3802 1753 3861; x_wconf 88' lang='lat' dir='ltr'><strong>Patrem</strong></span> 
     </span>
    </p>
   </div>
   <div class='ocr_carea' id='block_1_68' title="bbox 245 3945 1174 4020">
    <p class='ocr_par' dir='ltr' id='par_1_68' title="bbox 245 3945 1174 4020">
     <span class='ocr_line' id='line_1_68' title="bbox 245 3945 1174 4020; baseline -0.006 -16"><span class='ocrx_word' id='word_1_562' title='bbox 245 3946 298 4020; x_wconf 80' lang='grc'><strong>1)</strong></span> <span class='ocrx_word' id='word_1_563' title='bbox 332 3945 474 4003; x_wconf 85' lang='lat' dir='ltr'><strong>Erat</strong></span> <span class='ocrx_word' id='word_1_564' title='bbox 501 3945 563 4020; x_wconf 88' lang='lat' dir='ltr'><strong>in_</strong></span> <span class='ocrx_word' id='word_1_565' title='bbox 582 3946 866 4020; x_wconf 73' lang='lat' dir='ltr'><strong>anteriori,</strong></span> <span class='ocrx_word' id='word_1_566' title='bbox 885 3947 1174 4015; x_wconf 77' lang='lat' dir='ltr'><strong>inﬁrmare.</strong></span> 
     </span>
    </p>
   </div>
   <div class='ocr_carea' id='block_1_69' title="bbox 217 3945 1148 4092">
    <p class='ocr_par' dir='ltr' id='par_1_69' title="bbox 217 3945 1148 4092">
     <span class='ocr_line' id='line_1_69' title="bbox 245 3945 1148 4020; baseline -0.002 -16"><span class='ocrx_word' id='word_1_567' title='bbox 245 3946 298 4020; x_wconf 80' lang='grc'><strong>1)</strong></span> <span class='ocrx_word' id='word_1_568' title='bbox 332 3945 474 4003; x_wconf 85' lang='lat' dir='ltr'><strong>Erat</strong></span> <span class='ocrx_word' id='word_1_569' title='bbox 501 3945 553 4002; x_wconf 88' lang='lat' dir='ltr'><strong>in</strong></span> <span class='ocrx_word' id='word_1_570' title='bbox 582 3946 866 4013; x_wconf 91' lang='lat' dir='ltr'><strong>anteriori,</strong></span> <span class='ocrx_word' id='word_1_571' title='bbox 885 3947 1148 4015; x_wconf 77' lang='lat' dir='ltr'><strong>inﬁrmare</strong></span> 
     </span>
     <span class='ocr_line' id='line_1_70' title="bbox 217 3945 1148 4092; baseline 0.002 -19"><span class='ocrx_word' id='word_1_572' title='bbox 217 3945 294 4092; x_wconf 47' lang='grc' dir='ltr'><strong>ἐξ)</strong></span> <span class='ocrx_word' id='word_1_573' title='bbox 338 4020 518 4075; x_wconf 76' lang='lat' dir='ltr'><strong>Antea</strong></span> <span class='ocrx_word' id='word_1_574' title='bbox 551 4017 850 4089; x_wconf 87' lang='lat' dir='ltr'><strong>legebatur,</strong></span> <span class='ocrx_word' id='word_1_575' title='bbox 878 4020 1148 4091; x_wconf 82' lang='lat' dir='ltr'><strong>impediat.</strong></span> 
     </span>
    </p>
   </div>
   <div class='ocr_carea' id='block_1_70' title="bbox 216 4134 1321 4210">
    <p class='ocr_par' dir='ltr' id='par_1_70' title="bbox 216 4134 1321 4210">
     <span class='ocr_line' id='line_1_71' title="bbox 216 4134 1321 4210; baseline 0 -21"><span class='ocrx_word' id='word_1_576' title='bbox 216 4136 292 4210; x_wconf 77' lang='grc' dir='ltr'><strong>(α)</strong></span> <span class='ocrx_word' id='word_1_577' title='bbox 322 4134 627 4210; x_wconf 37' lang='lat' dir='ltr'><strong>ErnLips.</strong></span> <span class='ocrx_word' id='word_1_578' title='bbox 656 4142 713 4210; x_wconf 79' lang='lat' dir='ltr'><strong>et</strong></span> <span class='ocrx_word' id='word_1_579' title='bbox 740 4134 889 4201; x_wconf 88' lang='lat' dir='ltr'><strong>Par.,</strong></span> <span class='ocrx_word' id='word_1_580' title='bbox 920 4144 967 4189; x_wconf 73' lang='lat' dir='ltr'><strong>et</strong></span> <span class='ocrx_word' id='word_1_581' title='bbox 997 4152 1321 4210; x_wconf 80' lang='lat' dir='ltr'><strong>quamquam.</strong></span> 
     </span>
    </p>
   </div>
   <div class='ocr_carea' id='block_1_71' title="bbox 219 4207 1750 4278">
    <p class='ocr_par' dir='ltr' id='par_1_71' title="bbox 219 4207 1750 4278">
     <span class='ocr_line' id='line_1_72' title="bbox 219 4207 1750 4278; baseline -0.001 -15"><span class='ocrx_word' id='word_1_582' title='bbox 219 4207 290 4278; x_wconf 82' lang='lat' dir='ltr'><strong>(b)</strong></span> <span class='ocrx_word' id='word_1_583' title='bbox 320 4207 499 4272; x_wconf 83' lang='lat' dir='ltr'><strong>Editi,</strong></span> <span class='ocrx_word' id='word_1_584' title='bbox 527 4207 867 4261; x_wconf 71' lang='lat' dir='ltr'><strong>diversitatem</strong></span> <span class='ocrx_word' id='word_1_585' title='bbox 897 4209 1132 4278; x_wconf 81' lang='lat' dir='ltr'><strong>generis:</strong></span> <span class='ocrx_word' id='word_1_586' title='bbox 1163 4209 1496 4278; x_wconf 57' lang='lat' dir='ltr'><strong>castigantur</strong></span> <span class='ocrx_word' id='word_1_587' title='bbox 1521 4223 1585 4264; x_wconf 81' lang='lat' dir='ltr'><strong>ex</strong></span> <span class='ocrx_word' id='word_1_588' title='bbox 1618 4221 1750 4264; x_wconf 87' lang='lat' dir='ltr'><strong>mss.</strong></span> 
     </span>
    </p>
   </div>
   <div class='ocr_carea' id='block_1_72' title="bbox 216 4279 1755 4350">
    <p class='ocr_par' dir='ltr' id='par_1_72' title="bbox 216 4279 1755 4350">
     <span class='ocr_line' id='line_1_73' title="bbox 216 4279 1755 4350; baseline 0 -16"><span class='ocrx_word' id='word_1_589' title='bbox 216 4284 289 4350; x_wconf 77' lang='grc' dir='ltr'><strong>(ο)</strong></span> <span class='ocrx_word' id='word_1_590' title='bbox 332 4280 398 4335; x_wconf 86' lang='lat' dir='ltr'><strong>lu</strong></span> <span class='ocrx_word' id='word_1_591' title='bbox 430 4279 637 4350; x_wconf 82' lang='lat' dir='ltr'><strong>aliquot</strong></span> <span class='ocrx_word' id='word_1_592' title='bbox 677 4294 810 4335; x_wconf 86' lang='lat' dir='ltr'><strong>mss.</strong></span> <span class='ocrx_word' id='word_1_593' title='bbox 846 4279 1064 4334; x_wconf 79' lang='lat' dir='ltr'><strong>inscitia.</strong></span> <span class='ocrx_word' id='word_1_594' title='bbox 1110 4279 1167 4335; x_wconf 85' lang='lat' dir='ltr'><strong>In</strong></span> <span class='ocrx_word' id='word_1_595' title='bbox 1208 4280 1458 4348; x_wconf 81' lang='lat' dir='ltr'><strong>Martin.,</strong></span> <span class='ocrx_word' id='word_1_596' title='bbox 1492 4281 1704 4335; x_wconf 81' lang='lat' dir='ltr'><strong>scientia</strong></span> <span class='ocrx_word' id='word_1_597' title='bbox 1736 4294 1755 4334; x_wconf 90' lang='lat'><strong><em>:</em></strong></span> 
     </span>
    </p>
   </div>
   <div class='ocr_carea' id='block_1_73' title="bbox 152 4353 310 4407">
    <p class='ocr_par' dir='ltr' id='par_1_73' title="bbox 152 4353 310 4407">
     <span class='ocr_line' id='line_1_74' title="bbox 152 4353 310 4407; baseline 0 0"><span class='ocrx_word' id='word_1_598' title='bbox 152 4353 310 4407; x_wconf 88' lang='lat' dir='ltr'><strong>male.</strong></span> 
     </span>
    </p>
   </div>
   <div class='ocr_carea' id='block_1_74' title="bbox 214 4421 1759 4497">
    <p class='ocr_par' dir='ltr' id='par_1_74' title="bbox 214 4421 1759 4497">
     <span class='ocr_line' id='line_1_75' title="bbox 214 4421 1759 4497; baseline 0.001 -20"><span class='ocrx_word' id='word_1_599' title='bbox 214 4422 297 4497; x_wconf 75' lang='grc' dir='ltr'><strong>(ά)</strong></span> <span class='ocrx_word' id='word_1_600' title='bbox 335 4424 398 4479; x_wconf 80' lang='grc' dir='ltr'><strong>ιιι</strong></span> <span class='ocrx_word' id='word_1_601' title='bbox 430 4423 689 4491; x_wconf 76' lang='lat' dir='ltr'><strong>vulgatis,</strong></span> <span class='ocrx_word' id='word_1_602' title='bbox 734 4422 1104 4497; x_wconf 68' lang='lat' dir='ltr'><strong>intelligentiae.</strong></span> <span class='ocrx_word' id='word_1_603' title='bbox 1140 4423 1359 4479; x_wconf 81' lang='lat' dir='ltr'><strong>Rectius</strong></span> <span class='ocrx_word' id='word_1_604' title='bbox 1399 4425 1452 4497; x_wconf 86' lang='lat' dir='ltr'><strong>in</strong></span> <span class='ocrx_word' id='word_1_605' title='bbox 1487 4438 1641 4491; x_wconf 90' lang='lat' dir='ltr'><strong>mss.,</strong></span> <span class='ocrx_word' id='word_1_606' title='bbox 1674 4421 1759 4497; x_wconf 81' lang='lat' dir='ltr'><strong>in-</strong></span> 
     </span>
    </p>
   </div>
   <div class='ocr_carea' id='block_1_75' title="bbox 151 4495 1760 4568">
    <p class='ocr_par' dir='ltr' id='par_1_75' title="bbox 151 4495 1760 4568">
     <span class='ocr_line' id='line_1_76' title="bbox 151 4495 1760 4568; baseline 0.001 -20"><span class='ocrx_word' id='word_1_607' title='bbox 151 4495 440 4568; x_wconf 71' lang='lat' dir='ltr'><strong>telligentia</strong></span> <span class='ocrx_word' id='word_1_608' title='bbox 469 4512 489 4551; x_wconf 91' lang='lat'><strong><em>:</em></strong></span> <span class='ocrx_word' id='word_1_609' title='bbox 520 4497 624 4550; x_wconf 87' lang='lat' dir='ltr'><strong>hoc</strong></span> <span class='ocrx_word' id='word_1_610' title='bbox 653 4505 756 4558; x_wconf 89' lang='lat' dir='ltr'><strong>est,</strong></span> <span class='ocrx_word' id='word_1_611' title='bbox 784 4510 919 4568; x_wconf 76' lang='lat' dir='ltr'><strong>cum</strong></span> <span class='ocrx_word' id='word_1_612' title='bbox 938 4495 1135 4551; x_wconf 88' lang='lat' dir='ltr'><strong>dicitur</strong></span> <span class='ocrx_word' id='word_1_613' title='bbox 1166 4497 1306 4551; x_wconf 86' lang='lat' dir='ltr'><strong>Deus</strong></span> <span class='ocrx_word' id='word_1_614' title='bbox 1334 4495 1506 4564; x_wconf 88' lang='lat' dir='ltr'><strong>scire,</strong></span> <span class='ocrx_word' id='word_1_615' title='bbox 1539 4512 1645 4550; x_wconf 87' lang='lat' dir='ltr'><strong>non</strong></span> <span class='ocrx_word' id='word_1_616' title='bbox 1679 4496 1760 4550; x_wconf 90' lang='lat' dir='ltr'><strong>in-</strong></span> 
     </span>
    </p>
   </div>
   <div class='ocr_carea' id='block_1_76' title="bbox 148 4565 1761 4639">
    <p class='ocr_par' dir='ltr' id='par_1_76' title="bbox 148 4565 1761 4639">
     <span class='ocr_line' id='line_1_77' title="bbox 148 4565 1761 4639; baseline 0.002 -17"><span class='ocrx_word' id='word_1_617' title='bbox 148 4565 410 4639; x_wconf 75' lang='lat' dir='ltr'><strong>telligitur</strong></span> <span class='ocrx_word' id='word_1_618' title='bbox 439 4585 531 4621; x_wconf 84' lang='lat' dir='ltr'><strong>seu</strong></span> <span class='ocrx_word' id='word_1_619' title='bbox 588 4584 694 4622; x_wconf 83' lang='lat' dir='ltr'><strong>nnn</strong></span> <span class='ocrx_word' id='word_1_620' title='bbox 749 4565 1085 4635; x_wconf 85' lang='lat' dir='ltr'><strong>signiﬁcatur</strong></span> <span class='ocrx_word' id='word_1_621' title='bbox 1121 4582 1450 4639; x_wconf 80' lang='lat' dir='ltr'><strong>cognoscere</strong></span> <span class='ocrx_word' id='word_1_622' title='bbox 1487 4568 1630 4639; x_wconf 88' lang='lat' dir='ltr'><strong>quod</strong></span> <span class='ocrx_word' id='word_1_623' title='bbox 1663 4583 1761 4625; x_wconf 86' lang='lat' dir='ltr'><strong>ue-</strong></span> 
     </span>
    </p>
   </div>
   <div class='ocr_carea' id='block_1_77' title="bbox 146 4638 1760 4712">
    <p class='ocr_par' dir='ltr' id='par_1_77' title="bbox 146 4638 1760 4712">
     <span class='ocr_line' id='line_1_78' title="bbox 146 4638 1760 4712; baseline 0.001 -18"><span class='ocrx_word' id='word_1_624' title='bbox 146 4638 350 4703; x_wconf 78' lang='lat' dir='ltr'><strong>scicrit.</strong></span> <span class='ocrx_word' id='word_1_625' title='bbox 385 4640 479 4695; x_wconf 86' lang='lat' dir='ltr'><strong>sed</strong></span> <span class='ocrx_word' id='word_1_626' title='bbox 511 4639 654 4709; x_wconf 88' lang='lat' dir='ltr'><strong>quod</strong></span> <span class='ocrx_word' id='word_1_627' title='bbox 687 4655 791 4694; x_wconf 87' lang='lat' dir='ltr'><strong>non</strong></span> <span class='ocrx_word' id='word_1_628' title='bbox 823 4639 1036 4694; x_wconf 89' lang='lat' dir='ltr'><strong>locutus</strong></span> <span class='ocrx_word' id='word_1_629' title='bbox 1063 4638 1133 4694; x_wconf 85' lang='lat' dir='ltr'><strong>sit</strong></span> <span class='ocrx_word' id='word_1_630' title='bbox 1162 4638 1327 4712; x_wconf 84' lang='lat' dir='ltr'><strong>loqui,</strong></span> <span class='ocrx_word' id='word_1_631' title='bbox 1363 4642 1437 4693; x_wconf 89' lang='lat' dir='ltr'><strong>uti</strong></span> <span class='ocrx_word' id='word_1_632' title='bbox 1452 4638 1760 4712; x_wconf 55' lang='lat' dir='ltr'><strong>tantattigi-</strong></span> 
     </span>
    </p>
   </div>
   <div class='ocr_carea' id='block_1_78' title="bbox 149 4711 1289 4776">
    <p class='ocr_par' dir='ltr' id='par_1_78' title="bbox 149 4711 1289 4776">
     <span class='ocr_line' id='line_1_79' title="bbox 149 4711 1289 4776; baseline -0.001 -10"><span class='ocrx_word' id='word_1_633' title='bbox 149 4727 263 4767; x_wconf 89' lang='lat' dir='ltr'><strong>mus</strong></span> <span class='ocrx_word' id='word_1_634' title='bbox 295 4729 450 4767; x_wconf 89' lang='lat' dir='ltr'><strong>num.</strong></span> <span class='ocrx_word' id='word_1_635' title='bbox 477 4712 570 4776; x_wconf 76' lang='lat'><strong>62,</strong></span> <span class='ocrx_word' id='word_1_636' title='bbox 603 4726 666 4767; x_wconf 89' lang='lat' dir='ltr'><strong>ac</strong></span> <span class='ocrx_word' id='word_1_637' title='bbox 691 4711 992 4766; x_wconf 88' lang='lat' dir='ltr'><strong>declaratur</strong></span> <span class='ocrx_word' id='word_1_638' title='bbox 1022 4727 1169 4766; x_wconf 90' lang='lat' dir='ltr'><strong>num.</strong></span> <span class='ocrx_word' id='word_1_639' title='bbox 1201 4711 1289 4767; x_wconf 77' lang='grc'><strong>64.</strong></span> 
     </span>
    </p>
   </div>
   <div class='ocr_carea' id='block_1_79' title="bbox 214 4782 1758 4855">
    <p class='ocr_par' dir='ltr' id='par_1_79' title="bbox 214 4782 1758 4855">
     <span class='ocr_line' id='line_1_80' title="bbox 214 4782 1758 4855; baseline -0.001 -15"><span class='ocrx_word' id='word_1_640' title='bbox 214 4784 287 4855; x_wconf 78' lang='lat' dir='ltr'><strong>(e)</strong></span> <span class='ocrx_word' id='word_1_641' title='bbox 329 4784 657 4839; x_wconf 79' lang='lat' dir='ltr'><strong>Particulum</strong></span> <span class='ocrx_word' id='word_1_642' title='bbox 685 4782 771 4849; x_wconf 88' lang='lat' dir='ltr'><strong>ob,</strong></span> <span class='ocrx_word' id='word_1_643' title='bbox 799 4783 937 4838; x_wconf 84' lang='lat' dir='ltr'><strong>male</strong></span> <span class='ocrx_word' id='word_1_644' title='bbox 955 4798 994 4835; x_wconf 89' lang='lat' dir='ltr'><strong>-a</strong></span> <span class='ocrx_word' id='word_1_645' title='bbox 1024 4783 1205 4855; x_wconf 79' lang='lat' dir='ltr'><strong>Lipsio</strong></span> <span class='ocrx_word' id='word_1_646' title='bbox 1226 4792 1576 4855; x_wconf 77' lang='lat' dir='ltr'><strong>expunctum,</strong></span> <span class='ocrx_word' id='word_1_647' title='bbox 1600 4784 1758 4839; x_wconf 87' lang='lat' dir='ltr'><strong>resti-</strong></span> 
     </span>
    </p>
   </div>
   <div class='ocr_carea' id='block_1_80' title="bbox 1860 3427 3458 3502">
    <p class='ocr_par' dir='ltr' id='par_1_80' title="bbox 1860 3427 3458 3502">
     <span class='ocr_line' id='line_1_81' title="bbox 1860 3427 3458 3502; baseline -0.004 -14"><span class='ocrx_word' id='word_1_648' title='bbox 1860 3432 2004 3488; x_wconf 90' lang='lat' dir='ltr'><strong>Deus</strong></span> <span class='ocrx_word' id='word_1_649' title='bbox 2024 3430 2252 3502; x_wconf 78' lang='lat' dir='ltr'><strong>simplex</strong></span> <span class='ocrx_word' id='word_1_650' title='bbox 2280 3438 2385 3499; x_wconf 91' lang='lat' dir='ltr'><strong>est,</strong></span> <span class='ocrx_word' id='word_1_651' title='bbox 2418 3430 2683 3502; x_wconf 86' lang='lat' dir='ltr'><strong>religioue</strong></span> <span class='ocrx_word' id='word_1_652' title='bbox 2713 3439 2900 3485; x_wconf 88' lang='lat' dir='ltr'><strong>nostra</strong></span> <span class='ocrx_word' id='word_1_653' title='bbox 2930 3427 3309 3499; x_wconf 88' lang='lat' dir='ltr'><strong>intelligendus</strong></span> <span class='ocrx_word' id='word_1_654' title='bbox 3339 3434 3423 3482; x_wconf 88' lang='lat' dir='ltr'><strong>est</strong></span> <span class='ocrx_word' id='word_1_655' title='bbox 3443 3467 3458 3493; x_wconf 94' lang='lat'><strong>,</strong></span> 
     </span>
    </p>
   </div>
   <div class='ocr_carea' id='block_1_81' title="bbox 1859 3522 3458 3597">
    <p class='ocr_par' dir='ltr' id='par_1_81' title="bbox 1859 3522 3458 3597">
     <span class='ocr_line' id='line_1_82' title="bbox 1859 3522 3458 3597; baseline -0.004 -17"><span class='ocrx_word' id='word_1_656' title='bbox 1859 3525 2057 3597; x_wconf 88' lang='lat' dir='ltr'><strong>pietate</strong></span> <span class='ocrx_word' id='word_1_657' title='bbox 2086 3522 2435 3595; x_wconf 73' lang='lat' dir='ltr'><strong>prolitendus&#39;</strong></span> <span class='ocrx_word' id='word_1_658' title='bbox 2456 3536 2539 3580; x_wconf 87' lang='grc' dir='ltr'><strong>εει</strong></span> <span class='ocrx_word' id='word_1_659' title='bbox 2569 3542 2583 3579; x_wconf 91' lang='lat'><strong>:</strong></span> <span class='ocrx_word' id='word_1_660' title='bbox 2616 3537 2782 3580; x_wconf 90' lang='lat' dir='ltr'><strong>sensu</strong></span> <span class='ocrx_word' id='word_1_661' title='bbox 2807 3536 2940 3579; x_wconf 89' lang='lat' dir='ltr'><strong>vero</strong></span> <span class='ocrx_word' id='word_1_662' title='bbox 2985 3536 3089 3575; x_wconf 91' lang='lat' dir='ltr'><strong>nou</strong></span> <span class='ocrx_word' id='word_1_663' title='bbox 3125 3533 3458 3591; x_wconf 82' lang='lat' dir='ltr'><strong>persequen-</strong></span> 
     </span>
    </p>
   </div>
   <div class='ocr_carea' id='block_1_82' title="bbox 1859 3613 3463 3692">
    <p class='ocr_par' dir='ltr' id='par_1_82' title="bbox 1859 3613 3463 3692">
     <span class='ocr_line' id='line_1_83' title="bbox 1859 3613 3463 3692; baseline -0.004 -16"><span class='ocrx_word' id='word_1_664' title='bbox 1859 3619 1959 3676; x_wconf 87' lang='lat' dir='ltr'><strong>dus</strong></span> <span class='ocrx_word' id='word_1_665' title='bbox 1988 3628 2107 3688; x_wconf 90' lang='lat' dir='ltr'><strong>est,</strong></span> <span class='ocrx_word' id='word_1_666' title='bbox 2134 3621 2232 3676; x_wconf 89' lang='lat' dir='ltr'><strong>sed</strong></span> <span class='ocrx_word' id='word_1_667' title='bbox 2263 3619 2602 3687; x_wconf 88' lang='lat' dir='ltr'><strong>adorandus;</strong></span> <span class='ocrx_word' id='word_1_668' title='bbox 2631 3618 2758 3692; x_wconf 90' lang='lat' dir='ltr'><strong>quia</strong></span> <span class='ocrx_word' id='word_1_669' title='bbox 2788 3628 2980 3674; x_wconf 87' lang='lat' dir='ltr'><strong>natura</strong></span> <span class='ocrx_word' id='word_1_670' title='bbox 3011 3617 3283 3673; x_wconf 88' lang='lat' dir='ltr'><strong>moderata</strong></span> <span class='ocrx_word' id='word_1_671' title='bbox 3307 3613 3379 3689; x_wconf 68' lang='grc' dir='ltr'><strong>(Γ)</strong></span> <span class='ocrx_word' id='word_1_672' title='bbox 3406 3621 3463 3669; x_wconf 83' lang='grc' dir='ltr'><strong>ει</strong></span> 
     </span>
    </p>
   </div>
   <div class='ocr_carea' id='block_1_83' title="bbox 1857 3711 3461 3784">
    <p class='ocr_par' dir='ltr' id='par_1_83' title="bbox 1857 3711 3461 3784">
     <span class='ocr_line' id='line_1_84' title="bbox 1857 3711 3461 3784; baseline -0.005 -14"><span class='ocrx_word' id='word_1_673' title='bbox 1857 3711 2121 3781; x_wconf 89' lang='lat' dir='ltr'><strong>inﬁrmis,</strong></span> <span class='ocrx_word' id='word_1_674' title='bbox 2167 3724 2376 3769; x_wconf 70' lang='lat' dir='ltr'><strong>naturas</strong></span> <span class='ocrx_word' id='word_1_675' title='bbox 2421 3712 2647 3769; x_wconf 66' lang='lat' dir='ltr'><strong>inﬁnita:</strong></span> <span class='ocrx_word' id='word_1_676' title='bbox 2689 3721 2747 3770; x_wconf 88' lang='lat' dir='ltr'><strong>et</strong></span> <span class='ocrx_word' id='word_1_677' title='bbox 2775 3712 3013 3784; x_wconf 86' lang='lat' dir='ltr'><strong>potentis</strong></span> <span class='ocrx_word' id='word_1_678' title='bbox 3056 3717 3461 3767; x_wconf 87' lang='lat' dir='ltr'><strong>sacramentum</strong></span> 
     </span>
    </p>
   </div>
   <div class='ocr_carea' id='block_1_84' title="bbox 1858 3799 3463 3879">
    <p class='ocr_par' dir='ltr' id='par_1_84' title="bbox 1858 3799 3463 3879">
     <span class='ocr_line' id='line_1_85' title="bbox 1858 3799 3463 3879; baseline -0.005 -17"><span class='ocrx_word' id='word_1_679' title='bbox 1858 3806 2226 3878; x_wconf 74' lang='lat' dir='ltr'><strong>intelligentiae</strong></span> <span class='ocrx_word' id='word_1_680' title='bbox 2262 3807 2517 3878; x_wconf 88' lang='lat' dir='ltr'><strong>opinione</strong></span> <span class='ocrx_word' id='word_1_681' title='bbox 2560 3823 2668 3863; x_wconf 90' lang='lat' dir='ltr'><strong>non</strong></span> <span class='ocrx_word' id='word_1_682' title='bbox 2710 3813 2957 3876; x_wconf 89' lang='lat' dir='ltr'><strong>occupet.</strong></span> <span class='ocrx_word' id='word_1_683' title='bbox 2999 3802 3078 3879; x_wconf 71' lang='grc' dir='ltr'><strong>(ὃ)</strong></span> <span class='ocrx_word' id='word_1_684' title='bbox 3110 3801 3192 3876; x_wconf 87' lang='lat' dir='ltr'><strong>(g)</strong></span> <span class='ocrx_word' id='word_1_685' title='bbox 3224 3799 3343 3857; x_wconf 87' lang='lat' dir='ltr'><strong>Non</strong></span> <span class='ocrx_word' id='word_1_686' title='bbox 3377 3807 3463 3855; x_wconf 90' lang='lat' dir='ltr'><strong>est</strong></span> 
     </span>
    </p>
   </div>
   <div class='ocr_carea' id='block_1_85' title="bbox 1930 3939 3460 4074">
    <p class='ocr_par' dir='ltr' id='par_1_85' title="bbox 1930 3939 3460 4074">
     <span class='ocr_line' id='line_1_86' title="bbox 1930 3939 3460 4074; baseline -0.005 -71"><span class='ocrx_word' id='word_1_687' title='bbox 1930 3944 2177 4074; x_wconf 42' lang='lat' dir='ltr'><strong>(agon</strong></span> <span class='ocrx_word' id='word_1_688' title='bbox 2225 3957 2300 4002; x_wconf 87' lang='lat' dir='ltr'><strong>est</strong></span> <span class='ocrx_word' id='word_1_689' title='bbox 2341 3947 2514 4018; x_wconf 79' lang='lat' dir='ltr'><strong>itaque</strong></span> <span class='ocrx_word' id='word_1_690' title='bbox 2559 3945 2776 4001; x_wconf 80' lang='lat' dir='ltr'><strong>diuersis</strong></span> <span class='ocrx_word' id='word_1_691' title='bbox 2829 3944 3124 4017; x_wconf 68' lang='lat' dir='ltr'><strong>composita</strong></span> <span class='ocrx_word' id='word_1_692' title='bbox 3165 3939 3460 3998; x_wconf 72' lang='lat' dir='ltr'><strong>substantia:</strong></span> 
     </span>
     <span class='ocr_line' id='line_1_87' title="bbox 1930 4035 2104 4073; baseline 0.006 -1"><span class='ocrx_word' id='word_1_693' title='bbox 1930 4035 1990 4073; x_wconf 80' lang='lat' dir='ltr'><strong>ri</strong></span> <span class='ocrx_word' id='word_1_694' title='bbox 2091 4059 2104 4073; x_wconf 94' lang='lat'><strong>.</strong></span> 
     </span>
    </p>
   </div>
   <div class='ocr_carea' id='block_1_86' title="bbox 1855 4035 2104 4089">
    <p class='ocr_par' dir='ltr' id='par_1_86' title="bbox 1855 4035 2104 4089">
     <span class='ocr_line' id='line_1_88' title="bbox 1855 4035 2104 4089; baseline 0.004 -17"><span class='ocrx_word' id='word_1_695' title='bbox 1855 4035 2104 4089; x_wconf 78' lang='lat' dir='ltr'><strong>parum.</strong></span> 
     </span>
    </p>
   </div>
   <div class='ocr_carea' id='block_1_87' title="bbox 1859 4131 3457 4207">
    <p class='ocr_par' dir='ltr' id='par_1_87' title="bbox 1859 4131 3457 4207">
     <span class='ocr_line' id='line_1_89' title="bbox 1859 4131 3457 4207; baseline -0.001 -17"><span class='ocrx_word' id='word_1_696' title='bbox 1859 4135 2154 4206; x_wconf 89' lang='lat' dir='ltr'><strong>marginem</strong></span> <span class='ocrx_word' id='word_1_697' title='bbox 2186 4143 2311 4191; x_wconf 88' lang='lat' dir='ltr'><strong>nota</strong></span> <span class='ocrx_word' id='word_1_698' title='bbox 2342 4152 2356 4188; x_wconf 88' lang='lat'><strong>:</strong></span> <span class='ocrx_word' id='word_1_699' title='bbox 2390 4131 2495 4190; x_wconf 88' lang='lat' dir='ltr'><strong>Cur</strong></span> <span class='ocrx_word' id='word_1_700' title='bbox 2513 4150 2644 4207; x_wconf 80' lang='lat' dir='ltr'><strong>ergo</strong></span> <span class='ocrx_word' id='word_1_701' title='bbox 2660 4142 2773 4207; x_wconf 83' lang='lat' dir='ltr'><strong>tam</strong></span> <span class='ocrx_word' id='word_1_702' title='bbox 2793 4133 2957 4188; x_wconf 84' lang='lat' dir='ltr'><strong>multa</strong></span> <span class='ocrx_word' id='word_1_703' title='bbox 2995 4132 3266 4207; x_wconf 72' lang='lat' dir='ltr'><strong>deﬁniuit?</strong></span> <span class='ocrx_word' id='word_1_704' title='bbox 3293 4131 3457 4201; x_wconf 81' lang='lat' dir='ltr'><strong>Quae-</strong></span> 
     </span>
    </p>
   </div>
   <div class='ocr_carea' id='block_1_88' title="bbox 1861 4204 3461 4278">
    <p class='ocr_par' dir='ltr' id='par_1_88' title="bbox 1861 4204 3461 4278">
     <span class='ocr_line' id='line_1_90' title="bbox 1861 4204 3461 4278; baseline -0.001 -16"><span class='ocrx_word' id='word_1_705' title='bbox 1861 4204 1999 4263; x_wconf 83' lang='lat' dir='ltr'><strong>nam</strong></span> <span class='ocrx_word' id='word_1_706' title='bbox 2010 4207 2281 4278; x_wconf 81' lang='lat' dir='ltr'><strong>porroilla</strong></span> <span class='ocrx_word' id='word_1_707' title='bbox 2309 4218 2413 4261; x_wconf 88' lang='lat' dir='ltr'><strong>tam</strong></span> <span class='ocrx_word' id='word_1_708' title='bbox 2436 4204 2595 4278; x_wconf 72' lang='lat' dir='ltr'><strong>multa</strong></span> <span class='ocrx_word' id='word_1_709' title='bbox 2615 4205 2878 4271; x_wconf 89' lang='lat' dir='ltr'><strong>deﬁnivit,</strong></span> <span class='ocrx_word' id='word_1_710' title='bbox 2904 4206 3106 4278; x_wconf 69' lang='lat' dir='ltr'><strong>quivis</strong></span> <span class='ocrx_word' id='word_1_711' title='bbox 3130 4205 3201 4262; x_wconf 88' lang='lat' dir='ltr'><strong>ab</strong></span> <span class='ocrx_word' id='word_1_712' title='bbox 3226 4204 3327 4278; x_wconf 84' lang='lat' dir='ltr'><strong>hoc</strong></span> <span class='ocrx_word' id='word_1_713' title='bbox 3350 4218 3461 4261; x_wconf 89' lang='lat' dir='ltr'><strong>uno</strong></span> 
     </span>
    </p>
   </div>
   <div class='ocr_carea' id='block_1_89' title="bbox 1859 4277 3459 4350">
    <p class='ocr_par' dir='ltr' id='par_1_89' title="bbox 1859 4277 3459 4350">
     <span class='ocr_line' id='line_1_91' title="bbox 1859 4277 3459 4350; baseline -0.003 -16"><span class='ocrx_word' id='word_1_714' title='bbox 1859 4277 2027 4347; x_wconf 57' lang='lat' dir='ltr'><strong>scorto</strong></span> <span class='ocrx_word' id='word_1_715' title='bbox 2054 4277 2306 4343; x_wconf 87' lang='lat' dir='ltr'><strong>declinat,</strong></span> <span class='ocrx_word' id='word_1_716' title='bbox 2340 4293 2446 4350; x_wconf 91' lang='lat' dir='ltr'><strong>quo</strong></span> <span class='ocrx_word' id='word_1_717' title='bbox 2483 4277 2859 4350; x_wconf 79' lang='lat' dir='ltr'><strong>demonstrare</strong></span> <span class='ocrx_word' id='word_1_718' title='bbox 2889 4277 3104 4350; x_wconf 91' lang='lat' dir='ltr'><strong>studet,</strong></span> <span class='ocrx_word' id='word_1_719' title='bbox 3148 4292 3248 4333; x_wconf 91' lang='lat' dir='ltr'><strong>nec</strong></span> <span class='ocrx_word' id='word_1_720' title='bbox 3274 4277 3459 4350; x_wconf 82' lang='lat' dir='ltr'><strong>Deum</strong></span> 
     </span>
    </p>
   </div>
   <div class='ocr_carea' id='block_1_90' title="bbox 1855 4347 3460 4416">
    <p class='ocr_par' dir='ltr' id='par_1_90' title="bbox 1855 4347 3460 4416">
     <span class='ocr_line' id='line_1_92' title="bbox 1855 4347 3460 4416; baseline -0.002 -10"><span class='ocrx_word' id='word_1_721' title='bbox 1855 4350 2160 4406; x_wconf 89' lang='lat' dir='ltr'><strong>solitarium</strong></span> <span class='ocrx_word' id='word_1_722' title='bbox 2183 4366 2326 4416; x_wconf 89' lang='lat' dir='ltr'><strong>esse,</strong></span> <span class='ocrx_word' id='word_1_723' title='bbox 2355 4347 2455 4405; x_wconf 88' lang='lat' dir='ltr'><strong>nec</strong></span> <span class='ocrx_word' id='word_1_724' title='bbox 2482 4349 2673 4405; x_wconf 85' lang='lat' dir='ltr'><strong>Filium</strong></span> <span class='ocrx_word' id='word_1_725' title='bbox 2696 4364 2729 4403; x_wconf 89' lang='lat' dir='ltr'><strong>a</strong></span> <span class='ocrx_word' id='word_1_726' title='bbox 2754 4349 2914 4403; x_wconf 86' lang='lat' dir='ltr'><strong>Patre</strong></span> <span class='ocrx_word' id='word_1_727' title='bbox 2942 4349 3084 4404; x_wconf 90' lang='lat' dir='ltr'><strong>aliud</strong></span> <span class='ocrx_word' id='word_1_728' title='bbox 3113 4364 3206 4404; x_wconf 90' lang='lat' dir='ltr'><strong>seu</strong></span> <span class='ocrx_word' id='word_1_729' title='bbox 3235 4347 3460 4405; x_wconf 88' lang='lat' dir='ltr'><strong>alterius</strong></span> 
     </span>
    </p>
   </div>
   <div class='ocr_carea' id='block_1_91' title="bbox 1862 4419 3461 4491">
    <p class='ocr_par' dir='ltr' id='par_1_91' title="bbox 1862 4419 3461 4491">
     <span class='ocr_line' id='line_1_93' title="bbox 1862 4419 3461 4491; baseline -0.002 -13"><span class='ocrx_word' id='word_1_730' title='bbox 1862 4438 1984 4479; x_wconf 88' lang='lat' dir='ltr'><strong>esse</strong></span> <span class='ocrx_word' id='word_1_731' title='bbox 2011 4420 2368 4478; x_wconf 72' lang='lat' dir='ltr'><strong>substantim‘t</strong></span> <span class='ocrx_word' id='word_1_732' title='bbox 2395 4421 2645 4476; x_wconf 64' lang='lat' dir='ltr'><strong>llaaccinc</strong></span> <span class='ocrx_word' id='word_1_733' title='bbox 2668 4436 2794 4476; x_wconf 88' lang='lat' dir='ltr'><strong>vero</strong></span> <span class='ocrx_word' id='word_1_734' title='bbox 2822 4421 2938 4491; x_wconf 92' lang='lat' dir='ltr'><strong>ipse</strong></span> <span class='ocrx_word' id='word_1_735' title='bbox 2959 4419 3241 4477; x_wconf 87' lang='lat' dir='ltr'><strong>deﬁnivit?</strong></span> <span class='ocrx_word' id='word_1_736' title='bbox 3266 4422 3461 4475; x_wconf 82' lang='lat' dir='ltr'><strong>Annon</strong></span> 
     </span>
    </p>
   </div>
   <div class='ocr_carea' id='block_1_92' title="bbox 1865 4491 3463 4566">
    <p class='ocr_par' dir='ltr' id='par_1_92' title="bbox 1865 4491 3463 4566">
     <span class='ocr_line' id='line_1_94' title="bbox 1865 4491 3463 4566; baseline 0.001 -19"><span class='ocrx_word' id='word_1_737' title='bbox 1865 4495 2057 4566; x_wconf 70' lang='lat' dir='ltr'><strong>potius</strong></span> <span class='ocrx_word' id='word_1_738' title='bbox 2073 4502 2358 4565; x_wconf 81' lang='lat' dir='ltr'><strong>utrumque</strong></span> <span class='ocrx_word' id='word_1_739' title='bbox 2379 4492 2671 4566; x_wconf 82' lang='lat' dir='ltr'><strong>Scripturis</strong></span> <span class='ocrx_word' id='word_1_740' title='bbox 2691 4504 2878 4562; x_wconf 89' lang='lat' dir='ltr'><strong>aperte</strong></span> <span class='ocrx_word' id='word_1_741' title='bbox 2901 4492 3154 4548; x_wconf 90' lang='lat' dir='ltr'><strong>traditum</strong></span> <span class='ocrx_word' id='word_1_742' title='bbox 3184 4491 3463 4566; x_wconf 29' lang='lat' dir='ltr'><strong>abAEecle-</strong></span> 
     </span>
    </p>
   </div>
   <div class='ocr_carea' id='block_1_93' title="bbox 1865 4562 3466 4636">
    <p class='ocr_par' dir='ltr' id='par_1_93' title="bbox 1865 4562 3466 4636">
     <span class='ocr_line' id='line_1_95' title="bbox 1865 4562 3466 4636; baseline -0.002 -14"><span class='ocrx_word' id='word_1_743' title='bbox 1865 4562 1945 4622; x_wconf 75' lang='lat' dir='ltr'><strong>sia</strong></span> <span class='ocrx_word' id='word_1_744' title='bbox 1973 4565 2195 4621; x_wconf 82' lang='lat' dir='ltr'><strong>didicit?</strong></span> <span class='ocrx_word' id='word_1_745' title='bbox 2229 4562 2463 4620; x_wconf 75' lang='lat' dir='ltr'><strong>Primum</strong></span> <span class='ocrx_word' id='word_1_746' title='bbox 2495 4562 2637 4620; x_wconf 86' lang='lat' dir='ltr'><strong>enim</strong></span> <span class='ocrx_word' id='word_1_747' title='bbox 2677 4566 2788 4631; x_wconf 86' lang='lat' dir='ltr'><strong>jam</strong></span> <span class='ocrx_word' id='word_1_748' title='bbox 2821 4565 2978 4636; x_wconf 87' lang='lat' dir='ltr'><strong>longe</strong></span> <span class='ocrx_word' id='word_1_749' title='bbox 3016 4573 3143 4620; x_wconf 85' lang='lat' dir='ltr'><strong>ante</strong></span> <span class='ocrx_word' id='word_1_750' title='bbox 3179 4562 3466 4619; x_wconf 82' lang='lat' dir='ltr'><strong>deﬁnierat</strong></span> 
     </span>
    </p>
   </div>
   <div class='ocr_carea' id='block_1_94' title="bbox 1867 4636 3464 4707">
    <p class='ocr_par' dir='ltr' id='par_1_94' title="bbox 1867 4636 3464 4707">
     <span class='ocr_line' id='line_1_96' title="bbox 1867 4636 3464 4707; baseline -0.001 -13"><span class='ocrx_word' id='word_1_751' title='bbox 1867 4637 2111 4694; x_wconf 87' lang='lat' dir='ltr'><strong>Ecclesia</strong></span> <span class='ocrx_word' id='word_1_752' title='bbox 2140 4636 2360 4693; x_wconf 87' lang='lat' dir='ltr'><strong>Sabellii</strong></span> <span class='ocrx_word' id='word_1_753' title='bbox 2379 4680 2394 4705; x_wconf 91' lang='lat'><strong>,</strong></span> <span class='ocrx_word' id='word_1_754' title='bbox 2426 4636 2613 4699; x_wconf 81' lang='lat' dir='ltr'><strong>Nocti,</strong></span> <span class='ocrx_word' id='word_1_755' title='bbox 2644 4636 2865 4692; x_wconf 69' lang='lat' dir='ltr'><strong>Praxea:</strong></span> <span class='ocrx_word' id='word_1_756' title='bbox 2894 4637 3261 4707; x_wconf 87' lang='lat' dir='ltr'><strong>similiumque</strong></span> <span class='ocrx_word' id='word_1_757' title='bbox 3292 4636 3464 4692; x_wconf 75' lang='lat' dir='ltr'><strong>haere-</strong></span> 
     </span>
    </p>
   </div>
   <div class='ocr_carea' id='block_1_95' title="bbox 1868 4708 3465 4778">
    <p class='ocr_par' dir='ltr' id='par_1_95' title="bbox 1868 4708 3465 4778">
     <span class='ocr_line' id='line_1_97' title="bbox 1868 4708 3465 4778; baseline -0.001 -13"><span class='ocrx_word' id='word_1_758' title='bbox 1868 4710 2096 4766; x_wconf 87' lang='lat' dir='ltr'><strong>ticorum</strong></span> <span class='ocrx_word' id='word_1_759' title='bbox 2115 4709 2415 4765; x_wconf 88' lang='lat' dir='ltr'><strong>doctrinam</strong></span> <span class='ocrx_word' id='word_1_760' title='bbox 2441 4709 2803 4778; x_wconf 81' lang='lat' dir='ltr'><strong>proscribens.</strong></span> <span class='ocrx_word' id='word_1_761' title='bbox 2823 4709 3062 4763; x_wconf 81' lang='lat' dir='ltr'><strong>Alterum</strong></span> <span class='ocrx_word' id='word_1_762' title='bbox 3077 4724 3206 4764; x_wconf 89' lang='lat' dir='ltr'><strong>vero</strong></span> <span class='ocrx_word' id='word_1_763' title='bbox 3219 4708 3465 4778; x_wconf 84' lang='lat' dir='ltr'><strong>proxime</strong></span> 
     </span>
    </p>
   </div>
   <div class='ocr_carea' id='block_1_96' title="bbox 1867 4779 3465 4850">
    <p class='ocr_par' dir='ltr' id='par_1_96' title="bbox 1867 4779 3465 4850">
     <span class='ocr_line' id='line_1_98' title="bbox 1867 4779 3465 4850; baseline -0.003 -12"><span class='ocrx_word' id='word_1_764' title='bbox 1867 4782 2253 4838; x_wconf 89' lang='lat' dir='ltr'><strong>coulirmarant</strong></span> <span class='ocrx_word' id='word_1_765' title='bbox 2298 4780 2498 4836; x_wconf 85' lang='lat' dir='ltr'><strong>Nica-ni</strong></span> <span class='ocrx_word' id='word_1_766' title='bbox 2552 4779 2739 4834; x_wconf 86' lang='lat' dir='ltr'><strong>Patres</strong></span> <span class='ocrx_word' id='word_1_767' title='bbox 2778 4797 2790 4831; x_wconf 91' lang='lat'><strong>:</strong></span> <span class='ocrx_word' id='word_1_768' title='bbox 2829 4780 2970 4847; x_wconf 85' lang='lat' dir='ltr'><strong>quod</strong></span> <span class='ocrx_word' id='word_1_769' title='bbox 3023 4781 3230 4850; x_wconf 88' lang='lat' dir='ltr'><strong>pridem</strong></span> <span class='ocrx_word' id='word_1_770' title='bbox 3274 4789 3465 4835; x_wconf 88' lang='lat' dir='ltr'><strong>contra</strong></span> 
     </span>
    </p>
   </div>
   <div class='ocr_carea' id='block_1_97' title="bbox 151 4851 3458 4937">
    <p class='ocr_par' dir='ltr' id='par_1_97' title="bbox 151 4851 3458 4937">
     <span class='ocr_line' id='line_1_99' title="bbox 151 4851 3458 4937; baseline -0.002 -28"><span class='ocrx_word' id='word_1_771' title='bbox 151 4851 449 4937; x_wconf 68' lang='lat' dir='ltr'><strong>tuimuscx</strong></span> <span class='ocrx_word' id='word_1_772' title='bbox 480 4855 640 4919; x_wconf 81' lang='lat' dir='ltr'><strong>Bad.,</strong></span> <span class='ocrx_word' id='word_1_773' title='bbox 672 4855 768 4910; x_wconf 68' lang='lat' dir='ltr'><strong>Er.</strong></span> <span class='ocrx_word' id='word_1_774' title='bbox 801 4866 857 4937; x_wconf 83' lang='lat' dir='ltr'><strong>et</strong></span> <span class='ocrx_word' id='word_1_775' title='bbox 886 4868 1016 4937; x_wconf 79' lang='lat' dir='ltr'><strong>mss.</strong></span> <span class='ocrx_word' id='word_1_776' title='bbox 1046 4854 1184 4937; x_wconf 67' lang='lat' dir='ltr'><strong>Tum</strong></span> <span class='ocrx_word' id='word_1_777' title='bbox 1211 4871 1272 4911; x_wconf 79' lang='lat' dir='ltr'><strong>ne</strong></span> <span class='ocrx_word' id='word_1_778' title='bbox 1295 4851 1346 4911; x_wconf 79' lang='lat' dir='ltr'><strong>et</strong></span> <span class='ocrx_word' id='word_1_779' title='bbox 1369 4857 1482 4927; x_wconf 86' lang='lat' dir='ltr'><strong>ipse</strong></span> <span class='ocrx_word' id='word_1_780' title='bbox 1512 4872 1613 4910; x_wconf 84' lang='lat' dir='ltr'><strong>non</strong></span> <span class='ocrx_word' id='word_1_781' title='bbox 1639 4872 1755 4937; x_wconf 60' lang='lat' dir='ltr'><strong>nes-</strong></span> <span class='ocrx_word' id='word_1_782' title='bbox 1778 4861 1832 4923; x_wconf 76' lang='lat'><strong>1)</strong></span> <span class='ocrx_word' id='word_1_783' title='bbox 1858 4854 2085 4937; x_wconf 74' lang='lat' dir='ltr'><strong>Paulum</strong></span> <span class='ocrx_word' id='word_1_784' title='bbox 2117 4853 2385 4937; x_wconf 78' lang='lat' dir='ltr'><strong>Samosat.</strong></span> <span class='ocrx_word' id='word_1_785' title='bbox 2419 4853 2790 4937; x_wconf 60' lang='lat' dir='ltr'><strong>declat-arctat</strong></span> <span class='ocrx_word' id='word_1_786' title='bbox 2817 4852 3152 4937; x_wconf 80' lang='lat' dir='ltr'><strong>Antiocbena</strong></span> <span class='ocrx_word' id='word_1_787' title='bbox 3183 4851 3423 4922; x_wconf 87' lang='lat' dir='ltr'><strong>synodus</strong></span> <span class='ocrx_word' id='word_1_788' title='bbox 3444 4892 3458 4914; x_wconf 91' lang='lat'><strong>,</strong></span> 
     </span>
    </p>
   </div>
   <div class='ocr_carea' id='block_1_98' title="bbox 147 4926 1749 4998">
    <p class='ocr_par' dir='ltr' id='par_1_98' title="bbox 147 4926 1749 4998">
     <span class='ocr_line' id='line_1_100' title="bbox 147 4926 1749 4998; baseline 0 -15"><span class='ocrx_word' id='word_1_789' title='bbox 147 4929 276 4998; x_wconf 61' lang='lat' dir='ltr'><strong>ciet,</strong></span> <span class='ocrx_word' id='word_1_790' title='bbox 328 4929 382 4983; x_wconf 90' lang='lat' dir='ltr'><strong>id</strong></span> <span class='ocrx_word' id='word_1_791' title='bbox 432 4937 549 4989; x_wconf 89' lang='lat' dir='ltr'><strong>est,</strong></span> <span class='ocrx_word' id='word_1_792' title='bbox 599 4937 658 4981; x_wconf 89' lang='lat' dir='ltr'><strong>ut</strong></span> <span class='ocrx_word' id='word_1_793' title='bbox 705 4936 762 4982; x_wconf 91' lang='grc' dir='ltr'><strong>ει</strong></span> <span class='ocrx_word' id='word_1_794' title='bbox 819 4928 935 4998; x_wconf 83' lang='lat' dir='ltr'><strong>ipse</strong></span> <span class='ocrx_word' id='word_1_795' title='bbox 983 4926 1313 4998; x_wconf 87' lang='lat' dir='ltr'><strong>intelligatur</strong></span> <span class='ocrx_word' id='word_1_796' title='bbox 1365 4926 1749 4998; x_wconf 27' lang='lat' dir='ltr'><strong>noninescire.</strong></span> 
     </span>
    </p>
   </div>
   <div class='ocr_carea' id='block_1_99' title="bbox 147 4996 1754 5071">
    <p class='ocr_par' dir='ltr' id='par_1_99' title="bbox 147 4996 1754 5071">
     <span class='ocr_line' id='line_1_101' title="bbox 147 4996 1754 5071; baseline 0 -18"><span class='ocrx_word' id='word_1_797' title='bbox 147 4996 199 5053; x_wconf 76' lang='lat' dir='ltr'><strong>Id</strong></span> <span class='ocrx_word' id='word_1_798' title='bbox 221 5000 406 5071; x_wconf 82' lang='lat' dir='ltr'><strong>ipsum</strong></span> <span class='ocrx_word' id='word_1_799' title='bbox 428 4998 671 5067; x_wconf 76' lang='lat' dir='ltr'><strong>apertius</strong></span> <span class='ocrx_word' id='word_1_800' title='bbox 690 5000 769 5054; x_wconf 85' lang='lat' dir='ltr'><strong>sic</strong></span> <span class='ocrx_word' id='word_1_801' title='bbox 786 4996 1126 5069; x_wconf 62' lang='lat' dir='ltr'><strong>ciprimitnr,</strong></span> <span class='ocrx_word' id='word_1_802' title='bbox 1153 4996 1303 5055; x_wconf 81' lang='lat' dir='ltr'><strong>num.</strong></span> <span class='ocrx_word' id='word_1_803' title='bbox 1326 5001 1433 5055; x_wconf 78' lang='lat'><strong>7&#39;5:</strong></span> <span class='ocrx_word' id='word_1_804' title='bbox 1464 4997 1637 5054; x_wconf 85' lang='lat' dir='ltr'><strong>Filius</strong></span> <span class='ocrx_word' id='word_1_805' title='bbox 1654 5000 1754 5053; x_wconf 88' lang='lat' dir='ltr'><strong>ita-</strong></span> 
     </span>
    </p>
   </div>
   <div class='ocr_carea' id='block_1_100' title="bbox 145 5071 1754 5141">
    <p class='ocr_par' dir='ltr' id='par_1_100' title="bbox 145 5071 1754 5141">
     <span class='ocr_line' id='line_1_102' title="bbox 145 5071 1754 5141; baseline 0.001 -18"><span class='ocrx_word' id='word_1_806' title='bbox 145 5087 239 5140; x_wconf 81' lang='lat' dir='ltr'><strong>que</strong></span> <span class='ocrx_word' id='word_1_807' title='bbox 264 5073 406 5127; x_wconf 85' lang='lat' dir='ltr'><strong>diem</strong></span> <span class='ocrx_word' id='word_1_808' title='bbox 443 5071 636 5126; x_wconf 76' lang='lat' dir='ltr'><strong>idcirco</strong></span> <span class='ocrx_word' id='word_1_809' title='bbox 673 5071 792 5141; x_wconf 87' lang='lat' dir='ltr'><strong>quia</strong></span> <span class='ocrx_word' id='word_1_810' title='bbox 834 5078 983 5134; x_wconf 74' lang='lat' dir='ltr'><strong>taret,</strong></span> <span class='ocrx_word' id='word_1_811' title='bbox 1017 5071 1173 5125; x_wconf 86' lang='lat' dir='ltr'><strong>nescit</strong></span> <span class='ocrx_word' id='word_1_812' title='bbox 1202 5087 1215 5124; x_wconf 92' lang='lat'>:</span> <span class='ocrx_word' id='word_1_813' title='bbox 1256 5080 1302 5125; x_wconf 85' lang='lat' dir='ltr'><strong>et</strong></span> <span class='ocrx_word' id='word_1_814' title='bbox 1346 5071 1557 5126; x_wconf 84' lang='lat' dir='ltr'><strong>Patrem</strong></span> <span class='ocrx_word' id='word_1_815' title='bbox 1586 5073 1754 5126; x_wconf 82' lang='lat' dir='ltr'><strong>solum</strong></span> 
     </span>
    </p>
   </div>
   <div class='ocr_carea' id='block_1_101' title="bbox 147 5141 1754 5213">
    <p class='ocr_par' dir='ltr' id='par_1_101' title="bbox 147 5141 1754 5213">
     <span class='ocr_line' id='line_1_103' title="bbox 147 5141 1754 5213; baseline 0.002 -18"><span class='ocrx_word' id='word_1_816' title='bbox 147 5144 338 5199; x_wconf 80' lang='lat' dir='ltr'><strong>idcirco</strong></span> <span class='ocrx_word' id='word_1_817' title='bbox 368 5147 500 5199; x_wconf 84' lang='lat' dir='ltr'><strong>scire</strong></span> <span class='ocrx_word' id='word_1_818' title='bbox 518 5144 614 5209; x_wconf 88' lang='lat' dir='ltr'><strong>ait,</strong></span> <span class='ocrx_word' id='word_1_819' title='bbox 637 5145 758 5213; x_wconf 84' lang='lat' dir='ltr'><strong>quia</strong></span> <span class='ocrx_word' id='word_1_820' title='bbox 778 5141 921 5196; x_wconf 80' lang='lat' dir='ltr'><strong>solus</strong></span> <span class='ocrx_word' id='word_1_821' title='bbox 946 5142 1036 5197; x_wconf 87' lang='lat' dir='ltr'><strong>uni</strong></span> <span class='ocrx_word' id='word_1_822' title='bbox 1060 5144 1156 5198; x_wconf 83' lang='lat' dir='ltr'><strong>sibi</strong></span> <span class='ocrx_word' id='word_1_823' title='bbox 1178 5159 1280 5197; x_wconf 87' lang='lat' dir='ltr'><strong>non</strong></span> <span class='ocrx_word' id='word_1_824' title='bbox 1298 5153 1446 5199; x_wconf 85' lang='lat' dir='ltr'><strong>tacet.</strong></span> <span class='ocrx_word' id='word_1_825' title='bbox 1471 5143 1589 5198; x_wconf 85' lang='lat' dir='ltr'><strong>Non</strong></span> <span class='ocrx_word' id='word_1_826' title='bbox 1614 5151 1754 5199; x_wconf 89' lang='lat' dir='ltr'><strong>tacet</strong></span> 
     </span>
    </p>
   </div>
   <div class='ocr_carea' id='block_1_102' title="bbox 145 5213 1754 5286">
    <p class='ocr_par' dir='ltr' id='par_1_102' title="bbox 145 5213 1754 5286">
     <span class='ocr_line' id='line_1_104' title="bbox 145 5213 1754 5286; baseline 0.002 -19"><span class='ocrx_word' id='word_1_827' title='bbox 145 5225 326 5271; x_wconf 83' lang='lat' dir='ltr'><strong>autem</strong></span> <span class='ocrx_word' id='word_1_828' title='bbox 383 5214 523 5286; x_wconf 80' lang='lat' dir='ltr'><strong>Filio</strong></span> <span class='ocrx_word' id='word_1_829' title='bbox 579 5215 767 5279; x_wconf 87' lang='lat' dir='ltr'><strong>Pater;</strong></span> <span class='ocrx_word' id='word_1_830' title='bbox 826 5213 1066 5282; x_wconf 89' lang='lat' dir='ltr'><strong>alioquin</strong></span> <span class='ocrx_word' id='word_1_831' title='bbox 1116 5215 1204 5286; x_wconf 92' lang='lat' dir='ltr'><strong>qui</strong></span> <span class='ocrx_word' id='word_1_832' title='bbox 1254 5231 1376 5271; x_wconf 88' lang='lat' dir='ltr'><strong>eum</strong></span> <span class='ocrx_word' id='word_1_833' title='bbox 1428 5215 1754 5285; x_wconf 87' lang='lat' dir='ltr'><strong>intelligeret</strong></span> 
     </span>
    </p>
   </div>
   <div class='ocr_carea' id='block_1_103' title="bbox 147 5284 1752 5356">
    <p class='ocr_par' dir='ltr' id='par_1_103' title="bbox 147 5284 1752 5356">
     <span class='ocr_line' id='line_1_105' title="bbox 147 5284 1752 5356; baseline 0.001 -15"><span class='ocrx_word' id='word_1_834' title='bbox 147 5288 307 5343; x_wconf 82' lang='lat' dir='ltr'><strong>scire.</strong></span> <span class='ocrx_word' id='word_1_835' title='bbox 344 5284 514 5344; x_wconf 80' lang='lat' dir='ltr'><strong>Filibs</strong></span> <span class='ocrx_word' id='word_1_836' title='bbox 545 5301 673 5343; x_wconf 82' lang='lat' dir='ltr'><strong>vero</strong></span> <span class='ocrx_word' id='word_1_837' title='bbox 701 5293 858 5350; x_wconf 78' lang='lat' dir='ltr'><strong>tacet,</strong></span> <span class='ocrx_word' id='word_1_838' title='bbox 883 5286 1006 5356; x_wconf 81' lang='lat' dir='ltr'><strong>quia</strong></span> <span class='ocrx_word' id='word_1_839' title='bbox 1038 5287 1115 5341; x_wconf 90' lang='lat' dir='ltr'><strong>sic</strong></span> <span class='ocrx_word' id='word_1_840' title='bbox 1135 5284 1172 5342; x_wconf 23' lang='lat' dir='ltr'><strong>Va</strong></span> <span class='ocrx_word' id='word_1_841' title='bbox 1203 5286 1358 5343; x_wconf 87' lang='lat' dir='ltr'><strong>Patre</strong></span> <span class='ocrx_word' id='word_1_842' title='bbox 1385 5284 1668 5351; x_wconf 79' lang='lat' dir='ltr'><strong>didicerat,</strong></span> <span class='ocrx_word' id='word_1_843' title='bbox 1695 5296 1752 5342; x_wconf 88' lang='lat' dir='ltr'><strong>ut</strong></span> 
     </span>
    </p>
   </div>
   <div class='ocr_carea' id='block_1_104' title="bbox 145 5358 1752 5432">
    <p class='ocr_par' dir='ltr' id='par_1_104' title="bbox 145 5358 1752 5432">
     <span class='ocr_line' id='line_1_106' title="bbox 145 5358 1752 5432; baseline -0.001 -17"><span class='ocrx_word' id='word_1_844' title='bbox 145 5362 306 5419; x_wconf 88' lang='lat' dir='ltr'><strong>simul</strong></span> <span class='ocrx_word' id='word_1_845' title='bbox 365 5360 649 5417; x_wconf 89' lang='lat' dir='ltr'><strong>tacendum</strong></span> <span class='ocrx_word' id='word_1_846' title='bbox 675 5358 947 5432; x_wconf 78' lang='lat' dir='ltr'><strong>didicerit,</strong></span> <span class='ocrx_word' id='word_1_847' title='bbox 976 5359 1118 5432; x_wconf 83' lang='lat' dir='ltr'><strong>quod</strong></span> <span class='ocrx_word' id='word_1_848' title='bbox 1140 5359 1462 5428; x_wconf 78' lang='lat' dir='ltr'><strong>expediebat</strong></span> <span class='ocrx_word' id='word_1_849' title='bbox 1495 5359 1752 5432; x_wconf 82' lang='lat' dir='ltr'><strong>ignorari.</strong></span> 
     </span>
    </p>
   </div>
   <div class='ocr_carea' id='block_1_105' title="bbox 148 5429 1758 5507">
    <p class='ocr_par' dir='ltr' id='par_1_105' title="bbox 148 5429 1758 5507">
     <span class='ocr_line' id='line_1_107' title="bbox 148 5429 1758 5507; baseline 0 -20"><span class='ocrx_word' id='word_1_850' title='bbox 148 5435 261 5489; x_wconf 93' lang='lat' dir='ltr'><strong>lluc</strong></span> <span class='ocrx_word' id='word_1_851' title='bbox 285 5434 498 5507; x_wconf 80' lang='lat' dir='ltr'><strong>spectat</strong></span> <span class='ocrx_word' id='word_1_852' title='bbox 519 5433 647 5488; x_wconf 89' lang='lat' dir='ltr'><strong>illud</strong></span> <span class='ocrx_word' id='word_1_853' title='bbox 666 5431 953 5501; x_wconf 82' lang='lat' dir='ltr'><strong>Augustini</strong></span> <span class='ocrx_word' id='word_1_854' title='bbox 979 5429 1157 5507; x_wconf 73' lang='lat' dir='ltr'><strong>Serm.</strong></span> <span class='ocrx_word' id='word_1_855' title='bbox 1173 5447 1312 5507; x_wconf 77' lang='lat' dir='ltr'><strong>nime</strong></span> <span class='ocrx_word' id='word_1_856' title='bbox 1335 5448 1499 5498; x_wconf 79' lang='lat' dir='ltr'><strong>van,</strong></span> <span class='ocrx_word' id='word_1_857' title='bbox 1516 5429 1613 5507; x_wconf 79' lang='grc' dir='ltr'><strong>Ῑι.1</strong></span> <span class='ocrx_word' id='word_1_858' title='bbox 1639 5451 1651 5487; x_wconf 90' lang='lat'><strong>:</strong></span> <span class='ocrx_word' id='word_1_859' title='bbox 1673 5431 1758 5507; x_wconf 77' lang='lat' dir='ltr'><strong>Ne</strong></span> 
     </span>
    </p>
   </div>
   <div class='ocr_carea' id='block_1_106' title="bbox 147 5501 1759 5578">
    <p class='ocr_par' dir='ltr' id='par_1_106' title="bbox 147 5501 1759 5578">
     <span class='ocr_line' id='line_1_108' title="bbox 147 5501 1759 5578; baseline 0.001 -19"><span class='ocrx_word' id='word_1_860' title='bbox 147 5501 431 5578; x_wconf 56' lang='lat' dir='ltr'><strong>carnaliter</strong></span> <span class='ocrx_word' id='word_1_861' title='bbox 454 5508 711 5578; x_wconf 69' lang='lat' dir='ltr'><strong>sapientes</strong></span> <span class='ocrx_word' id='word_1_862' title='bbox 731 5513 967 5578; x_wconf 76' lang='lat' dir='ltr'><strong>putemus</strong></span> <span class='ocrx_word' id='word_1_863' title='bbox 996 5503 1194 5578; x_wconf 85' lang='lat' dir='ltr'><strong>aliquid</strong></span> <span class='ocrx_word' id='word_1_864' title='bbox 1204 5577 1207 5578; x_wconf 15' lang='grc' dir='ltr'><em>ν</em></span> <span class='ocrx_word' id='word_1_865' title='bbox 1226 5501 1436 5578; x_wconf 67' lang='lat' dir='ltr'><strong>Patrem</strong></span> <span class='ocrx_word' id='word_1_866' title='bbox 1466 5506 1597 5560; x_wconf 80' lang='lat' dir='ltr'><strong>scire</strong></span> <span class='ocrx_word' id='word_1_867' title='bbox 1622 5504 1759 5576; x_wconf 82' lang='lat' dir='ltr'><strong>quod</strong></span> 
     </span>
    </p>
   </div>
   <div class='ocr_carea' id='block_1_107' title="bbox 146 5575 1759 5644">
    <p class='ocr_par' dir='ltr' id='par_1_107' title="bbox 146 5575 1759 5644">
     <span class='ocr_line' id='line_1_109' title="bbox 146 5575 1759 5644; baseline 0 -11"><span class='ocrx_word' id='word_1_868' title='bbox 146 5580 347 5635; x_wconf 85' lang='lat' dir='ltr'><strong>nesciat</strong></span> <span class='ocrx_word' id='word_1_869' title='bbox 370 5575 564 5634; x_wconf 75' lang='lat' dir='ltr'><strong>Filius.</strong></span> <span class='ocrx_word' id='word_1_870' title='bbox 600 5575 741 5632; x_wconf 85' lang='lat' dir='ltr'><strong>Nam</strong></span> <span class='ocrx_word' id='word_1_871' title='bbox 765 5576 938 5644; x_wconf 85' lang='lat' dir='ltr'><strong>utique</strong></span> <span class='ocrx_word' id='word_1_872' title='bbox 957 5592 1069 5629; x_wconf 88' lang='lat' dir='ltr'><strong>cum</strong></span> <span class='ocrx_word' id='word_1_873' title='bbox 1101 5576 1262 5642; x_wconf 76' lang='lat' dir='ltr'><strong>dixit,</strong></span> <span class='ocrx_word' id='word_1_874' title='bbox 1294 5575 1455 5632; x_wconf 83' lang='lat' dir='ltr'><strong>Pater</strong></span> <span class='ocrx_word' id='word_1_875' title='bbox 1483 5578 1613 5642; x_wconf 88' lang='lat' dir='ltr'><strong>scit,</strong></span> <span class='ocrx_word' id='word_1_876' title='bbox 1635 5575 1759 5633; x_wconf 86' lang='lat' dir='ltr'><strong>ideo</strong></span> 
     </span>
    </p>
   </div>
   <div class='ocr_carea' id='block_1_108' title="bbox 146 5644 1757 5723">
    <p class='ocr_par' dir='ltr' id='par_1_108' title="bbox 146 5644 1757 5723">
     <span class='ocr_line' id='line_1_110' title="bbox 146 5644 1757 5723; baseline -0.001 -19"><span class='ocrx_word' id='word_1_877' title='bbox 146 5652 244 5705; x_wconf 82' lang='lat' dir='ltr'><strong>hoc</strong></span> <span class='ocrx_word' id='word_1_878' title='bbox 272 5652 432 5719; x_wconf 75' lang='lat' dir='ltr'><strong>dixit,</strong></span> <span class='ocrx_word' id='word_1_879' title='bbox 464 5652 585 5723; x_wconf 83' lang='lat' dir='ltr'><strong>quia</strong></span> <span class='ocrx_word' id='word_1_880' title='bbox 609 5662 657 5705; x_wconf 91' lang='lat' dir='ltr'><strong>et</strong></span> <span class='ocrx_word' id='word_1_881' title='bbox 670 5650 738 5723; x_wconf 86' lang='lat' dir='ltr'><strong>_i_n</strong></span> <span class='ocrx_word' id='word_1_882' title='bbox 772 5647 930 5723; x_wconf 69' lang='lat' dir='ltr'><strong>Patre</strong></span> <span class='ocrx_word' id='word_1_883' title='bbox 961 5644 1011 5699; x_wconf 85' lang='lat' dir='ltr'><em>F</em></span> <span class='ocrx_word' id='word_1_884' title='bbox 1014 5649 1133 5702; x_wconf 85' lang='lat' dir='ltr'><strong>ilius</strong></span> <span class='ocrx_word' id='word_1_885' title='bbox 1154 5651 1267 5702; x_wconf 81' lang='lat' dir='ltr'><strong>scit.</strong></span> <span class='ocrx_word' id='word_1_886' title='bbox 1298 5646 1589 5723; x_wconf 5' lang='lat' dir='ltr'><strong>Quidqenim</strong></span> <span class='ocrx_word' id='word_1_887' title='bbox 1609 5660 1683 5706; x_wconf 80' lang='lat' dir='ltr'><strong>est</strong></span> <span class='ocrx_word' id='word_1_888' title='bbox 1703 5650 1757 5704; x_wconf 85' lang='lat' dir='ltr'><strong>in</strong></span> 
     </span>
    </p>
   </div>
   <div class='ocr_carea' id='block_1_109' title="bbox 145 5719 1759 5796">
    <p class='ocr_par' dir='ltr' id='par_1_109' title="bbox 145 5719 1759 5796">
     <span class='ocr_line' id='line_1_111' title="bbox 145 5719 1759 5796; baseline 0.001 -20"><span class='ocrx_word' id='word_1_889' title='bbox 145 5724 250 5792; x_wconf 83' lang='lat' dir='ltr'><strong>die,</strong></span> <span class='ocrx_word' id='word_1_890' title='bbox 280 5724 426 5796; x_wconf 71' lang='lat' dir='ltr'><strong>quod</strong></span> <span class='ocrx_word' id='word_1_891' title='bbox 452 5719 555 5779; x_wconf 77' lang='lat' dir='ltr'><strong>non</strong></span> <span class='ocrx_word' id='word_1_892' title='bbox 582 5724 635 5779; x_wconf 88' lang='lat' dir='ltr'><strong>in</strong></span> <span class='ocrx_word' id='word_1_893' title='bbox 670 5719 837 5778; x_wconf 81' lang='lat' dir='ltr'><strong>Verbo</strong></span> <span class='ocrx_word' id='word_1_894' title='bbox 861 5722 1054 5795; x_wconf 76' lang='lat' dir='ltr'><strong>factum</strong></span> <span class='ocrx_word' id='word_1_895' title='bbox 1081 5729 1177 5789; x_wconf 86' lang='lat' dir='ltr'><strong>est,</strong></span> <span class='ocrx_word' id='word_1_896' title='bbox 1205 5736 1296 5793; x_wconf 85' lang='lat' dir='ltr'><strong>per</strong></span> <span class='ocrx_word' id='word_1_897' title='bbox 1314 5721 1452 5790; x_wconf 85' lang='lat' dir='ltr'><strong>quod</strong></span> <span class='ocrx_word' id='word_1_898' title='bbox 1478 5722 1648 5792; x_wconf 77' lang='lat' dir='ltr'><strong>factus</strong></span> <span class='ocrx_word' id='word_1_899' title='bbox 1682 5730 1759 5779; x_wconf 88' lang='lat' dir='ltr'><strong>est</strong></span> 
     </span>
    </p>
   </div>
   <div class='ocr_carea' id='block_1_110' title="bbox 144 5796 1479 5851">
    <p class='ocr_par' dir='ltr' id='par_1_110' title="bbox 144 5796 1479 5851">
     <span class='ocr_line' id='line_1_112' title="bbox 144 5796 1479 5851; baseline 0.017 -3"><span class='ocrx_word' id='word_1_900' title='bbox 144 5796 253 5851; x_wconf 83' lang='lat' dir='ltr'><strong>dies</strong></span> <span class='ocrx_word' id='word_1_901' title='bbox 266 5798 296 5851; x_wconf 83' lang='lat'><strong><em>?</em></strong></span> <span class='ocrx_word' id='word_1_902' title='bbox 1474 5810 1479 5812; x_wconf 37' lang='grc'>⁷</span> 
     </span>
    </p>
   </div>
   <div class='ocr_carea' id='block_1_111' title="bbox 218 5863 1759 5939">
    <p class='ocr_par' dir='ltr' id='par_1_111' title="bbox 218 5863 1759 5939">
     <span class='ocr_line' id='line_1_113' title="bbox 218 5863 1759 5939; baseline 0 -18"><span class='ocrx_word' id='word_1_903' title='bbox 218 5868 290 5939; x_wconf 69' lang='grc' dir='ltr'><strong>(ι’)</strong></span> <span class='ocrx_word' id='word_1_904' title='bbox 336 5866 451 5923; x_wconf 85' lang='lat' dir='ltr'><strong>lloc</strong></span> <span class='ocrx_word' id='word_1_905' title='bbox 495 5876 613 5934; x_wconf 88' lang='lat' dir='ltr'><strong>est,</strong></span> <span class='ocrx_word' id='word_1_906' title='bbox 655 5864 817 5939; x_wconf 89' lang='lat' dir='ltr'><strong>modo</strong></span> <span class='ocrx_word' id='word_1_907' title='bbox 860 5863 1012 5939; x_wconf 83' lang='lat' dir='ltr'><strong>ﬁnito</strong></span> <span class='ocrx_word' id='word_1_908' title='bbox 1048 5872 1422 5939; x_wconf 78' lang='lat' dir='ltr'><strong>coangustata.</strong></span> <span class='ocrx_word' id='word_1_909' title='bbox 1455 5864 1675 5939; x_wconf 15' lang='lat' dir='ltr'><strong>,Erasmi</strong></span> <span class='ocrx_word' id='word_1_910' title='bbox 1701 5863 1759 5939; x_wconf 82' lang='lat' dir='ltr'><strong>in</strong></span> 
     </span>
    </p>
   </div>
   <div class='ocr_carea' id='block_1_112' title="bbox 148 5930 1755 6011">
    <p class='ocr_par' dir='ltr' id='par_1_112' title="bbox 148 5930 1755 6011">
     <span class='ocr_line' id='line_1_114' title="bbox 148 5930 1755 6011; baseline -0.001 -19"><span class='ocrx_word' id='word_1_911' title='bbox 148 5930 420 5995; x_wconf 75' lang='lat' dir='ltr'><strong>Hilarium</strong></span> <span class='ocrx_word' id='word_1_912' title='bbox 452 5930 611 6011; x_wconf 82' lang='lat' dir='ltr'><strong>paulo</strong></span> <span class='ocrx_word' id='word_1_913' title='bbox 651 5936 933 6008; x_wconf 84' lang='lat' dir='ltr'><strong>iniquioris</strong></span> <span class='ocrx_word' id='word_1_914' title='bbox 973 5952 1034 5993; x_wconf 89' lang='lat' dir='ltr'><strong>ea</strong></span> <span class='ocrx_word' id='word_1_915' title='bbox 1063 5930 1326 5993; x_wconf 73' lang='lat' dir='ltr'><strong>bacténus</strong></span> <span class='ocrx_word' id='word_1_916' title='bbox 1354 5933 1663 5994; x_wconf 82' lang='lat' dir='ltr'><strong>obtinuerat</strong></span> <span class='ocrx_word' id='word_1_917' title='bbox 1688 5936 1755 5991; x_wconf 86' lang='lat' dir='ltr'><strong>ad</strong></span> 
     </span>
    </p>
   </div>
   <div class='ocr_carea' id='block_1_113' title="bbox 1862 4923 3462 4995">
    <p class='ocr_par' dir='ltr' id='par_1_113' title="bbox 1862 4923 3462 4995">
     <span class='ocr_line' id='line_1_115' title="bbox 1862 4923 3462 4995; baseline -0.003 -13"><span class='ocrx_word' id='word_1_918' title='bbox 1862 4930 1971 4983; x_wconf 88' lang='lat' dir='ltr'><strong>itno</strong></span> <span class='ocrx_word' id='word_1_919' title='bbox 2005 4939 2194 4981; x_wconf 88' lang='lat' dir='ltr'><strong>contra</strong></span> <span class='ocrx_word' id='word_1_920' title='bbox 2222 4927 2497 4980; x_wconf 80' lang='lat' dir='ltr'><strong>Artcmatn</strong></span> <span class='ocrx_word' id='word_1_921' title='bbox 2540 4923 2783 4991; x_wconf 79' lang='lat' dir='ltr'><strong>alioSque</strong></span> <span class='ocrx_word' id='word_1_922' title='bbox 2812 4933 3128 4995; x_wconf 86' lang='lat' dir='ltr'><strong>constanter</strong></span> <span class='ocrx_word' id='word_1_923' title='bbox 3158 4939 3462 4995; x_wconf 85' lang='lat' dir='ltr'><strong>propugna-</strong></span> 
     </span>
    </p>
   </div>
   <div class='ocr_carea' id='block_1_114' title="bbox 1862 4994 3464 5068">
    <p class='ocr_par' dir='ltr' id='par_1_114' title="bbox 1862 4994 3464 5068">
     <span class='ocr_line' id='line_1_116' title="bbox 1862 4994 3464 5068; baseline -0.001 -16"><span class='ocrx_word' id='word_1_924' title='bbox 1862 4997 2295 5068; x_wconf 79' lang='lat' dir='ltr'><strong>rantApostolici</strong></span> <span class='ocrx_word' id='word_1_925' title='bbox 2320 4996 2441 5064; x_wconf 87' lang='lat' dir='ltr'><strong>viri,</strong></span> <span class='ocrx_word' id='word_1_926' title='bbox 2467 4997 2541 5051; x_wconf 90' lang='lat' dir='ltr'><strong>uti</strong></span> <span class='ocrx_word' id='word_1_927' title='bbox 2571 4996 2726 5068; x_wconf 79' lang='lat' dir='ltr'><strong>testis</strong></span> <span class='ocrx_word' id='word_1_928' title='bbox 2772 5006 2857 5051; x_wconf 91' lang='lat' dir='ltr'><strong>est</strong></span> <span class='ocrx_word' id='word_1_929' title='bbox 2885 4994 3173 5068; x_wconf 63' lang='lat' dir='ltr'><strong>Eusebius,</strong></span> <span class='ocrx_word' id='word_1_930' title='bbox 3196 4994 3286 5068; x_wconf 82' lang='lat' dir='ltr'><strong>qui</strong></span> <span class='ocrx_word' id='word_1_931' title='bbox 3312 4995 3405 5050; x_wconf 87' lang='lat' dir='ltr'><strong>lib.</strong></span> <span class='ocrx_word' id='word_1_932' title='bbox 3430 5012 3464 5051; x_wconf 87' lang='lat' dir='ltr'><strong>v</strong></span> 
     </span>
    </p>
   </div>
   <div class='ocr_carea' id='block_1_115' title="bbox 1860 5065 3463 5136">
    <p class='ocr_par' dir='ltr' id='par_1_115' title="bbox 1860 5065 3463 5136">
     <span class='ocr_line' id='line_1_117' title="bbox 1860 5065 3463 5136; baseline -0.001 -11"><span class='ocrx_word' id='word_1_933' title='bbox 1860 5068 1989 5125; x_wconf 85' lang='lat' dir='ltr'><strong>bist.</strong></span> <span class='ocrx_word' id='word_1_934' title='bbox 2019 5065 2185 5135; x_wconf 57' lang='lat' dir='ltr'><strong>c128,</strong></span> <span class='ocrx_word' id='word_1_935' title='bbox 2209 5077 2459 5124; x_wconf 88' lang='lat' dir='ltr'><strong>recenset</strong></span> <span class='ocrx_word' id='word_1_936' title='bbox 2478 5066 2676 5136; x_wconf 84' lang='lat' dir='ltr'><strong>scripta</strong></span> <span class='ocrx_word' id='word_1_937' title='bbox 2702 5077 2861 5122; x_wconf 85' lang='lat' dir='ltr'><strong>a:tate</strong></span> <span class='ocrx_word' id='word_1_938' title='bbox 2885 5066 3118 5123; x_wconf 78' lang='lat' dir='ltr'><strong>Victoris</strong></span> <span class='ocrx_word' id='word_1_939' title='bbox 3145 5077 3200 5123; x_wconf 87' lang='lat' dir='ltr'><strong>et</strong></span> <span class='ocrx_word' id='word_1_940' title='bbox 3218 5065 3463 5123; x_wconf 28' lang='lat' dir='ltr'><strong>’Artemaa</strong></span> 
     </span>
    </p>
   </div>
   <div class='ocr_carea' id='block_1_116' title="bbox 1862 5140 3464 5212">
    <p class='ocr_par' dir='ltr' id='par_1_116' title="bbox 1862 5140 3464 5212">
     <span class='ocr_line' id='line_1_118' title="bbox 1862 5140 3464 5212; baseline -0.001 -16"><span class='ocrx_word' id='word_1_941' title='bbox 1862 5142 2190 5208; x_wconf 86' lang='lat' dir='ltr'><strong>antiquiora,</strong></span> <span class='ocrx_word' id='word_1_942' title='bbox 2217 5153 2340 5212; x_wconf 63' lang='lat' dir='ltr'><strong>qua:</strong></span> <span class='ocrx_word' id='word_1_943' title='bbox 2360 5140 2551 5195; x_wconf 83' lang='lat' dir='ltr'><strong>fratres</strong></span> <span class='ocrx_word' id='word_1_944' title='bbox 2571 5146 2685 5193; x_wconf 85' lang='lat' dir='ltr'><strong>tum</strong></span> <span class='ocrx_word' id='word_1_945' title='bbox 2713 5148 2902 5212; x_wconf 82' lang='lat' dir='ltr'><strong>contra</strong></span> <span class='ocrx_word' id='word_1_946' title='bbox 2923 5149 3109 5212; x_wconf 72' lang='lat' dir='ltr'><strong>gentes</strong></span> <span class='ocrx_word' id='word_1_947' title='bbox 3140 5149 3248 5212; x_wconf 82' lang='lat' dir='ltr'><strong>tum</strong></span> <span class='ocrx_word' id='word_1_948' title='bbox 3274 5147 3464 5212; x_wconf 80' lang='lat' dir='ltr'><strong>contra</strong></span> 
     </span>
    </p>
   </div>
   <div class='ocr_carea' id='block_1_117' title="bbox 1863 5209 3462 5283">
    <p class='ocr_par' dir='ltr' id='par_1_117' title="bbox 1863 5209 3462 5283">
     <span class='ocr_line' id='line_1_119' title="bbox 1863 5209 3462 5283; baseline -0.004 -13"><span class='ocrx_word' id='word_1_949' title='bbox 1863 5213 2120 5283; x_wconf 87' lang='lat' dir='ltr'><strong>temporis</strong></span> <span class='ocrx_word' id='word_1_950' title='bbox 2146 5209 2551 5268; x_wconf 43' lang='lat' dir='ltr'><strong>sui-luereticos</strong></span> <span class='ocrx_word' id='word_1_951' title='bbox 2581 5225 2678 5280; x_wconf 83' lang='lat' dir='ltr'><strong>pro</strong></span> <span class='ocrx_word' id='word_1_952' title='bbox 2703 5209 2999 5267; x_wconf 84' lang='lat' dir='ltr'><strong>divinitatis</strong></span> <span class='ocrx_word' id='word_1_953' title='bbox 3033 5209 3233 5265; x_wconf 84' lang='lat' dir='ltr'><strong>Christi</strong></span> <span class='ocrx_word' id='word_1_954' title='bbox 3271 5210 3462 5265; x_wconf 78' lang='lat' dir='ltr'><strong>defen-</strong></span> 
     </span>
    </p>
   </div>
   <div class='ocr_carea' id='block_1_118' title="bbox 1860 5283 3462 5358">
    <p class='ocr_par' dir='ltr' id='par_1_118' title="bbox 1860 5283 3462 5358">
     <span class='ocr_line' id='line_1_120' title="bbox 1860 5283 3462 5358; baseline -0.003 -16"><span class='ocrx_word' id='word_1_955' title='bbox 1860 5287 2016 5342; x_wconf 89' lang='lat' dir='ltr'><strong>sione</strong></span> <span class='ocrx_word' id='word_1_956' title='bbox 2059 5288 2415 5358; x_wconf 88' lang='lat' dir='ltr'><strong>scripserunt.</strong></span> <span class='ocrx_word' id='word_1_957' title='bbox 2441 5283 2641 5358; x_wconf 65' lang='lat' dir='ltr'><strong>Verum</strong></span> <span class='ocrx_word' id='word_1_958' title='bbox 2684 5284 2892 5358; x_wconf 83' lang='lat' dir='ltr'><strong>judicet</strong></span> <span class='ocrx_word' id='word_1_959' title='bbox 2937 5284 3163 5355; x_wconf 91' lang='lat' dir='ltr'><strong>quisque</strong></span> <span class='ocrx_word' id='word_1_960' title='bbox 3207 5284 3259 5358; x_wconf 80' lang='lat' dir='ltr'><strong>in</strong></span> <span class='ocrx_word' id='word_1_961' title='bbox 3299 5296 3462 5358; x_wconf 73' lang='lat' dir='ltr'><strong>quem</strong></span> 
     </span>
    </p>
   </div>
   <div class='ocr_carea' id='block_1_119' title="bbox 1862 5352 3464 5425">
    <p class='ocr_par' dir='ltr' id='par_1_119' title="bbox 1862 5352 3464 5425">
     <span class='ocr_line' id='line_1_121' title="bbox 1862 5352 3464 5425; baseline -0.005 -10"><span class='ocrx_word' id='word_1_962' title='bbox 1862 5359 2022 5415; x_wconf 88' lang='lat' dir='ltr'><strong>cadat</strong></span> <span class='ocrx_word' id='word_1_963' title='bbox 2046 5352 2420 5416; x_wconf 69' lang='lat' dir='ltr'><strong>inconstantiae</strong></span> <span class='ocrx_word' id='word_1_964' title='bbox 2449 5357 2620 5425; x_wconf 87' lang='lat' dir='ltr'><strong>labes,</strong></span> <span class='ocrx_word' id='word_1_965' title='bbox 2649 5352 2703 5413; x_wconf 83' lang='lat' dir='ltr'><strong>in</strong></span> <span class='ocrx_word' id='word_1_966' title='bbox 2737 5352 3092 5422; x_wconf 76' lang='lat' dir='ltr'><strong>llilariumne,</strong></span> <span class='ocrx_word' id='word_1_967' title='bbox 3118 5370 3185 5409; x_wconf 89' lang='lat' dir='ltr'><strong>an</strong></span> <span class='ocrx_word' id='word_1_968' title='bbox 3217 5354 3269 5408; x_wconf 91' lang='lat' dir='ltr'><strong>in</strong></span> <span class='ocrx_word' id='word_1_969' title='bbox 3298 5352 3464 5409; x_wconf 86' lang='lat' dir='ltr'><strong>Eras-</strong></span> 
     </span>
    </p>
   </div>
   <div class='ocr_carea' id='block_1_120' title="bbox 1861 5427 3466 5502">
    <p class='ocr_par' dir='ltr' id='par_1_120' title="bbox 1861 5427 3466 5502">
     <span class='ocr_line' id='line_1_122' title="bbox 1861 5427 3466 5502; baseline -0.005 -13"><span class='ocrx_word' id='word_1_970' title='bbox 1861 5448 2042 5498; x_wconf 89' lang='lat' dir='ltr'><strong>mum;</strong></span> <span class='ocrx_word' id='word_1_971' title='bbox 2074 5431 2185 5502; x_wconf 91' lang='lat' dir='ltr'><strong>qui,</strong></span> <span class='ocrx_word' id='word_1_972' title='bbox 2214 5432 2309 5487; x_wconf 88' lang='lat' dir='ltr'><strong>lib.</strong></span> <span class='ocrx_word' id='word_1_973' title='bbox 2343 5446 2402 5497; x_wconf 86' lang='grc' dir='ltr'><strong>ιι,</strong></span> <span class='ocrx_word' id='word_1_974' title='bbox 2436 5430 2658 5502; x_wconf 90' lang='lat' dir='ltr'><strong>illiusiu</strong></span> <span class='ocrx_word' id='word_1_975' title='bbox 2691 5429 2976 5502; x_wconf 82' lang='lat' dir='ltr'><strong>scribendo</strong></span> <span class='ocrx_word' id='word_1_976' title='bbox 2991 5440 3255 5502; x_wconf 82' lang='lat' dir='ltr'><strong>summam</strong></span> <span class='ocrx_word' id='word_1_977' title='bbox 3279 5427 3466 5481; x_wconf 89' lang='lat' dir='ltr'><strong>mode-</strong></span> 
     </span>
    </p>
   </div>
   <div class='ocr_carea' id='block_1_121' title="bbox 1863 5497 3469 5625">
    <p class='ocr_par' dir='ltr' id='par_1_121' title="bbox 1863 5497 3469 5625">
     <span class='ocr_line' id='line_1_123' title="bbox 1863 5497 3469 5625; baseline -0.004 -66"><span class='ocrx_word' id='word_1_978' title='bbox 1863 5497 2378 5573; x_wconf 87' lang='lat' dir='ltr'><strong>stiamadmiratus,</strong></span> <span class='ocrx_word' id='word_1_979' title='bbox 2412 5518 2532 5559; x_wconf 89' lang='lat' dir='ltr'><strong>eam</strong></span> <span class='ocrx_word' id='word_1_980' title='bbox 2578 5501 2664 5558; x_wconf 90' lang='lat' dir='ltr'><strong>bis</strong></span> <span class='ocrx_word' id='word_1_981' title='bbox 2690 5501 2869 5557; x_wconf 90' lang='lat' dir='ltr'><strong>verbis</strong></span> <span class='ocrx_word' id='word_1_982' title='bbox 2910 5497 3225 5555; x_wconf 88' lang='lat' dir='ltr'><strong>imitandam</strong></span> <span class='ocrx_word' id='word_1_983' title='bbox 3260 5512 3469 5625; x_wconf 51' lang='lat' dir='ltr'><strong>propo-</strong></span> 
     </span>
     <span class='ocr_line' id='line_1_124' title="bbox 1864 5569 3466 5625; baseline 0 0"><span class='ocrx_word' id='word_1_984' title='bbox 1864 5576 1973 5625; x_wconf 78' lang='lat' dir='ltr'><strong>snit</strong></span> <span class='ocrx_word' id='word_1_985' title='bbox 1995 5593 2010 5625; x_wconf 87' lang='lat'>:</span> <span class='ocrx_word' id='word_1_986' title='bbox 2036 5577 2191 5625; x_wconf 79' lang='lat' dir='ltr'><strong>Audi-</strong></span> <span class='ocrx_word' id='word_1_987' title='bbox 2215 5576 2456 5625; x_wconf 75' lang='lat' dir='ltr'><strong>deﬁnitur</strong></span> <span class='ocrx_word' id='word_1_988' title='bbox 2476 5574 2758 5625; x_wconf 74' lang='lat' dir='ltr'><strong>temerarie.</strong></span> <span class='ocrx_word' id='word_1_989' title='bbox 2785 5571 2952 5625; x_wconf 85' lang='lat' dir='ltr'><strong>Nobis</strong></span> <span class='ocrx_word' id='word_1_990' title='bbox 2964 5585 3093 5625; x_wconf 87' lang='lat' dir='ltr'><strong>vero</strong></span> <span class='ocrx_word' id='word_1_991' title='bbox 3116 5569 3234 5625; x_wconf 85' lang='lat' dir='ltr'><strong>nius</strong></span> <span class='ocrx_word' id='word_1_992' title='bbox 3304 5570 3466 5625; x_wconf 35' lang='lat' dir='ltr'><strong>raisul</strong></span> 
     </span>
    </p>
   </div>
   <div class='ocr_carea' id='block_1_122' title="bbox 1863 5569 3466 5649">
    <p class='ocr_par' dir='ltr' id='par_1_122' title="bbox 1863 5569 3466 5649">
     <span class='ocr_line' id='line_1_125' title="bbox 1863 5569 3466 5649; baseline -0.004 -16"><span class='ocrx_word' id='word_1_993' title='bbox 1863 5576 2010 5634; x_wconf 87' lang='lat' dir='ltr'><strong>suit:</strong></span> <span class='ocrx_word' id='word_1_994' title='bbox 2035 5577 2191 5645; x_wconf 83' lang='lat' dir='ltr'><strong>Audi,</strong></span> <span class='ocrx_word' id='word_1_995' title='bbox 2215 5569 2456 5649; x_wconf 81' lang='lat' dir='ltr'><strong>deﬁnitur</strong></span> <span class='ocrx_word' id='word_1_996' title='bbox 2476 5574 2758 5629; x_wconf 79' lang='lat' dir='ltr'><strong>temerarie.</strong></span> <span class='ocrx_word' id='word_1_997' title='bbox 2785 5571 2952 5628; x_wconf 85' lang='lat' dir='ltr'><strong>Nobis</strong></span> <span class='ocrx_word' id='word_1_998' title='bbox 2960 5585 3093 5649; x_wconf 74' lang='lat' dir='ltr'><strong>vero</strong></span> <span class='ocrx_word' id='word_1_999' title='bbox 3116 5569 3234 5649; x_wconf 73' lang='lat' dir='ltr'><strong>pius</strong></span> <span class='ocrx_word' id='word_1_1000' title='bbox 3260 5569 3466 5649; x_wconf 61' lang='lat' dir='ltr'><strong>Prajsul</strong></span> 
     </span>
    </p>
   </div>
   <div class='ocr_carea' id='block_1_123' title="bbox 1823 5639 3469 5721">
    <p class='ocr_par' dir='ltr' id='par_1_123' title="bbox 1823 5639 3469 5721">
     <span class='ocr_line' id='line_1_126' title="bbox 1823 5639 3469 5721; baseline -0.006 -14"><span class='ocrx_word' id='word_1_1001' title='bbox 1823 5685 1828 5690; x_wconf 91' lang='lat'><strong>-</strong></span> <span class='ocrx_word' id='word_1_1002' title='bbox 1864 5664 2130 5721; x_wconf 87' lang='lat' dir='ltr'><strong>nusquam</strong></span> <span class='ocrx_word' id='word_1_1003' title='bbox 2156 5639 2302 5721; x_wconf 74' lang='lat' dir='ltr'><strong>visus</strong></span> <span class='ocrx_word' id='word_1_1004' title='bbox 2327 5648 2731 5721; x_wconf 69' lang='lat' dir='ltr'><strong>estitnmemor</strong></span> <span class='ocrx_word' id='word_1_1005' title='bbox 2756 5659 2915 5714; x_wconf 91' lang='lat' dir='ltr'><strong>quam</strong></span> <span class='ocrx_word' id='word_1_1006' title='bbox 2958 5639 3231 5721; x_wconf 83' lang='lat' dir='ltr'><strong>imbecilla</strong></span> <span class='ocrx_word' id='word_1_1007' title='bbox 3268 5642 3341 5697; x_wconf 91' lang='lat' dir='ltr'><strong>sit</strong></span> <span class='ocrx_word' id='word_1_1008' title='bbox 3368 5645 3469 5721; x_wconf 62' lang='lat' dir='ltr'><strong>liu-</strong></span> 
     </span>
    </p>
   </div>
   <div class='ocr_carea' id='block_1_124' title="bbox 1850 5714 3468 5781">
    <p class='ocr_par' dir='ltr' id='par_1_124' title="bbox 1850 5714 3468 5781">
     <span class='ocr_line' id='line_1_127' title="bbox 1850 5714 3468 5781; baseline -0.006 0"><span class='ocrx_word' id='word_1_1009' title='bbox 1850 5714 2028 5781; x_wconf 65' lang='lat' dir='ltr'><strong>.man&#39;a</strong></span> <span class='ocrx_word' id='word_1_1010' title='bbox 2057 5722 2216 5778; x_wconf 89' lang='lat' dir='ltr'><strong>ratio.</strong></span> <span class='ocrx_word' id='word_1_1011' title='bbox 2250 5719 2623 5776; x_wconf 87' lang='lat' dir='ltr'><strong>inﬁrmitatem</strong></span> <span class='ocrx_word' id='word_1_1012' title='bbox 2653 5716 2795 5772; x_wconf 90' lang='lat' dir='ltr'><strong>illius</strong></span> <span class='ocrx_word' id='word_1_1013' title='bbox 2824 5720 3140 5771; x_wconf 85' lang='lat' dir='ltr'><strong>constanter</strong></span> <span class='ocrx_word' id='word_1_1014' title='bbox 3169 5718 3241 5769; x_wconf 88' lang='lat' dir='ltr'><strong>ob</strong></span> <span class='ocrx_word' id='word_1_1015' title='bbox 3279 5714 3468 5771; x_wconf 89' lang='lat' dir='ltr'><strong>oculos</strong></span> 
     </span>
    </p>
   </div>
   <div class='ocr_carea' id='block_1_125' title="bbox 1869 5784 3470 5865">
    <p class='ocr_par' dir='ltr' id='par_1_125' title="bbox 1869 5784 3470 5865">
     <span class='ocr_line' id='line_1_128' title="bbox 1869 5784 3470 5865; baseline -0.004 -16"><span class='ocrx_word' id='word_1_1016' title='bbox 1869 5792 2041 5865; x_wconf 90' lang='lat' dir='ltr'><strong>ponit,</strong></span> <span class='ocrx_word' id='word_1_1017' title='bbox 2071 5803 2131 5849; x_wconf 92' lang='lat' dir='ltr'><strong>ut</strong></span> <span class='ocrx_word' id='word_1_1018' title='bbox 2159 5794 2333 5851; x_wconf 88' lang='lat' dir='ltr'><strong>discat</strong></span> <span class='ocrx_word' id='word_1_1019' title='bbox 2359 5791 2524 5848; x_wconf 86' lang='lat' dir='ltr'><strong>homo</strong></span> <span class='ocrx_word' id='word_1_1020' title='bbox 2554 5803 2659 5845; x_wconf 93' lang='lat' dir='ltr'><strong>non</strong></span> <span class='ocrx_word' id='word_1_1021' title='bbox 2689 5789 2801 5845; x_wconf 91' lang='lat' dir='ltr'><strong>suis</strong></span> <span class='ocrx_word' id='word_1_1022' title='bbox 2827 5787 3027 5853; x_wconf 89' lang='lat' dir='ltr'><strong>sensis,</strong></span> <span class='ocrx_word' id='word_1_1023' title='bbox 3060 5784 3158 5843; x_wconf 90' lang='lat' dir='ltr'><strong>sed</strong></span> <span class='ocrx_word' id='word_1_1024' title='bbox 3187 5784 3283 5842; x_wconf 89' lang='lat' dir='ltr'><strong>Dei</strong></span> <span class='ocrx_word' id='word_1_1025' title='bbox 3308 5786 3470 5844; x_wconf 90' lang='lat' dir='ltr'><strong>dictis</strong></span> 
     </span>
    </p>
   </div>
   <div class='ocr_carea' id='block_1_126' title="bbox 1856 5867 3486 6009">
    <p class='ocr_par' dir='ltr' id='par_1_126' title="bbox 1856 5867 3486 6009">
     <span class='ocr_line' id='line_1_129' title="bbox 1856 5867 3486 6009; baseline -0.009 -14"><span class='ocrx_word' id='word_1_1026' title='bbox 1856 5867 2248 6009; x_wconf 50' lang='grc' dir='ltr'><strong>ωῗτῗξῇἶιιίιοι</strong></span> <span class='ocrx_word' id='word_1_1027' title='bbox 2261 5950 2391 5991; x_wconf 87' lang='lat' dir='ltr'><strong>mss.</strong></span> <span class='ocrx_word' id='word_1_1028' title='bbox 2410 5948 2532 5992; x_wconf 89' lang='lat' dir='ltr'><strong>cum</strong></span> <span class='ocrx_word' id='word_1_1029' title='bbox 2549 5928 2680 5991; x_wconf 84' lang='lat' dir='ltr'><strong>Bad.</strong></span> <span class='ocrx_word' id='word_1_1030' title='bbox 2691 5975 2706 6001; x_wconf 90' lang='lat'><strong>,</strong></span> <span class='ocrx_word' id='word_1_1031' title='bbox 2716 5931 2767 5988; x_wconf 88' lang='grc' dir='ltr'><strong><em>Ν</em></strong></span> <span class='ocrx_word' id='word_1_1032' title='bbox 2771 5919 2921 5990; x_wconf 70' lang='lat' dir='ltr'><strong>ones!</strong></span> <span class='ocrx_word' id='word_1_1033' title='bbox 2934 5932 3102 6002; x_wconf 82' lang='lat' dir='ltr'><strong>itaque</strong></span> <span class='ocrx_word' id='word_1_1034' title='bbox 3115 5920 3326 5988; x_wconf 81' lang='lat' dir='ltr'><strong>diversis</strong></span> <span class='ocrx_word' id='word_1_1035' title='bbox 3337 5946 3449 5985; x_wconf 85' lang='lat' dir='ltr'><strong>com</strong></span> <span class='ocrx_word' id='word_1_1036' title='bbox 3460 5974 3486 5990; x_wconf 48' lang='grc' dir='ltr'><strong><em>η</em></strong></span> 
     </span>
    </p>
   </div>
  </div>
