3988 6332
547 365 654 420 539

1757 341 2022 422 sanati
2045 355 2298 422 tm..tttn
2343 347 2642 419 iamscort

3703 369 3782 427 ειη

549 482 730 554 itaque
757 481 1000 536 diversus
1025 479 1338 550 composita
1361 477 1657 536 divinitatis
1683 481 1961 550 partibus:
1995 489 2052 534 ιιι
2078 481 2148 535 sit
2173 469 2226 542 Α
2250 477 2368 534 Non
2411 479 2554 533 enim
2599 479 2689 535 ille
2733 493 2875 535 nunc
2925 479 2990 537 de
3020 480 3096 554 (ε)
3143 481 3434 538 obtinendo
3478 483 3661 539 locutus
3695 502 3782 554 esu;

547 577 602 631 in
633 589 702 631 eo
727 584 818 630 aut
849 581 966 644 post
993 583 1270 644 stuporem
1299 573 1569 636 voluntas,
1603 581 1690 627 aut
1721 583 1843 644 post
1873 569 2144 627 silentium

549 681 762 736 sermo,
807 676 900 722 aut
929 675 1050 734 post
1089 667 1257 721 otium
1297 679 1478 736 opus:
1511 673 1569 719 ut
1615 673 1706 720 aut
1731 664 1869 720 velle
1911 661 2145 734 aliquid;

551 763 652 818 nisi
683 761 749 818 ad
779 759 1066 816 volendum
1109 767 1288 815 motus
1333 755 1400 814 sit
1421 799 1434 822 ,
1469 758 1576 814 non
1609 763 1854 828 putetur;
1887 765 1978 810 aut
2003 755 2148 826 loqui

547 856 677 928 quid
696 897 710 922 ,
741 854 844 910 nisi
888 863 1006 924 posit
1033 853 1310 909 silentium
1337 863 1530 906 sonent
1565 852 1726 906 verba
1745 893 1758 915 ,
1789 865 1895 905 non
1934 849 2143 920 possit;

481 971 484 976 ·
548 953 642 1006 aut
669 965 828 1020 agere
857 948 1057 1019 aliquid
1080 987 1095 1013 ,
1125 945 1226 1001 nisi
1255 945 1308 1000 iu
1350 961 1486 1016 opus
1515 951 1702 1011 exeat,
1731 959 1837 998 non
1869 941 2140 1014 intelliga-

550 1055 660 1101 tur.
689 1043 804 1100 Non
833 1042 1072 1113 subiacet
1103 1053 1310 1096 natura:
1338 1039 1567 1110 legibus,
1599 1051 1630 1092 a
1651 1053 1758 1108 quo
1781 1038 1954 1108 legem
1977 1035 2154 1091 omnis

552 1147 745 1194 natura
775 1137 998 1192 sortitur
1027 1155 1038 1190 :
1075 1148 1252 1206 neque
1285 1135 1336 1188 in
1368 1131 1570 1202 aliquo.
1603 1129 1914 1186 inﬁrmitate
1941 1135 2033 1184 aut
2061 1127 2156 1184 de-

553 1231 850 1288 mutatione
880 1227 1148 1284 eiilcicndi
1186 1225 1482 1292 detinetur,
1511 1223 1600 1294 qui
1630 1233 1783 1278 extra
1822 1221 2039 1276 modum
2073 1227 2157 1276 est

551 1323 868 1398 potestatis,
901 1323 1194 1377 secundum
1229 1319 1442 1375 Domini
1485 1317 1688 1373 dictum
1719 1335 1731 1372 :
1767 1315 1944 1382 Pater,
1979 1313 2156 1385 possi-

551 1421 680 1475 bilia
725 1417 818 1473 tibi
863 1419 1043 1472 omnia
1085 1424 1212 1471 sunt
1253 1411 1465 1488 (Marc.
1493 1407 1720 1484 xiv,'5ti)
1753 1429 1766 1463 :
1801 1421 1857 1464 ut
1897 1417 2156 1480 quantum

555 1529 748 1572 sensus
775 1515 1041 1570 humanus
1070 1527 1176 1567 non
1203 1509 1384 1580 capit,
1416 1515 1622 1564 tantum
1655 1507 1796 1562 Deus
1828 1505 2017 1576 p0ssit.
2051 1501 2161 1558 Sed

557 1625 625 1664 ne
657 1609 829 1678 ipsum
859 1605 1078 1677 quidem
1115 1618 1176 1658 se
1206 1601 1612 1671 omnipotentiae
1643 1601 1842 1652 virtute
1873 1593 2156 1682 fraudavit,

555 1702 772 1766 dicens,
799 1699 990 1756 Omnia
1019 1710 1374 1766 quacumque
1402 1693 1529 1748 facit
1561 1691 1745 1756 Pater,
1777 1687 1964 1744 eadem
1992 1697 2046 1742 et
2073 1685 2162 1742 Fi-

556 1797 660 1852 lius
691 1789 819 1851 facit
842 1793 1094 1850 similiter
1125 1789 1305 1865 (Joau.
1340 1805 1394 1856 ν,
1427 1789 1541 1861 19).
1573 1783 1687 1842 Non
1723 1794 1808 1842 est
1834 1783 2160 1850 difﬁcultas,

559 1889 646 1945 ubi
689 1897 906 1943 nonest
935 1885 1252 1949 inﬁrmitas;
1284 1883 1406 1953 quia
1433 1879 1735 1936 difficultati
1763 1875 2008 1948 subiacet
2051 1875 2154 1929 iut-

557 1989 752 2055 poteus
817 1975 1087 2036 el‘liciendi
1148 1985 1409 2048 potestas.
1467 1972 1808 2028 Dii‘iicultatis
1853 1970 1999 2025 enim
2066 1981 2164 2022 na-

557 2086 674 2131 tura
707 2073 783 2146 (a)
815 2074 868 2128 in
899 2071 1210 2127 infirmitate
1241 2068 1452 2124 virtutis
1477 2075 1564 2123 est
1591 2083 1604 2122 :
1637 2077 1758 2137 qua;
1783 2079 1905 2119 cmn
1937 2061 2160 2118 modum

560 2183 669 2226 non
737 2169 898 2225 habet
963 2165 1280 2237 potestatis,
1335 2175 1444 2218 non
1493 2169 1709 2217 tenetur
1761 2158 1880 2228 lege
1933 2151 2161 2212 infirmi-

557 2265 703 2320 tatis.

633 2359 724 2414 75.
767 2353 918 2409 Diem
958 2359 1060 2409 non
1102 2353 1268 2424 potuit
1309 2349 1593 2420 aliquando
1633 2347 1848 2404 nescire.
1883 2344 2012 2400 Filii
2047 2359 2165 2400 cum

563 2451 722 2506 Patre
763 2455 950 2502 natura
989 2455 1112 2502 una.
1144 2473 1214 2486 —
1243 2443 1357 2500 lloc
1409 2439 1614 2497 idcirco
1661 2439 2088 2494 demonstratum
2135 2451 2167 2492 a

563 2541 724 2598 nobis
749 2552 860 2608 est,
895 2555 964 2595 ne
1003 2548 1096 2594 aut
1121 2538 1262 2594 Deus
1287 2545 1410 2607 post
1435 2534 1712 2590 silentium
1743 2531 1957 2587 locutus
1979 2531 2048 2586 ad
2077 2530 2169 2586 Ei.
2233 2523 2240 2532 ’

565 2636 732 2701 lium,
767 2641 858 2688 aut
887 2631 1057 2688 Filius
1087 2639 1210 2701 post
1255 2627 1644 2700 ignorationem
1675 2626 1813 2682 scire
1839 2626 2170 2681 existimare-

565 2739 656 2786 tur
683 2743 697 2783 :
731 2727 826 2784 sed
858 2723 1272 2797 intelligentiam
1311 2733 1551 2780 nostram
1586 2729 1790 2776 natura:
1819 2725 2018 2774 nostra:
2047 2729 2171 2773 esse

567 2823 1056 2894 significationibus
1096 2818 1464 2875 instruendam
1483 2859 1496 2880 ,
1527 2827 1645 2886 qlnn
1673 2813 2040 2870 demonstrari
2070 2813 2169 2868 ali-

566 2919 695 2989 quid
728 2917 828 2972 nisi
859 2931 954 2986 per
984 2915 1291 2986 loquentem
1322 2925 1428 2968 non
1455 2911 1802 2982 intelligeret,
1859 2915 1912 2964 et
1943 2925 2046 2964 non
2079 2923 2170 2964 ne-

567 3011 696 3067 sciri
728 3009 925 3082 aiiquitl
957 3007 1032 3082 (ὁ)
1070 3007 1172 3062 nisi
1204 3005 1427 3061 sciendo
1453 3019 1560 3060 non
1591 3003 1951 3061 existimaret.
2003 3003 2171 3059 Filius

567 3105 752 3177 itaque
793 3104 934 3160 diem
975 3101 1193 3166 idcirco,
1229 3102 1352 3172 quia
1397 3107 1572 3164 tacet,
1615 3098 1826 3154 nescit:
1861 3105 1916 3154 et
1955 3097 2170 3153 Patrem

569 3195 745 3254 solum
773 3197 976 3252 idcirco
1006 3195 1148 3251 scire
1175 3193 1270 3259 ait,
1303 3192 1426 3262 quia
1457 3191 1604 3246 snlus
1627 3191 1716 3247 uni
1745 3191 1846 3247 sibi
1871 3205 1978 3246 non
2007 3197 2169 3245 tacet.

571 3291 682 3347 Sed
713 3301 818 3345 non
859 3299 1164 3360 exspectat,
1201 3298 1256 3341 ut
1285 3287 1433 3352 dixi,
1465 3285 1628 3357 315
1657 3285 1754 3340 has
1791 3293 1998 3338 natura:
2027 3282 2174 3337 difﬁ-

571 3385 836 3450 cultates,
867 3391 926 3436 ut
971 3387 1099 3436 tunc
1139 3381 1272 3436 sciat
1316 3393 1438 3434 cum
1473 3379 1724 3449 ignurarc
1766 3377 2066 3440 deetitcrit,
2117 3381 2173 3430 ut

575 3485 703 3532 tunc
741 3476 920 3530 audiat
955 3491 1074 3530 cum
1127 3474 1270 3545 loqui
1321 3475 1476 3528 Pater
1519 3473 1766 3541 ceperit.
1802 3469 2016 3526 Natura:
2062 3485 2176 3528 stuc

573 3585 696 3624 cum
724 3583 824 3638 eo,
863 3578 1132 3638 tamquam
1167 3567 1422 3636 unigeniti
1444 3605 1458 3631 ,
1491 3565 1754 3619 unitatem
1788 3579 1894 3618 non
1925 3563 2177 3634 ambigue

574 3661 760 3718 docuit
805 3662 992 3718 dicens
1021 3677 1036 3714 :
1070 3660 1290 3727 Omnia,
1323 3673 1438 3730 qua:
1481 3657 1660 3712 Pluris
1683 3667 1832 3723 sunt,
1883 3673 1992 3714 mea
2033 3669 2174 3713 eum.

575 3827 742 3900 posita
772 3811 1054 3900 sufgstrmtia
1077 3815 1182 3900 (xei
1216 3815 1861 3900 compositesubstuutiwi
1887 3815 2173 3900 divini-tutis

577 3889 827 3972 partitus.
845 3889 1288 3972 Martin._diuersie
1298 3889 1595 3972 corruperint
1605 3889 1908 3972 substantia:
1925 3889 2172 3972 partibus.

651 3969 730 4043 (a)
761 3970 1020 4043 lloc_est,
1053 3967 1102 4018 in
1133 3963 1344 4043 virtutis
1369 3963 1672 4043 inopia'sita
1707 3971 1978 4043 estiqtnc
2006 3962 2176 4043 vittas

576 4031 723 4108 cum,
750 4051 854 4096 etc.
887 4031 1018 4093 illnc
1043 4035 1185 4108 quod
1231 4033 1283 4108 in
1323 4033 1493 4108 tribus
1525 4031 1643 4108 V_at.
1675 4031 1875 4108 {etaliis
1903 4033 2174 4087 recentiu~

577 4099 729 4170 ribus
773 4125 905 4166 mss.
926 4153 940 4178 ,
971 4109 1026 4162 in
1057 4099 1355 4178 inﬁrmitate
1383 4101 1584 4159 virtutis
1610 4099 1702 4178 est.
1735 4099 1832 4156 Dei
1875 4114 2046 4178 autem
2085 4117 2180 4178 utt-

577 4191 696 4240 tura
734 4189 848 4254 quis
890 4171 1230 4236 niodum'nou
1272 4177 1450 4244 liabet,
1485 4181 1623 4242 etc.,
1663 4171 2036 4246 interpolatori
2083 4174 2178 4229 tria

579 4255 878 4312 linendum.

657 4323 732 4396 (ὁ)
771 4321 827 4380 in
860 4319 1251 4396 recentioribus
1295 4333 1422 4396 mss.
1457 4317 1570 4396 nisi.
1593 4317 1799 4396 sciendo
1823 4317 2132 4396 emistimaret
2160 4333 2181 4374 .'

585 4387 746 4453 male.
779 4396 908 4450 illud
941 4393 1040 4448 nisi
1061 4390 1288 4456 scienda,
1317 4389 1367 4443 id
1385 4399 1488 4450 est.
1521 4387 1620 4442 nisi
1644 4387 1922 4456 discendo,
1947 4405 2008 4444 ac
2031 4397 2182 4445 mare

583 4432 875 4524 hominum:
897 4432 1194 4519 abinscitia
1224 4432 1290 4513 ad
1322 4432 1599 4515 scientiam
1632 4432 1981 4516 transeundo.

661 4539 732 4614 (ε)
771 4535 826 4594 Id
856 4545 968 4614 est,
1009 4549 1118 4614 non
1145 4529 1361 4614 deiilis
1407 4531 1588 4614 bonis,
1620 4547 1738 4614 quae
1780 4549 1893 4614 non.
1935 4537 2185 4614 tenentur

587 4601 800 4678 natura,
832 4608 926 4662 sed
954 4601 1122 4678 gratia
1151 4601 1445 4678 autlabore
1475 4603 1814 4678 postmodum
1844 4601 2178 4678 obtinentur.

660 4677 739 4766 _(d)
781 4671 990 4764 Martin'.
1026 4675 1626 4766 tttjs.,ls'u_b.stautiw'sum.
1656 4671 1810 4729 Cnlb.
1843 4691 1962 4766 cum
1993 4673 2177 4766 (Ei-rm.

586 4745 880 4808 stilist’steuti
902 4767 920 4804 :
942 4747 1170 4820 qundad
1196 4745 1389 4820 Filium
1414 4747 1596 4820 referri
1623 4755 1819 4820 potest.
1846 4745 2180 4820 Unusantic.

588 4841 652 4878 ac
687 4823 838 4893 pauci
867 4815 994 4893 alii,
1025 4815 1341 4893 subsistentia
1377 4831 1395 4872 :
1427 4819 1576 4893 quod
1609 4815 1663 4872 et
1690 4817 1756 4873 de
1786 4817 2180 4893 Patrehdictutn

591 4889 875 4951 commode
903 4891 1246 4960 interpretari
1277 4890 1422 4945 licet.
1463 4889 1649 4945 Verius
1677 4899 1856 4945 tamen
1886 4889 1998 4956 alii,
2026 4901 2081 4945 ut
2112 4891 2180 4945 ii-

591 4977 720 5038 quet
758 4981 820 5021 ex
867 4977 1016 5018 num.
1052 4961 1144 5028 51,
1174 4961 1485 5015 extrinsecus
1527 4961 1882 5038 subsistentia,
1916 4961 2018 5017 huc
2059 4971 2181 5038 est,

590 5033 679 5094 res
704 5047 975 5100 externas,
1007 5041 1063 5088 ut
1089 5041 1233 5096 sunt,
1269 5043 1317 5086 ν.
1349 5047 1426 5100 g.,
1458 5033 1676 5098 omium,-
1713 5043 1886 5096 terra,
1917 5033 2181 5100 mundus;

592 5053 679 5094 res
704 5047 975 5100 externas,
1007 5047 1063 5088 ut
1089 5047 1233 5096 sunt,
1269 5047 1317 5086 ν.
1339 5047 1426 5158 ἕ..
1458 5047 1676 5098 emtum,-
1713 5047 1854 5088 ιρι-ΓΔ
1874 5077 1886 5096 ,
1917 5047 2180 5100 mundus;

592 5111 674 5164 vel
709 5119 764 5163 ut
789 5107 1016 5180 habetur
1041 5115 1232 5180 supra,
1261 5117 1314 5180 rt.
1367 5105 1804 5180 _i,_eietttc_ttta_et
1845 5105 2180 5180 creatinnutu

581 5183 756 5237 ’varize
802 5177 1031 5251 species.
1057 5173 1323 5251 Defendit
1367 5173 1596 5232 Hilarius
1621 5175 1895 5251 Christum
1925 5191 2038 5251 non
2064 5177 2182 5251 sola

593 5253 770 5310 Patris
799 5245 934 5307 bona
975 5247 1193 5303 externa
1225 5253 1278 5302 ct
1300 5255 1478 5318 creata
1504 5255 1597 5302 sua
1631 5259 1750 5318 esse
1777 5249 1956 5302 dicere
1984 5265 1994 5300 :
2029 5245 2185 5318 idque

595 5339 657 5380 ex
692 5341 756 5379 eo
791 5323 1038 5395 probat,_
1055 5319 1196 5390 qttod
1241 5317 1486 5395 subiicit,
1521 5317 1644 5373 ideo
1671 5311 1928 5395 Spiritum
1969 5311 2186 5395 t_l_e_su_o

595 5389 1132 5466 accepturutuLCu’m
1178 5389 1348 5446 enim
1377 5395 1614 5466 constet,
1669 5389 1927 5466 Spiritum
1958 5389 2068 5466 Dei
2120 5389 2188 5445 de

595 5459 857 5522 creaturis
885 5463 1014 5519 nihil
1041 5469 1290 5526 sumere;
1320 5469 1488 5515 restat
1513 5467 1571 5514 ut
1595 5459 1800 5514 interna
1825 5459 2000 5514 Patris
2025 5461 2182 5528 bona,

595 5537 844 5591 virtutem
865 5535 1012 5598 scil.,
1033 5533 1412 5596 (sterilitatem,
1429 5531 1842 5601 providentiam,
1863 5537 1994 5596 ete.,
2010 5534 2188 5587 omnia

600 5619 697 5662 sua
719 5607 862 5660 dicat
887 5621 899 5658 :
927 5619 1048 5675 qua:
1069 5601 1282 5673 quidem
1308 5605 1414 5656 noti
1438 5602 1580 5675 aliud
1603 5611 1725 5656 sunt
1747 5603 1815 5675 ab
1837 5601 1975 5670 ipso,
2001 5605 2189 5675 ultam-

603 5680 683 5732 vis
713 5671 1026 5744 in'tpcrleclo
1055 5671 1239 5729 nbstrn
1271 5673 1520 5742 laquendi
1553 5671 1973 5744 ttini‘cdtcatttus
1994 5689 2056 5726 ea
2085 5671 2192 5727 Pa-

604 5750 728 5814 tris,
762 5743 914 5817 quasi
943 5747 1082 5800 aliud
1125 5745 1192 5799 sit
1224 5745 1426 5817 habens
1456 5745 1636 5817 Pater,
1666 5743 1808 5817 aliud
1838 5743 1979 5812 quod
2011 5744 2189 5799 habet.

605 5819 682 5874 Ex
716 5815 821 5890 quo
842 5819 1003 5890 facile
1031 5823 1297 5890 sequitur,
1329 5815 1447 5871 Ftiit
1477 5826 1530 5873 et
1560 5815 1734 5870 Patris
1763 5831 1923 5871 unam
1947 5829 2068 5872 esse
2098 5827 2193 5872 na-

603 5887 796 5945 turam.
828 5889 1026 5947 Conlcr
1046 5891 1196 5945 nutu.
1219 5887 1309 5946 51.

2253 573 2376 642 quia
2409 571 2550 627 aliud
2591 585 2675 628 est
2701 575 3038 630 extrinsecus
3073 573 3152 648 (ἀ)
3185 573 3519 632 ειὼηίειεηιίει
3557 591 3640 632 sua
3665 593 3784 646 esse,

2253 665 2397 724 aliud
2446 669 2612 724 estin
2663 669 2776 724 suis
2822 681 2984 741 atque
3129 672 3300 742 ipsum
3344 687 3402 726 se
3431 685 3786 742 essezquomm

2257 761 2419 817 unum
2451 769 2532 818 cst
2561 761 2836 832 pOSS-iderc
2863 759 3058 818 caelum
3079 805 3093 829 ,
3125 773 3332 830 terras,
3377 763 3706 835 mundumque
3726 777 3788 820 to-

2257 861 2394 924 tum,
2424 855 2568 914 aliud
2612 867 2696 913 est
2731 875 2790 915 se
2837 859 3012 930 ipsum
3046 861 3099 915 in
3145 859 3230 914 his
3266 859 3563 932 significare
3597 877 3698 932 qtae
3720 879 3789 918 sua

2257 959 2416 1018 sunt,
2465 965 2557 1006 sua
2587 961 2766 1006 autem
2813 951 2882 1006 ita
2905 993 2922 1020 ,
2969 969 3078 1008 non
3113 963 3382 1024 tamquam
3412 959 3618 1009 externa
3653 953 3792 1025 subj:-

2258 1052 2437 1111 ceant,
2466 1043 2559 1100 sed
2585 1045 2724 1116 quod
2749 1061 2812 1101 ex
2837 1045 2951 1100 suis
2974 1047 3088 1116 ipse
3112 1045 3393 1102 subsistat.
3419 1045 3561 1102 Nunc
3581 1063 3688 1116 ergo
3703 1063 3790 1104 cum

2261 1135 2438 1192 omnia
2459 1178 2474 1204 ,
2507 1153 2624 1208 qua:
2653 1137 2831 1194 Patris
2857 1147 3014 1204 sunt,
3044 1149 3138 1193 sua
3184 1149 3338 1204 sunt;
3371 1135 3650 1194 divinitatis
3672 1141 3794 1212 signi-

2263 1227 2390 1285 licat
2437 1241 2717 1294 naturam.
2757 1249 2862 1287 non
2904 1231 3250 1290 ohteutorum
3295 1231 3364 1306 (Γ)
3404 1235 3792 1289 communionem.

2262 1319 2396 1378 Nam
2426 1321 2490 1378 ad
2521 1321 2571 1378 id
2593 1367 2606 1384 .
2638 1323 2782 1396 quod
2809 1323 2876 1380 de
2917 1339 3016 1380 suo
3043 1331 3394 1398 accepturum
3427 1327 3648 1382 sanetum
3671 1327 3795 1397 Spiri-

2263 1425 2374 1472 tum
2417 1417 2753 1488 loquchatur,
2795 1417 2900 1486 ait,
2951 1420 3169 1488 Omnia,
3209 1423 3324 1492 quia
3353 1420 3530 1476 Patris
3557 1429 3686 1488 sunt,
3719 1437 3796 1476 mea

2264 1519 2416 1576 sunt;
2462 1519 2508 1564 et
2537 1511 2652 1565 ideo
2683 1513 2791 1567 dixi
2809 1556 2822 1578 ,
2872 1515 2934 1567 de
2965 1529 3072 1568 meo
3103 1513 3320 1584 accipiet
3349 1529 3369 1569 :
3402 1519 3458 1570 ut
3496 1503 3610 1569 dum
3641 1503 3694 1570 de
3729 1529 3797 1570 suo

2265 1603 2486 1673 accipit,
2521 1611 2629 1660 non
2659 1606 2822 1662 etiam
2851 1621 2959 1661 non
3001 1607 3067 1662 de
3099 1605 3275 1662 Patris
3319 1608 3563 1679 accipere
3587 1607 3799 1664 existima-

2267 1705 2448 1762 retur;
2479 1695 2564 1752 vel
2591 1712 2712 1753 cum
2741 1697 2808 1754 de
2835 1695 3009 1754 Patris
3033 1705 3277 1758 sumeret
3299 1744 3314 1766 ,
3347 1715 3455 1756 non
3477 1701 3625 1756 etiam
3651 1697 3799 1756 nonde

2268 1805 2368 1846 suo
2413 1797 2631 1847 sumere
2673 1791 3079 1864 intelligeretur.
3115 1783 3302 1864 Neque
3333 1793 3476 1850 enim
3509 1793 3570 1850 de
3603 1795 3800 1850 creaturis

2188 1885 2237 1949 B
2265 1885 2510 1939 sumebat
2541 1884 2774 1955 Spiritus
2801 1894 3019 1940 sanctus
3037 1928 3053 1954 ,
3083 1885 3163 1959 (g)
3188 1885 3277 1956 qui
3305 1887 3397 1942 Dei
3421 1883 3638 1957 Spiritus
3656 1893 3744 1946 est:
3762 1893 3800 1940 ut

2266 1993 2334 2033 ex
2365 1975 2448 2032 his
2476 1977 2725 2033 videatur
2754 1979 3035 2049 accipere,
3083 1980 3205 2050 quia
3250 1987 3314 2034 ea
3361 1981 3539 2034 omnia
3581 1973 3660 2033 Dei
3697 1987 3798 2032 sunt.

2269 2067 2350 2142 (ft)
2371 2069 2476 2127 Sed
2505 2083 2611 2124 non
2645 2069 2764 2125 ideo
2788 2069 2989 2137 omnia,
3019 2085 3138 2144 quae
3169 2069 3348 2128 Patris
3369 2079 3513 2137 sunt,
3536 2085 3621 2128 sua
3640 2079 3749 2136 sunt,
3765 2079 3800 2124 ut

2268 2164 2412 2234 quod
2449 2165 2612 2220 sumit
2640 2179 2706 2220 ex
2735 2163 2891 2230 Filio,
2925 2179 2994 2222 ne
3024 2166 3184 2221 etiam
3222 2181 3332 2222 non
3365 2163 3434 2222 de
3461 2163 3623 2222 Patris
3645 2177 3800 2220 sumere

2269 2251 2577 2326 videretur;
2603 2271 2725 2312 cum
2752 2259 2958 2326 omnia,
2987 2261 3106 2330 quae
3137 2257 3315 2316 Patris
3339 2265 3543 2326 essent,
3565 2269 3668 2314 esse
3688 2247 3798 2312 intel-

2269 2351 2569 2434 ligerentur
2593 2361 2648 2406 et
2674 2351 2817 2407 Filii.

2344 2441 2434 2500 74.
2475 2441 2574 2499 Cui
2601 2445 2868 2512 voluntas,
2900 2443 3126 2517 adeoque
3155 2437 3407 2511 scientia,
3446 2451 3558 2501 cum
3584 2439 3715 2500 Patre
3744 2459 3801 2498 nt-

2272 2537 2408 2594 dem.
2439 2539 2662 2594 —litcc
2710 2541 2873 2612 igitur
2917 2549 3110 2595 natura
3157 2555 3265 2596 non
3313 2542 3464 2610 eguit
3503 2539 3580 2595 vel
3618 2537 3800 2595 dentata-

2271 2635 2452 2701 tione,
2499 2633 2582 2689 vel
2627 2631 3081 2704 interrogatione,
3113 2633 3199 2690 vel
3245 2623 3605 2703 allocutione,
3643 2639 3690 2689 at
3721 2637 3800 2703 pust

2275 2727 2636 2797 ignorantiam
2667 2729 2825 2795 sciat,
2855 2735 2974 2799 post
3001 2727 3275 2785 silentium
3303 2729 3613 2800 interroget,
3639 2725 3796 2798 pastin-

2277 2821 2696 2892 terrogatio‘nem
2744 2819 2925 2877 audiat
2961 2840 2974 2877 :
3025 2822 3120 2877 sed
3153 2821 3396 2893 perfecta
3445 2823 3495 2878 in
3539 2823 3799 2876 sacramento

2275 2915 2498 2971 unitatis
2528 2929 2640 2971 sure
2671 2931 2926 2981 manens,
2961 2925 3017 2971 tit
3045 2901 3228 2971 habuit
3259 2897 3353 2973 de.
3373 2917 3482 2972 Ded
3510 2913 3800 2973 natiiilaleut,

2277 3009 2350 3067 ita
2383 3010 2569 3067 habuit
2595 3017 2645 3067 el
2673 3003 3106 3067 ttniversitaiettt.
3135 3009 3556 3068 Univet‘Sitatem
3577 3015 3721 3064 autent
3741 3003 3802 3059 li:-

2276 3097 2447 3171 bens,
2506 3113 2612 3159 non
2660 3103 2821 3160 ctiam
2875 3119 2982 3158 non
3030 3117 3150 3170 qua!
3197 3103 3566 3159 universitatis
3610 3093 3712 3156 sunt
3753 3105 3804 3168 te

2278 3197 2428 3261 nuit,
2461 3197 2528 3269 (i)
2555 3199 2836 3254 scientiam
2863 3197 3091 3263 scilicet,
3116 3201 3210 3251 aut
3235 3197 3568 3252 voluntatem
3593 3213 3604 3248 :
3633 3195 3687 3248 ite
3705 3187 3803 3262 quod

2277 3290 2380 3344 scit
2413 3287 2591 3354 Pater,
2643 3303 2740 3359 per
2785 3289 3261 3360 interrogationem
3295 3269 3462 3362 318
3491 3285 3642 3341 Filius
3667 3281 3802 3338 sciret:

2279 3385 2361 3438 vel
2393 3383 2533 3455 quod
2557 3383 2668 3438 vult
2691 3383 2866 3446 Pater,
2894 3400 2989 3454 per
3012 3377 3465 3451 signiﬁcationem
3493 3373 3644 3438 Filius
3675 3373 3804 3430 t'cli-t.

2279 3474 2386 3532 Sed
2417 3489 2537 3530 cum
2585 3475 2761 3530 omnia
2787 3517 2802 3542 ,
2835 3492 2954 3546 quae
2985 3473 3161 3531 Patris
3207 3475 3370 3541 sttltt,
3421 3481 3514 3532 'Stia
3559 3471 3738 3534 essent;
3773 3471 3804 3518 in

2280 3581 2342 3621 ea
2373 3566 2450 3642 (j)
2482 3565 2580 3622 fuit
2607 3569 2942 3639 proprietate
2970 3573 3197 3636 naturae,
3221 3573 3290 3622 ile
3314 3565 3458 3624 aliud
3482 3565 3806 3638 aiitjltiti,qtt.un

2283 3659 2464 3726 Putet;
2509 3667 2600 3715 aut
2647 3659 2840 3726 vellet,
2874 3669 2967 3716 aut
3008 3661 3192 3717 sciret.
3240 3661 3324 3717 Ad
3371 3659 3807 3718 dcttloitslralioticnl

2199 3341 2244 3405 C

2353 3819 2421 3888 (ε)
2466 3818 2626 3883 Ειιίῑῖι
2652 3821 3098 3895 atqueidipsum.
3134 3821 3210 3895 At
3231 3838 3374 3895 mss.
3391 3832 3538 3895 atque
3561 3823 3722 3895 ipsum,
3739 3832 3809 3870 non

2281 3889 2388 3945 alio
2419 3905 2624 3966 sensu:
2658 3889 2746 3962 qui
2779 3889 2977 3948 clarior
3015 3893 3135 3958 fiet,
3169 3893 3214 3948 si
3259 3891 3384 3966 post
3431 3889 3588 3963 etque
3618 3894 3750 3964 ipsum
3777 3903 3810 3939 se

2282 3977 2412 4028 esse,
2443 3961 2758 4034 suppleatur
2785 3980 2900 4034 quis
2925 3979 3020 4018 tua
3043 3975 3179 4020 sunt.

2357 4050 2426 4126 (ί)
2467 4053 2698 4126 Rursum
2739 4053 2829 4110 hic
2858 4056 3134 4126 Erasmus
3179 4057 3232 4112 in
3283 4058 3544 4114 liilariunt
3581 4052 3811 4126 censetiam

2285 4117 2798 4200 t'irkulatttiasatts,
2829 4125 2932 4182 Cur
2961 4129 3126 4200 fugis,
3163 4131 3371 4198 inquit,
3403 4117 3814 4200 communiouitauj

2286 4193 2439 4272 men?
2467 4195 2564 4272 cui
2615 4199 2702 4253 ille
2747 4213 2853 4254 non
2887 4193 3157 4272 immerito
3199 4193 3532 4272 respondeat
3558 4220 3570 4256 :
3597 4197 3694 4272 Cur
3725 4193 3812 4272 mild

2286 4269 2610 4342 calumniam
2652 4271 2857 4325 struis?
2885 4269 3000 4326 Non
3030 4271 3173 4342 fugio
3211 4266 3638 4329 commuttionem
3660 4266 3812 4342 simpli-

2289 4341 2443 4411 citer,
2483 4341 2578 4395 sed
2623 4343 3030 4398 communionem
3066 4340 3422 4411 detentorum,
3453 4340 3813 4400 Cunltttuttioucm

2290 4409 2639 4484 adventitiam
2671 4414 2933 4468 bonorum
2975 4417 3336 4484 quorumdam
3365 4409 3814 4476 eitternorutumur

2293 4495 2498 4558 natura:
2537 4483 2650 4554 jam
2697 4483 3008 4540 constituite
3057 4487 3406 4558 adjiciantur,
3455 4484 3814 4558 cttllillillliitlllt'lll

2293 4553 2525 4626 denique
2541 4553 2758 4612 natura:
2807 4563 3010 4614 unitate
3048 4553 3362 4616 deétitutam
3395 4580 3410 4614 :
3443 4557 3706 4616 recordare
3735 4567 3815 4606 mea

2289 4625 2472 4690 verba,
2507 4629 2595 4682 lib.
2628 4644 2702 4696 ιχ,
2735 4644 2788 4682 n.
2821 4629 2910 4684 51.

2208 4707 2262 4769 ῐ)
2288 4793 2299 4798 _
2362 4720 2438 4794 (9)
2479 4721 2570 4776 Sic
2597 4735 2728 4798 mss.
2755 4721 2827 4777 At
2847 4721 2998 4786 editi,
3030 4724 3154 4798 quia
3173 4723 3274 4780 Dei
3297 4725 3544 4798 Spiritus.
3569 4719 3672 4798 illa!
3693 4715 3816 4798 θνιίιξε

2287 4793 2572 4868 legeretur,
2590 4795 2716 4868 quia
2737 4809 2814 4868 etc
2830 4809 3002 4868 omnes
3031 4793 3126 4850 Dei
3149 4807 3287 4864 sunt,
3313 4793 3474 4868 quam
3497 4795 3678 4868 auiam
3694 4793 3817 4868 striata

2287 4859 2387 4917 Déi
2415 4877 2549 4918 sunt.
2588 4859 2700 4920 Hoc
2731 4865 2874 4920 enim
2903 4867 2970 4921 nd
3007 4859 3287 4924 creaturas
3315 4859 3565 4923 refertur.
3598 4864 3680 4920 llic
3703 4859 3816 4928 spiri-

2287 4947 2372 5061 [1:5
2395 4933 2612 5061 slanlctlts
2633 4939 2916 5008 pérspicue
2937 4939 3240 4994 ostenditur
3261 4941 3404 4996 Patri
3425 4953 3476 4996 et
3499 4938 3626 4994 Filio
3644 4927 3817 4990 con-ult-

2287 5022 2314 5061 ι
2339 5021 2406 5061 an
2435 5023 2484 5061 ta
2509 5023 2574 5061 ts.

2285 5021 2574 5062 Ilallllalls.

2257 5146 2260 5148 _
2357 5099 2438 5228 (hx
2479 5101 2698 5186 Excusi,
2733 5111 2965 5176 excepto
2995 5103 3148 5172 Puta,
3178 5107 3268 5161 seti
3293 5095 3432 5171 ideo,
3463 5107 3704 5178 expuncto
3729 5101 3815 5180 non,

2294 5183 2400 5228 udo
2466 5181 2642 5228 exstat
2681 5181 2732 5228 td
2776 5191 2907 5228 m_.s.
2955 5187 3182 5228 auorum
3234 5179 3549 5228 auctoritate
3589 5183 3720 5228 utox,
3753 5177 3815 5228 pro

2294 5177 2434 5244 quod
2466 5181 2642 5248 exstat
2681 5177 2732 5230 id
2760 5191 2907 5248 mss.
2955 5187 3182 5248 quorum
3234 5179 3549 5234 auctoritate
3574 5177 3818 5248 monii“?

2295 5233 2399 5316 ᾑυη
2428 5247 2578 5300 etiam
2604 5263 2704 5300 non
2733 5247 2796 5302 de
2851 5233 3027 5316 Patr'e,
3061 5233 3395 5304 restituimus
3427 5263 3487 5304 ne
3523 5245 3658 5302 etiam
3675 5233 3818 5316 non]?

2295 5311 2491 5372 Patris.
2525 5319 2724 5373 llnrum
2755 5321 2932 5375 autem
2961 5307 3153 5374 sensus
3183 5329 3303 5376 est:
3334 5321 3450 5376 Non
3487 5319 3600 5374 ideo
3629 5325 3728 5386 qua!

2295 5390 2394 5444 tris
2419 5399 2544 5444 sunt
2585 5387 2704 5447 Filii
2732 5397 2888 5457 sunt,
2929 5395 3081 5461 quasi
3111 5394 3294 5447 omnia
3321 5407 3414 5447 sua
3444 5391 3594 5446 Pater
3621 5377 3682 5439 ita
3713 5377 3818 5461 reluf

2296 5461 2435 5515 derit
2463 5463 2513 5515 in
2545 5461 2772 5526 Filium,
2819 5473 2872 5516 ιιι
2925 5459 3024 5519 sibi
3077 5479 3138 5519 ea
3187 5479 3290 5518 nou
3339 5463 3636 5522 rctinticl‘it;
3675 5467 3726 5509 ac
3764 5459 3818 5501 διε

2335 5532 2457 5656 ait);
2493 5535 2657 5589 sumit
2708 5533 2938 5606 Spiritus
2992 5539 3022 5590 a
3081 5535 3253 5606 Filio,
3306 5549 3414 5592 non
3468 5529 3674 5602 accipiat
3721 5527 3764 5578 et
3797 5531 3818 5570 ι

2340 5611 2474 5658 atre.

2464 5673 2520 5730 ltt
2545 5687 2674 5731 mss.
2707 5675 2824 5733 Val.
2864 5677 2981 5735 llas.
3007 5689 3061 5735 et
3089 5673 3332 5748 Martin.,
3357 5679 3414 5734 ut
3441 5673 3558 5734 Sciat
3580 5667 3742 5730 scilicet
3756 5667 3818 5715 aut

2293 5760 2622 5949 :‘dé'liéngdm
2644 5862 2658 5888 ’
2711 5819 2765 5876 5"
2818 5837 2877 5878 θα
2934 5821 3061 5880 esset
3102 5839 3122 5882 ,ο
3170 5823 3496 5897 Castigantur
3539 5833 3597 5877 et
3641 5805 3815 5886 potiori-
