3988 6332
133 375 233 432 3H

1366 364 1456 430 DE
1480 370 1857 432 TlilNl'l‘A'l‘E
1885 372 2089 432 LIBER
2117 376 2210 435 1X.

3329 392 3437 450 542

129 502 261 550 vero
288 489 582 547 nativitatis
609 487 929 561 plerumque
960 486 1353 546 demonstratio
1377 490 1462 547 est
1491 489 1730 547 adhibita
1756 482 1807 555 Α
1836 501 1965 549 sunt
2008 494 2302 553 secundum
2350 509 2537 554 aurem
2578 497 2910 558 intellexisse
2964 503 3176 562 nescire
3203 504 3432 573 Filium;

130 600 399 659 personae,
428 599 552 642 cum
577 582 774 641 dicitur
800 603 814 640 :
846 581 969 640 Non
990 584 1103 641 veni
1128 585 1443 641 voluntatem
1466 600 1629 642 meam
1648 590 1730 659 [a-

128 696 240 736 cere
258 721 274 750 ,
305 677 399 735 sed
425 677 737 733 voluntatem
763 678 876 753 éjus
898 676 989 749 qui
1016 692 1097 732 me
1119 678 1258 734 misit
1279 675 1462 750 (Joan.
1493 692 1548 735 vr
1565 722 1579 747 ,
1611 678 1728 750 38).

129 772 310 831 Patris
336 772 668 830 voluntatem
686 814 702 840 ,
742 787 853 828 non
883 785 1035 829 suam
1063 774 1190 830 taeit
1217 791 1232 828 :
1261 774 1387 830 dum
1415 788 1512 845 per
1539 773 1731 831 volun-

134 875 297 923 tatem
326 865 469 937 ejus,
497 866 586 937 qui
614 878 675 921 se
714 865 896 932 misit,
934 864 1201 936 signiﬁcat
1229 874 1284 922 et
1308 865 1733 935 Patrem..Quod

129 970 314 1016 autem
346 958 398 1014 id
433 959 607 1029 ipsum
632 958 802 1026 velit,
831 968 937 1014 non
966 957 1217 1029 ambigue
1241 958 1476 1015 ostendit
1496 958 1683 1015 dicens
1713 976 1729 1013 :

134 1052 318 1119 Pater,
348 1068 476 1123 quos
502 1051 628 1106 mihi
664 1050 886 1116 dedisti,
918 1050 1032 1107 uolo
1062 1061 1117 1105 ut
1155 1049 1239 1105 ubi
1270 1067 1361 1122 ego
1398 1067 1545 1118 sum,
1576 1060 1621 1107 et
1658 1051 1736 1107 illi

131 1148 236 1203 sint
261 1163 459 1203 mecum
482 1145 661 1220 (Joan.
691 1161 823 1214 xvn,
848 1144 966 1217 24).
987 1146 1122 1201 Cum
1150 1160 1280 1218 ergo
1296 1145 1458 1203 Pater
1486 1146 1612 1203 velit
1636 1162 1736 1204 nos

129 1257 255 1297 cum
281 1240 502 1297 Christo
523 1254 665 1306 esse,
695 1241 748 1295 in
774 1255 882 1311 quo
906 1239 1202 1296 secundum
1225 1239 1545 1310 Apostolum
1574 1242 1739 1312 elegit

131 1353 229 1393 nos
257 1345 386 1392 ante
409 1335 851 1391 constitutionem
883 1334 1089 1401 mundi,
1121 1344 1176 1389 et
1204 1333 1377 1406 ipsum
1414 1334 1541 1390 illud
1570 1334 1737 1391 Filius

134 1432 289 1496 velit,
312 1429 525 1487 scilicet
549 1444 673 1485 esse
702 1440 802 1485 nos
828 1442 1011 1485 secum
1046 1426 1264 1499 (Ephes.
1292 1443 1332 1495 ι,
1362 1426 1455 1501 4);
1489 1428 1739 1484 voluntas

131 1526 195 1582 ad
227 1528 483 1581 natniam
511 1521 702 1580 eadem
731 1533 842 1592 est,
877 1538 997 1596 qua:
1024 1523 1090 1578 ad
1122 1522 1418 1580 nativitatis
1462 1523 1737 1596 signitice-

133 1626 339 1679 tionem
358 1621 705 1694 distinguitur
725 1618 805 1695 (i)
827 1617 906 1694 ta)
935 1622 986 1676 in
1008 1616 1305 1676 voluntate.

201 1716 293 1772 75.
338 1713 474 1770 Eum
503 1730 604 1769 non
633 1714 959 1779 nescientem,
1005 1713 1096 1768 sed
1123 1729 1186 1769 ea:
1231 1712 1616 1786 dispensatione
1661 1722 1740 1769 ta-

132 1818 326 1865 centem
355 1807 717 1864 intellexerunt
756 1807 1012 1879 Apostoli.
1044 1836 1118 1849 —
1146 1807 1263 1864 Non
1309 1808 1491 1879 itaque
1531 1809 1742 1881 ignorat

1838 603 1960 644 cum
1988 587 2094 661 ipsi
2121 602 2245 646 eum
2274 597 2545 663 tamquam
2570 592 2835 651 scientem
2860 610 3051 653 rursus
3075 596 3434 671 interrogent.

1836 677 1944 736 Sed
1967 690 2368 738 sacramentum
2395 683 2694 755 nesciendi,
2723 686 3183 759 dispensationem
3201 705 3325 748 esse
3353 692 3437 747 in-

1836 771 2143 846 telligentes
2169 774 2330 849 317
2358 779 2602 847 tacendi,
2637 795 2779 836 nunc
2823 791 2945 852 post
2979 787 3437 842 resurrectionem

1835 866 2096 939 loquendi
2125 876 2338 941 tempus
2371 869 2482 941 jam
2522 870 2851 931 arbitrantes
2882 886 3037 945 esse,
3078 875 3437 951 interrogant.

1837 958 2018 1030 Atque
2062 959 2170 1017 illis
2203 959 2371 1017 Filius
2416 977 2521 1019 non
2548 962 2657 1035 jam
2685 979 2745 1021 se
2772 966 2984 1023 nescire
3024 968 3128 1037 ait;
3158 971 3253 1026 sed
3295 972 3440 1043 quod

1839 1052 1981 1108 scire
2006 1068 2114 1108 non
2157 1054 2230 1109 sit
2256 1068 2467 1122 eorum,
2505 1055 2579 1129 (e)
2610 1057 2732 1128 quia
2766 1057 2927 1115 Pater
2958 1059 3010 1115 in
3045 1071 3311 1131 potestate
3344 1082 3439 1121 sua

1840 1148 2100 1218 posuerit.
2135 1144 2193 1203 Si
2236 1148 2417 1220 itaque
2445 1142 2695 1220 Apostoli
2725 1150 2860 1221 hoc,
2888 1155 3031 1225 quod
3061 1159 3233 1213 nescit
3271 1159 3442 1217 Filius

1839 1240 2006 1309 diem,
2038 1240 2499 1312 diSpensationem
2520 1258 2642 1304 esse
2669 1244 2991 1317 intelligunt,
3024 1264 3130 1305 non
3160 1251 3443 1308 inﬁrmita-

1841 1341 1984 1401 tem;
2014 1349 2114 1389 nos
2135 1333 2330 1390 Filium
2360 1336 2430 1391 ob
2454 1336 2506 1391 id
2540 1347 2745 1393 tantum
2780 1339 2922 1395 diem
2953 1338 3184 1399 dicimus
3211 1346 3443 1412 nescire,
3539 1324 3545 1331 ’

1843 1442 1911 1482 ne
1938 1425 2082 1482 Deus
2108 1425 2216 1481 sit?
2235 1442 2369 1482 .cutn
2398 1426 2539 1484 diem
2578 1428 2739 1485 Pater
2769 1429 2910 1486 Deus
2938 1431 3145 1490 idcirco
3174 1435 3227 1490 itt
3260 1446 3442 1508 putes-

1846 1528 1953 1576 tate
1985 1534 2080 1576 sua
2104 1522 2365 1592 posuerit,
2402 1538 2468 1578 ne
2495 1521 2563 1577 ad
2592 1523 2873 1579 scientiam
2906 1523 3158 1583 humanae
3183 1530 3448 1600 cognitio-

1843 1612 1929 1670 nis
1958 1614 2214 1671 evaderet
2243 1633 2255 1668 :
2289 1627 2342 1671 et
2371 1615 2541 1673 Filius
2570 1628 2696 1673 ante
2734 1617 3122 1692 interrogatus,
3149 1622 3361 1679 nescire
3387 1639 3447 1679 se

1844 1706 2032 1764 dicens
2061 1724 2204 1764 nunc
2231 1724 2443 1766 rursum
2471 1728 2579 1767 non
2608 1726 2668 1768 se
2710 1713 2920 1769 nescire
2961 1714 3317 1785 respondeat,
3348 1716 3447 1773 sed

1845 1817 2031 1858 eorum
2062 1817 2183 1859 esse
2223 1804 2462 1874 nescire;
2509 1804 2727 1862 Patrem
2775 1822 2906 1863 vero
2950 1819 3192 1881 tempora
3239 1827 3345 1866 non
3393 1813 3449 1868 in

134 1903 341 1971 Filius,
383 1901 527 1975 quod
571 1916 679 1957 non
727 1901 939 1973 ignorat
988 1902 1176 1969 Pater;
1210 1908 1386 1973 neque
1416 1903 1541 1973 quia
1589 1902 1737 1960 solus
1764 1914 1815 1976 Β
1845 1896 2066 1956 scientia
2113 1914 2245 1967 sua,
2292 1900 2389 1956 sed
2433 1902 2487 1957 in
2518 1911 2783 1972 potestate
2828 1902 3114 1974 posuisse?
3161 1904 3292 1962 Nam
3323 1923 3446 1963 cum

132 1995 294 2053 Pater
327 1996 459 2063 scit;
487 1994 691 2052 idcirco
729 1995 900 2051 nescit
931 2001 989 2051 et
1017 1993 1184 2051 Filius
1216 2013 1232 2051 :
1272 2002 1394 2051 cttm
1438 1996 1489 2051 in
1532 1996 1736 2054 unitate

137 2099 344 2148 natura
394 2089 555 2146 Pater
597 2087 857 2163 eLFilius
897 2100 1185 2155 maneant;
1236 2089 1380 2161 quod
1417 2096 1597 2146 autem
1645 2090 1737 2147 Fi-

138 2183 245 2238 lius
287 2182 522 2251 nesciat,
573 2180 627 2236 in
661 2196 771 2253 quo
822 2186 1012 2238 omnes
1064 2179 1300 2237 thesauri
1354 2181 1633 2253 sapientiae
1682 2193 1738 2240 et

140 2275 378 2332 scientia:
428 2275 732 2331 absconditi
782 2276 925 2343 sint,
979 2274 1189 2332 tacendi
1233 2275 1568 2346 diSpensa‘tio
1609 2274 1681 2333 sit
1721 2294 1737 2334 :

135 2369 270 2423 sicut
307 2366 425 2438 ipse
467 2367 730 2424 Dominus
777 2376 1005 2424 testatus
1047 2375 1167 2436 est,
1203 2372 1325 2422 cuni
1371 2367 1737 2438 quaerentibus

134 2462 409 2532 Apostolis
433 2460 503 2519 de
533 2462 869 2533 temporibus
894 2461 1174 2535 respondit
1201 2478 1222 2517 :
1254 2460 1376 2518 Non
1399 2460 1472 2518 εει
1512 2466 1737 2518 uestrum

132 2556 262 2610 scire
300 2565 534 2627 tetupora
571 2554 650 2629 (Ξ)
683 2553 761 2629 (ὁ)
795 2555 873 2612 uel
910 2560 1194 2624 momenta,
1237 2558 1351 2627 qute'
1383 2554 1549 2622 Pater
1572 2557 1738 2628 posuit
1785 2588 1791 2593 -

133 2649 184 2703 in
230 2664 334 2705 sua
384 2644 635 2719 potestate
661 2648 683 2723 (
706 2649 817 2705 Act.
845 2662 864 2706 t
889 2692 904 2719 ,
938 2650 1017 2722 7).
1050 2647 1297 2720 Cognitio
1339 2652 1565 2721 negatur
1597 2667 1611 2705 :
1646 2666 1741 2707 ne-

134 2750 237 2813 que
289 2740 471 2797 stilum
523 2752 768 2813 negatur,
822 2742 917 2799 sed
965 2744 1022 2799 et
1063 2740 1367 2799 sollicitudo
1414 2736 1739 2816 cognitionis

135 2833 435 2902 inhibetur;
467 2846 590 2891 cum
631 2837 772 2893 scire
801 2836 915 2891 haec
961 2840 1200 2909 tempora
1244 2832 1350 2893 nbn
1395 2842 1479 2894 est
1525 2842 1736 2897 eorum.

138 2926 241 2998 Ipsi
293 2926 447 2985 certe
494 2942 639 2986 nunc
689 2938 811 3001 post
867 2932 1317 2988 resurrectionem
1369 2931 1438 2988 de
1484 2934 1742 3006 tempori-

138 3021 235 3077 bus
291 3021 661 3095 interrogant,
714 3024 909 3096 quibus
964 3026 1093 3080 ante
1149 3024 1603 3096 interrogantibus
1656 3013 1741 3082 di-

136 3127 284 3172 ctum
314 3123 436 3186 est,
468 3124 537 3174 ne
576 3116 773 3175 Filium
812 3117 1032 3191 quidem
1069 3118 1212 3175 scire
1242 3136 1256 3174 :
1288 3133 1390 3175 nec
1419 3118 1589 3177 videri
1618 3134 1742 3194 pos-

204 3256 297 3386 (ἒ)
334 3232 652 3343 luculente.

206 3335 225 3403 (
273 3334 299 3403 )
335 3323 458 3386 Non
488 3338 652 3386 exstat

335 3323 458 3386 Non
488 3330 667 3386 exStat
693 3316 773 3386 uel
799 3337 1059 3387 momenta
1087 3329 1141 3386 in
1164 3336 1350 3387 nostro
1376 3331 1588 3390 codice.

206 3491 288 3567 (ᾳ)
319 3491 405 3548 lta
429 3493 641 3567 optime
658 3502 807 3567 notae
825 3508 959 3567 mss.
985 3492 1093 3567 duo
1118 3491 1300 3561 Colh.,
1322 3490 1510 3567 Carn.,
1534 3491 1745 3564 Germ.,

138 3563 418 3629 Scibam;
448 3563 583 3621 Vict.
615 3564 918 3621 faventibus
952 3565 1073 3621 aliis
1100 3580 1194 3621 sex
1215 3606 1230 3633 ,
1261 3567 1312 3620 in
1348 3564 1541 3636 quibus
1566 3563 1748 3623 tamen

141 3639 284 3698 male
311 3646 513 3701 exstat,
543 3652 647 3693 non
672 3638 1005 3709 distinguitur
1023 3641 1077 3691 in
1102 3640 1376 3692 voluntate.
1406 3640 1474 3692 At
1495 3638 1659 3694 Corb.
1684 3653 1749 3695 ac

141 3710 300 3795 pauci
333 3709 429 3766 alii
456 3728 576 3767 cum
608 3712 869 3784 vulgatis,
899 3715 955 3769 in
989 3714 1199 3795 uolente.
1240 3718 1572 3795 Quamquam
1600 3718 1753 3791 salvo

141 3791 193 3845 'et
227 3791 452 3861 integro
487 3805 647 3847 sensu
681 3807 964 3849 removere
992 3792 1183 3849 liceret
1216 3791 1331 3849 sive
1371 3792 1425 3847 in
1458 3793 1748 3862 voluntate,

141 3864 253 3919 sive
275 3863 340 3917 iit
368 3863 583 3917 uolente.

212 3934 292 4007 (ὁ)
339 3934 391 3990 Δ
416 3949 545 3991 mss.
576 3945 889 3993 constanter
917 3935 1069 3991 abest
1093 3935 1171 3991 uel
1199 3946 1454 3990 momenta
1475 3979 1488 3999 ,
1521 3937 1659 3993 sicut
1695 3940 1752 3995 et

142 4007 286 4082 apud
318 4010 679 4082 Augustinum
710 4010 870 4077 epist.
903 4024 1093 4082 cxcvrt
1116 4020 1169 4064 et
1192 4022 1367 4082 exetx
1393 4008 1463 4063 ad
1488 4008 1748 4082 llesych.,-

143 4076 487 4152 qttiquidetu
519 4080 675 4150 epist.
719 4076 943 4152 CXCVII,
971 4098 1025 4134 ιι.
1066 4076 1121 4141 2,
1154 4079 1406 4135 observat
1439 4076 1615 4151 graece
1645 4081 1750 4152 legi

146 4146 440 4229 iptioth
480 4146 686 4229 xaipodg
716 4169 729 4207 :
765 4146 948 4229 Nostri
986 4161 1184 4216 autent,
1230 4146 1751 4229 inquitfutruntque

145 4221 240 4277 nec
266 4221 495 4296 verbum,
516 4221 743 4296 te'ntpora
766 4223 1058 4296 appellant,
1091 4238 1207 4277 cum
1237 4223 1451 4278 habeant
1481 4224 1591 4278 [nec
1617 4221 1753 4280 inter

145 4312 197 4374 se
216 4294 1102 4374 non‘mgligmdam_diﬁ'erentiam,
1128 4297 1340 4374 stertpot't:
1360 4296 1549 4365 quippe
1573 4298 1753 4374 appel-t

146 4367 257 4421 lant
310 4367 542 4438 tempora
569 4383 683 4438 qua:
716 4368 770 4423 in
808 4367 954 4422 rebus
993 4368 1061 4421 ad
1100 4367 1298 4437 aliquid
1333 4368 1634 4436 opportunis
1680 4369 1756 4425 vel

146 4433 465 4516 impoflitnis
490 4433 790 4505 seminatur,
817 4451 873 4493 ut
898 4438 1097 4516 messis,
1124 4433 1247 4516 pax,
1281 4433 1505 4506 bellum;
1534 4440 1757 4516 χρόνους

146 4520 326 4585 anteiri
348 4510 464 4581 ipsa
480 4523 771 4585 temporum
791 4513 976 4585 spatia.
1003 4511 1303 4585 Hesychius
1327 4520 1503 4566 tamen
1528 4510 1755 4585 epismla

147 4584 295 4652 apud
331 4583 580 4639 eumdem
606 4583 964 4653 Augustinum
995 4585 1264 4654 praedictis
1289 4584 1607 4639 intermedia
1631 4587 1759 4655 legit

147 4664 391 4729 tempora
430 4655 510 4729 uel
546 4667 853 4729 momenta;
879 4655 1369 4729 quant‘lectionem
1404 4656 1605 4712 Hilario
1648 4674 1755 4714 non

148 4724 398 4798 igttéitam
424 4724 590 4784 fuisse
616 4730 788 4797 palam
823 4724 964 4784 filex
990 4724 1266 4798 subjectis.

219 4798 309 4873 (ο)
342 4797 435 4873 Sic
457 4812 588 4873 mss.
617 4800 688 4855 At
708 4801 860 4867 editi,
887 4815 999 4871 qua:
1022 4797 1195 4856 Pater.

218 4870 318 4945 (et)
343 4870 476 4945 Male
500 4872 737 4930 cohaeret
762 4870 1019 4929 illnd'non
1045 4889 1196 4944 ergo:
1224 4884 1348 4945 cum
1369 4873 1511 4929 aliud
1541 4888 1760 4941 prorsus

145 4943 531 5018 concludatur,
561 4946 805 5018 quamjin
833 4943 1203 5018 superioribus
1230 4943 1391 5018 fuerit
1426 4945 1755 5004 conlectum.

145 5015 263 5071 lmo
341 5010 593 5087 pugnare
655 5010 868 5073 videtur
900 5010 1056 5072 'ln-c
1101 5017 1375 5087 conclusio
1423 5033 1545 5073 cum
1602 5019 1758 5076 dictis

150 5098 317 5144 num.
341 5078 455 5152 38',
487 5086 575 5144 ubi
608 5088 843 5147 Hilarius
871 5089 1013 5143 diem
1043 5087 1192 5144 illum
1217 5104 1244 5141 ιι
1269 5078 1486 5143 Christo
1526 5090 1757 5152 ignorari

152 5174 324 5231 posse
364 5162 562 5231 negat,
607 5180 715 5219 non
746 5161 919 5217 solum
950 5159 1071 5228 quia
1101 5169 1401 5230 temporum
1443 5159 1632 5216 auclor
1673 5166 1759 5220 est

152 5245 211 5290 ut
236 5235 479 5307 Verbum
507 5271 524 5299 ,
556 5237 652 5293 sed
689 5233 811 5307 quia
841 5233 1135 5307 secundum
1166 5235 1480 5307 mysterium
1511 5248 1758 5307 assump-

154 5316 223 5361 tae
254 5306 443 5375 carnis
471 5311 539 5366 ad
572 5304 985 5379 enm'pertinct,
1017 5314 1073 5359 et
1105 5304 1272 5373 ipsius
1299 5304 1412 5359 dies
1440 5314 1545 5379 cst,
1574 5306 1622 5360 in
1655 5323 1762 5377 qua

151 5368 424 5436 venturus
459 5390 545 5439 est
591 5368 834 5448 indicare
881 5368 1030 5429 vivos
1075 5368 1137 5430 et'
1177 5386 1438 5448 mortuos.
1496 5368 1761 5444 Quocirca

152 5453 443 5508 minutiori
489 5447 806 5511 charactere
853 5447 1229 5518 distinguenda
1277 5448 1586 5503 censuimus
1641 5462 1762 5519 quae

154 5534 463 5595 sequuntur
486 5566 503 5594 ,
531 5525 765 5582 maxime
783 5538 905 5580 cum
937 5534 1045 5595 non
1067 5528 1281 5595 exstent
1305 5519 1516 5595 in_mss.
1542 5519 1763 5595 Optima

155 5591 314 5653 nota:
342 5591 684 5655 Cnlbertinus
713 5598 883 5654 tribus
902 5591 1268 5667 ,_Carnutensi
1293 5633 1315 5667 ,_
1337 5591 1522 5667 Germ.
1554 5603 1609 5648 et
1630 5594 1761 5649 Sor-

160 5668 299 5722 bon.
359 5668 434 5725 Ea
481 5681 663 5727 tamen
718 5685 817 5726 suo
863 5664 1041 5720 eloco
1071 5678 1178 5716 non
1209 5663 1474 5719 movimus
1506 5680 1763 5733 prorsus;

159 5739 294 5811 quin
323 5744 376 5795 et
402 5744 455 5799 in
483 5740 805 5813 perantiqno
834 5734 1022 5813 codice
1051 5734 1285 5813 basilica:
1309 5733 1602 5813 Vaticante,
1628 5734 1774 5813 Mar-

167 5804 389 5871 tiniano
413 5857 427 5880 ,
475 5804 795 5871 Corbeiensi
817 5855 832 5877 ,
873 5810 1123 5880 aliisque
1144 5804 1446 5880 habentur,
1472 5818 1527 5880 et
1554 5808 1623 5864 ab
1657 5809 1776 5864 aliis

166 5888 369 5947 Hltarii
414 5878 597 5945 verbis
644 5903 739 5958 per
787 5900 848 5958 se
878 5886 1005 5936 sunt
1028 5878 1158 5933 satis
1194 5878 1449 5958 discreta.
1479 5878 1557 5958 Si
1601 5880 1781 5958 simile

165 5964 309 6035 quid
356 5961 446 6023 lib.
479 5977 536 6036 x,
563 5978 620 6020 ιι.
645 5950 711 6033 ’8,
743 5957 1031 6024 baberent,
1060 5950 1456 6023 suspicarcmur
1475 5952 1777 6026 librarium,

1770 3260 1821 3324 ὓ

1842 1993 1957 2050 dies
1989 2002 2045 2049 et
2070 2003 2407 2049 momentum
2447 1995 2586 2049 intra
2632 2006 2936 2066 temporum
2978 2013 3176 2055 nomen
3206 2001 3309 2069 sit;
3338 2017 3448 2056 non

1841 2094 2022 2160 potest
2050 2087 2217 2143 videri
2245 2074 2410 2162 318
2433 2088 2574 2144 diem
2601 2098 2657 2146 et
2680 2100 3016 2149 momentum
3043 2093 3361 2152 restituendi
3393 2098 3449 2152 in

1843 2197 2065 2254 regnum
2098 2181 2264 2245 lsracl
2280 2186 2396 2254 ipse
2418 2184 2530 2253 ille,
2545 2186 2637 2269 qui
2660 2187 3008 2244 restituturus
3026 2204 3151 2246 eum
3171 2200 3277 2257 est,
3293 2190 3447 2263 igno-

1843 2292 1984 2335 rare.
2019 2277 2126 2336 Sed
2160 2294 2259 2335 nos
2299 2278 2367 2335 ad
2413 2279 2823 2353 intelligentiam
2868 2286 3163 2344 nativitatis
3200 2303 3315 2344 sua:
3355 2305 3453 2357 per

1845 2376 2217 2445 exceptionem
2260 2382 2499 2446 paternae
2539 2378 2822 2450 potestatis
2856 2378 3148 2449 erudiens,
3177 2397 3352 2454 neque
3390 2398 3452 2439 se

1845 2467 2058 2525 nescire
2101 2468 2384 2540 respondit
2412 2487 2427 2524 :
2459 2477 2514 2526 et
2553 2469 2867 2528 facultatem
2912 2472 3049 2544 ipsis
3074 2474 3317 2531 scientiae
3342 2492 3452 2532 non

1849 2576 2164 2619 concessam
2187 2578 2309 2619 esse
2328 2556 2733 2633 demonstrans,
2751 2564 2803 2622 id
2828 2564 3083 2639 ipsumin
3110 2578 3453 2626 sacramento

1849 2664 2087 2727 paternae
2118 2654 2398 2726 potestatis
2425 2657 2723 2714 consistere
2752 2666 2836 2714 est
2863 2657 3161 2729 professus.

1922 2751 2000 2824 (3)
2030 2748 2108 2825 (ά)
2137 2750 2252 2808 Non
2282 2766 2433 2824 ergo,
2464 2752 2589 2824 quia
2619 2754 2831 2810 nescire
2859 2768 2919 2811 se
2947 2753 3092 2811 diem
3116 2764 3172 2812 et
3199 2770 3450 2815 momen-

1851 2852 1964 2901 tum
1995 2844 2160 2900 Filius
2186 2842 2336 2911 dicit,
2372 2845 2588 2901 nescire
2620 2846 2927 2903 credendus
2953 2859 3058 2917 est,
3089 2848 3247 2907 sicuti
3273 2863 3451 2921 neque

1848 2951 1971 2993 cum
2000 2937 2295 2993 secundum
2323 2935 2596 2993 hominem
2637 2934 2732 2993 aut
2770 2937 2865 2996 llet
2888 2982 2904 3007 ,
2952 2950 3052 2996 aut
3088 2940 3329 3011 dormit,
3359 2950 3455 3000 aut

1852 3014 2021 3085 tristis
2049 3038 2152 3095 cst,
2186 3028 2332 3085 Deus
2358 3029 2625 3085 obnoxius
2653 3045 2773 3088 esse
2802 3042 2896 3088 aut
2922 3033 3179 3108 lacrymis
3197 3076 3214 3104 ,
3259 3033 3330 3109 (e)
3361 3043 3455 3092 aut

1852 3123 2051 3190 timori,
2079 3132 2170 3178 aut
2197 3137 2391 3179 somno
2420 3116 2504 3180 est
2531 3124 2907 3183 conﬁtendus:
2947 3128 3043 3185 sed
3072 3130 3222 3201 salva
3252 3127 3453 3202 linige-

1921 3260 2002 3335 (ὃ)
2031 3260 2165 3328 Quae
2188 3259 2596 3335 subsequuntur
2624 3274 2799 3335 usque
2817 3260 3117 3335 adﬁnem,
3158 3258 3453 3335 perspiCue

1854 3331 2176 3391 exhibentur
2196 3348 2226 3387 a
2243 3333 2608 3389 vetustissimo
2623 3331 2884 3393 Ecclesiae
2895 3331 3222 3392 Veronensis
3241 3331 3454 3395 codice.

1855 3507 2017 3567 quem
2062 3491 2117 3548 in
2166 3488 2654 3567 prtedictocodice
2694 3492 2868 3548 sancti
2911 3490 3057 3567 Petri
3092 3498 3451 3559 exscribenda

1857 3564 2049 3637 magna
2078 3564 2231 3637 usum
2279 3576 2401 3637 esse
2444 3564 2660 3619 licentia
2710 3574 2965 3632 constat,
3016 3566 3131 3622 haec
3174 3573 3339 3627 verba
3382 3575 3451 3632 ad

1856 3635 2169 3699 Graecorum
2196 3635 2553 3692 imitationem
2575 3650 2831 3706 expressa
2855 3636 3147 3695 addidisse.
3176 3643 3322 3699 Sane
3343 3658 3450 3703 non

1856 3716 2019 3787 longe
2046 3712 2116 3768 ab
2143 3712 2224 3768 eis
2251 3708 2519 3767 dissident
2548 3711 2667 3765 lucc
2689 3708 2880 3781 Cyrilli
2908 3711 3005 3768 lib.
3035 3711 3298 3789 Thesauri
3327 3733 3446 3789 pag.

1857 3796 1957 3851 2‘2l
1990 3813 2003 3849 :
2059 3793 2504 3860 Quemadmodum
2548 3791 2644 3847 hoc
2683 3789 2738 3842 in
2774 3807 2828 3844 se
2864 3791 3055 3860 recepit
3093 3787 3366 3857 Christus,
3390 3787 3447 3846 ut

1859 3868 2011 3923 homo
2041 3870 2209 3941 [actus
2240 3883 2344 3920 una
2369 3882 2485 3920 cum
2515 3863 2806 3941 hominibus
2828 3862 3067 3929 esuriret,
3098 3861 3301 3941 sitiret,
3326 3861 3450 3941 reli-

1853 3933 2053 4012 quaque
2079 3948 2356 4010 pateretur,
2386 3952 2503 4012 quae
2523 3936 2586 3989 de
2613 3936 2886 4012 ipso_dt'et_a
2912 3943 3072 4012 sunt;
3099 3934 3279 4012 eadem
3300 3933 3454 4000 plane

1852 4004 2055 4085 ratione
2080 4004 2298 4085 nonest
2320 4004 2458 4085 quod
2496 4004 2648 4078 quem
2686 4005 2914 4085 offendat
2938 4005 3058 4085 ,nsi.
3085 4016 3138 4059 ut
3167 4004 3321 4085 homo
3345 4020 3454 4085 una

1855 4100 1972 4143 eum
2012 4080 2300 4154 hominibus
2335 4076 2617 4154 ignorasse
2670 4079 2891 4154 dicatur.
2945 4076 3151 4154 Eadem
3204 4076 3451 4151 doctrina

1856 4152 1983 4212 licet
2030 4154 2098 4208 ab
2130 4146 2424 4208 Athanasio
2472 4161 2675 4205 asserta
2717 4146 2964 4203 videatur
3000 4146 3094 4204 Or.
3151 4162 3203 4203 tv
3260 4146 3448 4202 contra

1858 4228 1978 4293 Ar.,
2013 4242 2064 4296 p.
2113 4224 2221 4280 494
2246 4231 2302 4280 et
2326 4223 2453 4289 495,
2485 4236 2663 4296 neque
2677 4219 2941 4296 Gregorio
2961 4218 3116 4296 Nam,
3141 4217 3245 4296 Or.
3261 4230 3447 4296 xxxvi,

1859 4315 1916 4353 n.
1949 4291 2038 4365 62',
2067 4297 2301 4367 aliisque
2331 4295 2539 4365 magnis
2569 4291 2706 4367 viris
2725 4292 3065 4367 displicuisse
3087 4307 3125 4367 ;_
3153 4305 3186 4345 a
3226 4291 3457 4367 Leporio

1862 4361 2042 4425 tamen
2066 4371 2119 4424 in
2143 4361 2342 4433 libello,
2371 4361 2458 4422 cui
2479 4382 2601 4421 cum
2622 4364 2741 4420 aliis
2761 4365 3080 4434 subscripsit
3100 4361 3452 4435 Augustinus,

1860 4451 1992 4496 tom.
2050 4458 2090 4497 ll
2143 4441 2375 4504 ConciL,
2411 4454 2518 4494 non
2547 4436 2708 4491 modo
2738 4445 3025 4491 retractata
3055 4476 3072 4502 ,
3115 4437 3212 4492 sed
3239 4444 3295 4490 et
3320 4449 3455 4489 ana-

1862 4510 2100 4569 themate
2125 4513 2376 4567 damnata
2403 4516 2524 4567 est:
2570 4509 2690 4579 quia
2728 4506 2831 4561 dici
2862 4522 2963 4561 non
2991 4507 3105 4563 licet
3131 4549 3147 4575 ,
3179 4508 3334 4561 etiam
3376 4510 3458 4561 se:

1860 4586 2086 4640 cundum
2122 4585 2381 4640 hominem
2406 4624 2421 4650 ,
2463 4586 2725 4657 ignorasse
2745 4579 3031 4657 ﬂaminum
3062 4579 3451 4657 prophetarum.

1862 4659 1974 4714 imo
2020 4658 2253 4731 Cyrillus
2274 4699 2303 4731 ,ν
2332 4652 2680 4731 Athanasius,
2709 4652 2909 4722 aliique
2936 4652 3149 4719 Patres,
3193 4652 3239 4707 si
3267 4665 3456 4731 eo‘rum

1783 4754 1836 4815 D
1863 4718 2126 4815 sententia
2160 4718 2378 4815 propius
2405 4718 2875 4810 inspiciatttr,”non
2899 4733 3010 4815 tam
3033 4731 3283 4815 asserunt
3309 4718 3459 4792 Chri-

1866 4813 2006 4858 stum
2028 4813 2084 4857 ut
2106 4794 2377 4876 hominem
2398 4794 2867 4876 revera_tteSt_-iis_se
2893 4795 3033 4876 diem
3057 4794 3456 4876 judiciihquarn

1866 4876 1967 4945 ipsi
1999 4884 2054 4931 ut
2082 4873 2283 4929 homini
2314 4873 2529 4928 licuisse
2560 4870 2817 4949 singulari
2848 4864 3080 4939 quodam
3109 4865 3343 4949 consilio
3376 4864 3461 4948 di-

1864 4942 1990 5004 cere
2013 4962 2074 5003 se
2101 4950 2351 5010 nescire;
2381 4960 2554 5015 neque
2583 4942 2652 4998 ab
2675 4942 2909 5015 humana
2943 4951 3164 5015 natura,
3192 4942 3345 5008 cujus
3368 4942 3459 4992 in-

1864 5020 2147 5074 ﬁrmitates
2174 5015 2433 5086 suscepit,
2463 5012 2697 5086 alienam
2720 5027 2841 5069 esse
2869 5012 3225 5086 ignorantiam
3253 5026 3266 5063 :
3298 5022 3463 5078 quam

1864 5107 1973 5161 pm:
1999 5105 2058 5146 se
2086 5082 2507 5161 quodnmjnodp
2542 5085 2760 5161 tulerit,
2809 5091 2867 5138 ttt
2904 5082 3062 5161 nobis
3111 5090 3457 5161 congrueret.

1861 5154 2037 5229 Atque
2067 5154 2137 5215 ita
2163 5176 2285 5216 cutn
2317 5157 2523 5215 Hilario
2550 5158 2755 5218 nostro.
2780 5154 3061 5229 num.66,
3096 5154 3464 5229 potiuslacere

1864 5225 2116 5290 videntur
2140 5273 2153 5297 ,
2205 5248 2365 5301 quam
2392 5247 2513 5285 cum
2548 5229 2612 5284 iis
2640 5270 2654 5295 ,
2697 5228 2789 5299 qui
2819 5225 3122 5301 Justiniano
3162 5225 3464 5301 imperante

1866 5293 2149 5363 Christum
2169 5293 2528 5376 ut'itominctn
2554 5293 2831 5376 ign-qt'asse
2860 5293 3264 5376 defendebant,
3313 5305 3366 5349 et
3391 5293 3463 5376 ab

1866 5360 2087 5433 auclore
2117 5393 2215 5431 suo
2237 5360 2603 5441 Tltemistt'uni:
2626 5360 2693 5447 ait
2718 5387 2905 5447 egure
2931 5371 3167 5447 {ignaua}
3188 5363 3466 5447 cognomi-

1869 5447 1980 5504 nati
2009 5456 2172 5504 sttnt:
2225 5459 2410 5502 eontra
2458 5439 2593 5515 quos
2643 5444 2699 5500 S.
2752 5439 3467 5515 Eulogii'Comtttentttritttn

1867 5522 2130 5594 approbat
2156 5518 2451 5590 Gregorius
2476 5508 2620 5594 Papa
2648 5516 2705 5594 l_,
2740 5515 2835 5569 lib.
2869 5508 2967 5594 vin
2988 5510 3189 5594 ,"epist.
3222 5508 3313 5593 t2:
3345 5509 3470 5594 ,βι-

1871 5581 1982 5648 sitit
2007 5608 2222 5663 quoque
2250 5581 2385 5661 o'pus
2416 5581 2689 5661 Agobardi
2715 5596 2903 5641 contra
2925 5581 3183 5648 Felicem,
3213 5581 3305 5663 qui
3325 5581 3471 5663 diem

1879 5653 2065 5735 iudicii
2090 5705 2104 5729 ,
2137 5653 2324 5719 Lazari
2369 5653 2711 5735 sepulcrum,
2744 5670 3026 5735 sermpnes
3056 5653 3387 5735 pergepti‘um
3416 5653 3471 5708 in

1885 5724 2314 5802 Eltllilttlls,elc.,
2346 5724 2799 5791 Citristolatuisse
2826 5724 3341 5783 cximimabaLVide
3382 5736 3474 5780 no-

1886 5818 1993 5883 tata
2015 5807 2089 5883 ad
2112 5809 2206 5865 lib.
2235 5822 2289 5883 Σ,
2320 5806 2455 5883 tt.__8.
2517 5876 2530 5883 _
2746 5874 2791 5883 __
2885 5871 2898 5883 ,
3290 5870 3321 5883 _.

1960 5880 2032 5953 (e)
2065 5883 2122 5938 in
2148 5882 2335 5938 codice
2366 5877 2483 5936 Vat.
2517 5876 2634 5933 bas.
2656 5883 2712 5933 et
2746 5874 2985 5941 Marum,
3034 5884 3123 5929 aut
3171 5874 3341 5938 morti,
3370 5882 3479 5925 non

1886 5969 1971 6009 (iul
1999 5964 2190 6011 umori.
