3988 6332
520 263 630 322 515

1710 263 1960 319 ςλδοτι
2000 262 2156 319 1111ιὸ

2313 262 2420 319 ιςῐιι
2435 261 2617 320 sCOPI
3691 274 3771 330 εει

525 381 624 436 niti
654 381 707 436 in
737 395 796 436 se
846 380 1073 435 veritate
1097 422 1112 448 ,
1161 377 1457 435 secundum
1488 378 1670 433 carnis
1716 378 2083 434 infirmitatem
2108 420 2123 444 ,
2154 382 2207 441 Α
2303 391 2349 434 et
2374 380 2593 452 angelici
2619 382 3192 455 tuinisteriiexpendens
3211 403 3417 456 causas,
3440 405 3551 443 eum
3568 406 3659 444 non
3677 390 3769 455 sibi,

525 474 735 545 ﬂetum,
768 490 1042 543 somnum,
1070 474 1328 542 inediam,
1357 475 1500 530 sitim
1523 518 1536 543 ,
1568 475 1941 531 lassitudinem
1962 516 1977 542 ,
2009 490 2123 530 me-

529 581 640 625 tunt
663 610 680 637 ,
731 570 846 639 pari
887 582 1111 624 necesse
1141 577 1223 623 est
1260 567 1558 624 secundum
1595 567 1868 622 hominem
1896 579 2085 622 natura
2109 607 2125 631 ,

529 661 635 719 diei
651 672 810 733 atque
822 660 971 716 hora:
988 660 1255 732 professus
1274 676 1397 717 esse
1420 660 1749 731 intelligatur
1771 659 2126 717 inscientiam.

845 801 1207 876 319.320
1255 801 1458 857 LIBER
1496 799 1811 859 DECIMUS.

533 940 695 997 Totus
719 950 791 997 est
822 939 1069 997 adversus
1098 958 1203 1008 eos,
1233 942 1321 1014 qui
1348 941 1548 997 nullant
1587 942 1640 996 iu
1669 939 1877 996 Cltristo
1913 943 2134 998 volentes

603 1052 711 1091 esse
749 1035 1083 1091 substantiam
1113 1077 1128 1102 ,
1183 1053 1298 1108 qua:
1335 1054 1438 1092 non
1486 1037 1540 1091 in
1600 1038 1837 1111 passione
1888 1039 2135 1104 doluerit,

604 1129 800 1183 nullam
843 1143 957 1198 qua:
996 1129 1058 1183 ab
1088 1133 1253 1184 esurie
1275 1171 1289 1192 ,
1319 1130 1406 1184 siti
1431 1170 1446 1194 ,
1475 1129 1685 1185 ttistitia
1705 1172 1720 1197 ,
1754 1131 1936 1185 timore
1967 1129 2138 1186 aliena

608 1227 714 1295 [net
727 1224 788 1289 it,
816 1222 1013 1278 divina:
1044 1223 1393 1294 professionis
1422 1234 1733 1296 naturaeque
1758 1224 2136 1290 immemores,

609 1316 676 1371 ad
720 1327 1098 1387 argumentum
1156 1317 1448 1387 impietatis
1504 1333 1615 1373 sua:
1654 1361 1670 1383 ,
1721 1317 2143 1388 dispenSationis

610 1418 760 1481 gesta
790 1421 846 1465 ct
868 1410 1009 1464 dicta
1040 1419 1325 1466 tenuerunt
1366 1409 1385 1484 (
1413 1408 1527 1464 Lib.
1560 1426 1601 1475 ι,
1632 1427 1683 1464 n.
1717 1409 1848 1481 5‘2).
1910 1410 2143 1477 Quorum

611 1504 704 1558 alii
731 1501 990 1558 Christian
1040 1505 1329 1558 asserebant
1378 1519 1575 1558 uterum
1624 1519 1732 1557 esse
1754 1502 2046 1569 hominem,
2089 1503 2144 1559 in

612 1598 768 1666 cujus
796 1598 1031 1652 animam
1062 1642 1073 1661 ,
1110 1614 1210 1651 non
1237 1595 1460 1667 simplex
1485 1639 1500 1661 ,
1540 1596 1631 1651 sed
1668 1611 1934 1651 nouimus
1972 1608 2147 1650 metus

619 1692 852 1746 tristitia:
905 1691 1239 1745 imminentis
1291 1691 1582 1755 inciderit,
1629 1691 1719 1760 qui
1774 1698 2150 1745 consternatus

617 1784 779 1840 fuerit
809 1783 1077 1856 passionis
1100 1799 1483 1853 necessus-re,
1509 1794 1557 1839 et
1586 1799 1735 1854 quem
1756 1783 2047 1839 obtinuerit
2070 1782 2150 1839 vis
2180 1786 2227 1847 Β

620 1875 824 1931 doloris
854 1874 1062 1949 (Ibid,
1096 1894 1149 1930 n.
1182 1876 1292 1946 53).
1320 1877 1423 1931 Alii
1456 1875 1682 1931 Vetbtmt
1710 1893 1824 1930 cunt
1848 1892 2003 1931 carne
2030 1892 2153 1931 con-

618 1970 889 2040 fundentes
909 2011 923 2033 ,
958 1969 1122 2040 oﬂieio
1147 1970 1335 2024 anima:
1364 1973 1598 2040 [unctum
1638 1985 1747 2024 esse
1782 1968 2151 2041 praedicabant.

624 2059 737 2115 Nec
766 2063 973 2115 deerant
1013 2063 1100 2129 qui
1138 2062 1305 2129 ipsum
1339 2062 1403 2115 ab
1431 2060 1637 2115 homine
1677 2077 1891 2134 prorsus
1914 2078 2158 2133 separan-

624 2164 697 2208 tes
731 2195 745 2221 ,
777 2154 973 2208 nullam
996 2152 1138 2208 illius
1162 2154 1215 2208 in
1244 2151 1448 2210 Christo
1472 2154 1799 2223 praesentiant
1840 2153 2156 2224 fatebantur,

628 2245 728 2299 nisi
752 2261 905 2317 quam
930 2248 984 2299 in
1014 2246 1276 2318 praphetis
1301 2248 1642 2319 agnoscimus.
1691 2246 1919 2301 Rursum
1959 2249 2160 2302 discre-

624 2348 803 2412 pantes
836 2340 1299 2411 complectebantur
1338 2341 1613 2395 sententias
1639 2380 1656 2407 ,
1695 2357 1813 2395 cum
1843 2340 2034 2395 Christi
2058 2358 2161 2397 tton

626 2433 781 2488 modo
819 2448 1046 2499 carnem,
1089 2434 1179 2488 sed
1205 2443 1248 2488 et
1275 2433 1500 2487 animum
1532 2432 1596 2486 ab
1623 2433 1788 2487 Adam
1824 2444 2162 2505 propagatam

628 2528 897 2585 sentientes
917 2571 931 2593 ,
962 2539 1015 2582 ut
1047 2527 1348 2598 Scripturas
1376 2526 1678 2595 eluderent,
1722 2527 1904 2599 quibus
1935 2529 1999 2583 de
2023 2530 2163 2585 cretis

632 2621 952 2677 descendisse
976 2620 1321 2693 signiﬁcatur,
1344 2622 1642 2677 descensum
1658 2621 1804 2677 illum
1828 2638 1930 2676 non
1959 2624 2023 2677 de
2044 2640 2165 2695 per-

637 2734 766 2775 sona
796 2716 951 2773 Verbi
977 2731 1184 2771 carnem
1209 2716 1307 2771 sibi
1326 2726 1635 2785 assuntente,
1666 2716 1755 2772 sed
1780 2717 1845 2771 de
1869 2718 1985 2787 ipsa
2010 2733 2163 2775 carne

633 2832 662 2869 e
684 2812 822 2870 stetis
845 2813 1054 2868 advecta
1084 2813 1568 2884 interpretabantur.

562 2907 754 2966 Contra
786 2907 907 2963 illos
932 2906 1198 2962 haereticos
1240 2907 1479 2963 Hilarius
1510 2924 1566 2962 eo
1594 2917 1651 2961 ut
1694 2905 1976 2979 plurimum
2001 2907 2166 2961 utitur

634 3003 923 3073 argumenti
942 3018 1146 3073 genere,
1169 3018 1268 3074 quo
1292 3002 1347 3057 in
1374 3001 1483 3057 suis
1513 3003 1744 3071 ipsoruttt
1773 3001 2036 3057 sententiis
2062 3015 2166 3056 non

634 3107 904 3152 succurrat
940 3097 1013 3152 eis
1047 3097 1185 3168 quod
1220 3105 1493 3166 reponant.
1547 3096 1697 3163 Quod
1736 3105 1908 3151 autent
1944 3096 2165 3151 aliorunt

638 3189 866 3261 Operam
895 3189 1041 3244 initio
1071 3199 1243 3261 rogat,
1270 3189 1326 3244 id
1355 3190 1402 3244 ei
1427 3190 1649 3244 maxime
1684 3188 1740 3242 in
1766 3187 1864 3244 hoc
1891 3187 2023 3243 libro
2043 3204 2166 3243 con-
2191 3180 2239 3246 C

640 3283 924 3338 cedendum
945 3321 962 3349 ,
987 3298 1052 3336 ne
1092 3281 1283 3336 scilicet
1313 3281 1378 3336 de
1408 3282 1521 3353 ipso
1549 3289 1667 3335 ante
1688 3280 1843 3349 ﬁnem
1877 3280 2164 3351 judicetur.

637 3378 699 3434 Si
723 3378 849 3450 quid
874 3378 1011 3433 enim
1032 3374 1331 3445 olfendiculi
1360 3376 1570 3447 pariunt
1602 3376 1750 3430 initia
1776 3417 1791 3441 ,
1820 3375 1941 3444 ﬁnis
1964 3374 2166 3431 levabit.

644 3473 968 3540 Quamquam
1012 3471 1243 3543 exposita
1282 3468 1691 3525 aduersariorum
1721 3468 1972 3523 sententia
2020 3468 2172 3539 facile

631 3568 909 3643 judicatur
931 3608 945 3629 ,
978 3566 1055 3621 uel
1080 3565 1246 3621 solam
1282 3583 1314 3620 a
1342 3564 1521 3619 dolore
1542 3605 1559 3630 ,
1600 3570 1739 3617 metu
1765 3604 1780 3629 ,
1816 3562 2025 3617 tristitia
2063 3562 2173 3617 eati-

640 3677 779 3716 mere
818 3659 1011 3715 Cltristi
1043 3658 1395 3724 divinitatem;
1441 3657 1520 3712 vel
1544 3656 1825 3710 humanam
1852 3654 1995 3709 illius
2024 3664 2173 3709 natu-

641 3774 756 3813 ram
786 3773 819 3811 a
847 3754 1232 3811 dominantibus
1269 3754 1538 3808 dumtaxat
1580 3762 1626 3806 et
1655 3752 1845 3806 coactis
1876 3749 2176 3822 hnjnsmodi

641 3848 1000 3920 a/fectionibus
1050 3849 1329 3904 vindicare.
1400 3847 1547 3903 Illud
1597 3847 1755 3903 etiam
1810 3844 2176 3901 attendendum

640 3946 777 4019 quod
799 3943 1078 4017 Gregorius
1105 3942 1266 4014 Nyss.
1299 3940 1394 3997 0r.
1425 3956 1462 3995 ν
1488 3950 1669 3996 contra
1700 3939 1919 3994 Eunoni.
1952 3956 1984 3993 a
2012 3938 2178 3993 Theo-

645 4043 845 4109 doreto,
879 4037 1022 4094 Dial.
1054 4054 1137 4102 ιιι,
1165 4036 1409 4091 laudatus
1438 4035 1544 4090 ait:
1566 4033 1700 4090 Cum
1727 4036 1869 4090 enim
1901 4033 2096 4102 duplex
2123 4040 2179 4087 et

643 4134 895 4205 ambigua
939 4136 1012 4187 sit
1049 4130 1275 4201 Opinio,
1329 4128 1657 4184 divinitasne
1686 4171 1702 4197 ,
1751 4141 1819 4181 an
1874 4126 2178 4182 humanitas

648 4240 807 4297 passa
835 4225 937 4280 sit:
971 4224 1131 4279 unius
1159 4220 1405 4292 reiectio,
1434 4220 1655 4275 alterius
1678 4234 1906 4291 prorsus
1925 4220 2030 4274 erit
2056 4232 2179 4274 con-

648 4316 904 4371 ﬁrmatio.

575 4407 760 4479 Itaque
792 4405 1056 4473 Hilarius,
1087 4421 1231 4459 nunt.
1263 4404 1330 4470 9,
1354 4403 1569 4463 insanas
1605 4402 1962 4458 haereticorum
2001 4415 2181 4459 contra

648 4500 840 4557 Christi
877 4500 1194 4555 divinitatem
1222 4499 1491 4569 opiniones
1517 4512 1768 4567 exponere
1797 4496 1954 4551 simul
1980 4515 2041 4552 ac
2067 4514 2182 4568 per-

2303 475 2393 529 scd
2430 474 2688 545 Apostolis
2720 476 2915 531 tristem
2961 479 3121 550 fuisse
3146 522 3160 547 ,
3208 496 3414 549 orasse,
3466 491 3508 536 et
3536 482 3594 536 ab
3621 484 3775 554 Angela

2304 570 2646 636 confortatum
2672 586 2782 625 esse
2812 586 3121 642 propugnat.
3168 572 3305 628 Tum
3348 575 3564 643 quinque
3598 578 3778 631 numeris

2304 660 2624 733 sequentibus
2649 673 2854 716 enarrat
2873 679 2987 732 quae
3006 662 3238 720 Christus
3264 667 3319 720 in
3344 666 3574 737 passione
3589 665 3778 739 prtebue-

2307 755 2375 808 rit
2421 754 2606 807 divina:
2647 755 3031 824 omnipotentiae
3073 774 3181 812 sua:
3224 758 3374 830 signa
3406 773 3425 812 :
3450 758 3618 826 quibus
3662 761 3780 826 facile

2308 857 2597 920 appareat,
2640 848 2836 904 doloris
2877 851 3267 919 necessitatem,
3307 853 3411 906 vim
3438 868 3496 904 ac
3533 851 3721 905 dedecus
3742 852 3781 906 in

2310 958 2426 998 eum
2450 958 2551 996 non
2573 944 2843 999 convenire
2866 986 2879 1006 ,
2911 946 3001 1015 qui
3030 953 3172 999 tanta
3194 946 3455 1015 potuerit;
3491 955 3538 1001 et
3566 962 3667 1000 eunt
3698 948 3783 1014 qui-

2314 1035 2429 1088 dem
2455 1036 2749 1091 secundum
2793 1035 3065 1092 hominem
3100 1052 3195 1108 pro
3234 1038 3394 1093 nobis
3422 1038 3619 1092 inﬁrma
3643 1040 3782 1093 omnia

2314 1129 2421 1201 pati
2447 1168 2463 1193 ,
2490 1129 2587 1185 sed
2616 1130 2911 1186 secundum
2942 1132 3110 1187 Deum
3153 1134 3204 1186 in
3250 1131 3336 1187 bis
3372 1131 3616 1187 omnibus
3636 1131 3784 1188 trium-
3823 1140 3827 1145 '

2317 1223 2484 1293 pltare
2510 1221 2677 1293 (num.
2710 1224 2824 1295 47).

2246 1315 2386 1372 Hine
2415 1317 2695 1372 adversarii
2720 1334 2895 1375 uocem
2921 1317 3111 1375 Christi
3152 1317 3407 1393 objiciunt
3447 1333 3500 1373 se
3542 1318 3786 1372 derelictum

2319 1411 2610 1466 clamantis.
2659 1410 2788 1479 Qum
2817 1422 2986 1467 autent
3015 1412 3224 1467 illorum
3250 1413 3315 1467 de
3350 1410 3552 1467 Christo
3576 1411 3687 1482 ﬁdes
3708 1412 3786 1479 sit,

2319 1508 2548 1562 declarat
2592 1523 2836 1562 numerus
2880 1508 2972 1564 49.
3032 1508 3104 1562 Ac
3143 1506 3359 1563 subinde
3396 1506 3568 1561 multis
3588 1506 3787 1576 oppositis

2321 1601 2687 1673 quazstionibus
2716 1602 2779 1657 de
2809 1599 2999 1657 Christi
3031 1612 3148 1657 ortu
3177 1601 3457 1669 temporali
3484 1640 3497 1663 ,
3542 1600 3653 1669 fletu
3672 1641 3686 1664 ,
3709 1600 3786 1652 atti-

2327 1711 2424 1749 ma:
2454 1697 2705 1765 ponenda:
2730 1711 2791 1749 ac
2817 1694 3133 1750 resumenda:
3155 1704 3409 1765 potestate
3432 1735 3449 1761 ,
3477 1694 3673 1764 spiritus
3690 1708 3790 1746 cotu-

2332 1791 2653 1846 mendatione
2705 1798 2751 1844 et
2802 1790 3112 1855 traditione,
3170 1805 3287 1862 qua:
3342 1804 3461 1843 cum
3506 1786 3791 1842 hceteticorsm

2328 1883 2565 1937 doctrina
2608 1882 2879 1936 conciliari
2919 1892 3209 1952 nequeant,
3262 1880 3461 1936 nodum
3509 1895 3667 1933 eorum
3688 1878 3793 1933 solvit

2330 1991 2472 2046 mnu.
2502 1974 2592 2040 61,
2626 1990 2690 2029 ea:
2719 1974 2822 2045 ﬁde
2855 1972 3123 2037 Ecclesiae,
3156 1989 3276 2041 qua:
3290 1989 3415 2028 cum
3438 1970 3621 2026 Christi
3640 1980 3794 2025 natura:

2334 2085 2435 2123 non
2452 2068 2757 2139 confundat,
2788 2084 2877 2123 nec
2903 2068 3098 2123 dividat
3127 2083 3401 2139 personas,
3439 2066 3495 2122 in
3518 2082 3612 2120 uno
3649 2066 3795 2120 eoden-

2331 2178 2428 2233 que
2456 2160 2660 2219 Christo
2689 2159 2841 2217 habet
2870 2170 3298 2232 conquerentem
3343 2158 3412 2216 ad
3441 2171 3652 2215 mortem
3684 2158 3795 2212 relie-

2336 2264 2447 2309 tum
2478 2269 2540 2309 se
2566 2269 2708 2335 esse,
2740 2255 2868 2327 quia
2895 2253 3058 2312 homo
3105 2264 3189 2310 est
3210 2294 3226 2320 ,
3273 2263 3320 2309 et
3348 2269 3473 2309 eum
3510 2251 3594 2323 qui
3630 2250 3795 2307 moritur

2336 2347 2678 2420 proﬁtentem
2727 2363 2787 2404 se
2844 2348 2897 2403 in
2943 2345 3196 2418 paradiso
3250 2360 3517 2417 regnare,
3563 2343 3670 2415 quia
3699 2341 3796 2395 Deus

2341 2450 2447 2497 est.
2491 2439 2697 2497 Interea
2749 2438 2988 2495 Hilarius
3034 2439 3157 2510 ﬁdei
3204 2438 3557 2493 necessitatem
3595 2448 3795 2489 storem

2338 2535 2656 2592 commendat
2683 2552 2702 2591 :
2723 2551 2821 2606 quo
2842 2534 3189 2605 arrogantiam
3215 2532 3462 2587 retundat
3501 2528 3794 2590 hereticorum,

2336 2629 2693 2704 321-322
2720 2629 2808 2700 qui
2830 2625 3020 2684 Christi
3066 2627 3313 2697 mysteria
3357 2641 3411 2682 se
3449 2619 3789 2693 comprehendere

2329 2723 2660 2799 jactitabant.
2713 2721 2780 2779 Ut
2827 2724 2963 2777 enim
3014 2721 3169 2776 trudit
3216 2718 3534 2774 Athanasius
3561 2714 3621 2769 ad
3663 2713 3789 2767 calcem

2341 2820 2377 2873 l.
2403 2816 2467 2873 de
2481 2817 2711 2873 Salutari
2730 2815 2860 2871 Adv.
2883 2814 2941 2871 J.
2962 2815 3019 2871 C.
3044 2812 3423 2886 quidivinitati
3437 2810 3550 2881 ejus
3567 2806 3791 2880 passionem

2340 2909 2675 2976 adscribunt,
2702 2918 2796 2965 aut
2822 2909 2914 2981 qui
2944 2906 3267 2964 humanitati
3295 2906 3417 2976 ejus
3440 2903 3592 2960 ﬁdem
3615 2914 3696 2955 non
3733 2896 3796 2952 lu-

2343 3004 2491 3070 bent,
2524 3011 2616 3058 aut
2656 3002 2748 3074 qui
2777 3017 2940 3057 unum
2971 3001 3024 3056 in
3048 2999 3157 3054 duo
3194 3005 3473 3069 separant,
3493 2996 3529 3050 ii
3550 2991 3696 3050 Carnis
3717 2990 3796 3058 ejus

2342 3096 2735 3153 dimensionem
2761 3093 2984 3161 faciunt,
3008 3102 3059 3148 et
3083 3107 3333 3156 QUANTUI
3355 3100 3408 3146 et
3423 3090 3797 3153 quononoprtelet

2343 3204 2525 3245 sacras
2555 3189 2861 3260 Scripturas
2907 3186 3169 3243 dcliuiunl
3195 3226 3208 3250 ,
3239 3186 3300 3243 τὸ
3343 3184 3503 3241 πόσον
3526 3181 3556 3244 ἢ
3576 3186 3668 3241 πῶς
3690 3175 3793 3250 ποιρά

2344 3291 2439 3348 τὰς
2468 3287 2667 3362 γραφὰς
2689 3284 2847 3360 λέγειν
2875 3285 3181 3358 τολμῶντες.

2350 3463 2401 3517 1.
2446 3460 2815 3517 Dissidentium
2839 3460 3205 3517 sententiarum
3223 3474 3344 3531 qua:
3362 3472 3547 3514 causa.
3575 3448 3799 3508 Doctrina»!

2275 3556 2472 3631 placiti,
2501 3571 2603 3610 non
2632 3555 2846 3610 rationis
2871 3563 3139 3609 sectantes.
3169 3581 3243 3595 —
3271 3551 3392 3608 Non
3421 3561 3502 3607 εει
3540 3545 3797 3615 ambiguum,

2276 3662 2493 3704 onmem
2521 3647 2737 3703 humani
2764 3646 2963 3715 eloquii
3003 3659 3310 3703 sermonem
3342 3636 3714 3700 contradictioni
3735 3632 3801 3687 ob-

2279 3741 2499 3797 noxium
2527 3756 2743 3812 semper
2783 3739 2948 3795 fuisse
2979 3756 2992 3793 :
3023 3739 3144 3811 quia
3193 3736 3629 3794 dissentientibus
3661 3728 3798 3785 volun-

2281 3846 2450 3895 tatum
2492 3837 2751 3903 motibus,
2782 3831 3113 3891 dissentiens
3158 3846 3377 3903 quoque
3421 3828 3493 3885 sit
3532 3838 3694 3883 sensus
3724 3816 3798 3871 ani-

2281 3945 2531 3997 morum;
2562 3945 2682 3986 cum
2713 3927 3110 3985 adversantium
3136 3924 3465 3996 jndiciorum
3489 3922 3561 3995 (a)
3588 3914 3798 3974 allectionc

2281 4037 2671 4096 compugnans,
2730 4020 3119 4078 assertionibus
3165 4019 3270 4086 bis,
3320 4018 3513 4090 quibus
3562 4007 3799 4068 oﬂ'enditur,

2281 4118 2623 4178 contradicit.
2653 4117 2906 4187 Quamvis
2933 4116 3076 4171 enim
3104 4128 3267 4169 omne
3297 4112 3504 4169 dictum
3527 4106 3627 4163 veri
3652 4100 3802 4160 ratione

2285 4215 2582 4288 perfectum
2605 4212 2710 4275 sit;
2744 4222 2791 4266 ta
2802 4227 2922 4266 men
2948 4209 3078 4264 dum
3106 4207 3249 4263 aliud
3272 4206 3395 4262 aliis
3417 4214 3506 4260 aut
3528 4199 3720 4258 videtur.
3741 4198 3802 4245 aut

2283 4308 2607 4380 cumplacet,
2645 4314 2790 4377 patet
2834 4303 3073 4360 veritatis
3114 4317 3296 4358 sermo
3341 4294 3710 4357 adversantium
3745 4298 3800 4340 rei

2285 4401 2562 4474 sponsioni
2592 4419 2606 4456 :
2638 4401 2763 4472 quia
2793 4408 2981 4456 contra
3010 4398 3289 4453 veritatem
3314 4404 3407 4451 aut
3420 4409 3524 4450 non
3553 4387 3803 4447 intellectam

2285 4504 2378 4552 aut
2402 4493 2785 4556 olfendentem,
2815 4490 2900 4546 vel
2931 4489 3111 4545 stulta:
3130 4490 3214 4545 vel
3241 4489 3454 4544 vitiosae
3478 4476 3727 4541 voluntatis
3743 4486 3801 4527 er-

649 4596 796 4667 sequi
818 4595 1087 4665 incipiens,
1102 4594 1361 4665 deinceps,
1386 4606 1544 4663 usque
1565 4591 1633 4645 ad
1657 4607 1799 4645 nunt.
1827 4590 1916 4656 56,
1942 4591 2005 4646 de
2029 4593 2181 4646 mira-
2209 4586 2261 4647 1)
2290 4606 2379 4646 ror
2406 4587 2683 4645 obuititur.
2727 4584 3084 4642 Immoderata
3131 4583 3279 4639 enim
3311 4592 3397 4641 est
3439 4579 3605 4637 omnis
3640 4580 3801 4635 suscep-

655 4690 744 4746 bili
780 4690 922 4745 illius
952 4687 1278 4760 conceptione
1299 4686 1374 4740 ita
1403 4683 1648 4751 disserit,
1690 4693 1746 4738 ut
1794 4699 1859 4739 ea:
1892 4700 1950 4738 ea
1980 4693 2180 4739 natura:

654 4794 844 4840 nostra:
869 4783 1127 4839 ueritatem
1168 4798 1201 4836 a
1239 4778 1400 4834 Verbo
1431 4776 1544 4834 sitie
1577 4777 1658 4833 sui
1700 4776 1978 4832 abolitiotte
2005 4818 2020 4845 ,
2072 4777 2182 4833 sine

652 4879 841 4934 nostris
865 4877 998 4932 vitiis
1017 4885 1300 4947 susceptam
1319 4889 1431 4929 esse
1456 4872 1785 4927 demonstret.
1835 4870 1918 4925 Eo:
1941 4887 2040 4942 quo
2059 4887 2183 4925 con-

650 4973 791 5043 ﬁcit,
823 4969 1080 5025 Christunt
1110 4983 1269 5023 unum
1292 4966 1621 5034 eamdemque
1645 5008 1661 5032 ,
1701 4965 1799 5022 etsi
1824 4981 1926 5019 non
1956 4965 2181 5020 humana

653 5068 764 5139 lege
791 5070 1110 5134 conceptum,
1142 5072 1311 5117 tamen
1338 5070 1387 5115 et
1439 5075 1613 5114 verum
1625 5058 1883 5113 hominem
1907 5059 2179 5126 exstitisse,

648 5169 699 5215 et
724 5148 900 5212 verum
926 5153 1092 5210 Deum
1115 5170 1133 5209 :
1161 5163 1216 5208 ut
1243 5142 1414 5208 rerum
1443 5151 1723 5213 hominem,
1752 5149 2058 5219 passionum
2082 5166 2181 5204 na-

653 5252 790 5307 turis
819 5248 1127 5319 permissum
1150 5260 1291 5300 esse:
1342 5253 1395 5297 ut
1418 5242 1607 5313 absque
1635 5242 1848 5312 originis
1874 5250 2061 5297 nostris
2099 5243 2178 5296 vi-

652 5343 737 5398 tiis
763 5348 1096 5413 conceptum,
1145 5336 1457 5407 passionum
1503 5342 1794 5387 nostrarum
1832 5350 1934 5387 non
1978 5336 2182 5405 confec-

653 5446 759 5492 tum
791 5453 900 5491 esse
928 5434 1169 5505 injuriis;
1202 5440 1258 5485 ut
1282 5444 1456 5485 verum
1482 5425 1646 5483 Deum
1665 5469 1682 5494 ,
1712 5426 1776 5480 ab
1812 5427 1997 5482 iisdent
2026 5442 2178 5498 pror-

655 5545 743 5583 sus
769 5529 926 5601 fuisse
951 5527 1195 5582 alienum.

582 5619 790 5676 Exinde
816 5637 968 5691 nsque
1016 5619 1084 5673 ad
1108 5634 1250 5673 nunt.
1279 5615 1352 5673 45
1375 5656 1389 5682 ,
1417 5613 1638 5671 tristitite
1667 5613 1831 5684 ipsius
1852 5653 1867 5678 ,
1890 5611 2139 5667 orationis
2161 5651 2178 5683 ,

653 5738 731 5808 (a)
772 5736 870 5792 bis.
897 5734 1197 5808 Martinset
1220 5734 1311 5808 alii
1342 5733 1612 5808 nonnulli,
1642 5728 1944 5808 assertione.

2287 4692 2459 4738 tarum
2508 4681 2838 4736 voluntatum
2886 4678 3181 4751 pertinacia
3234 4696 3247 4733 :
3298 4688 3354 4732 et
3415 4672 3659 4731 indeﬂexa
3697 4666 3800 4720 molli

2285 4774 2362 4848 (lt)
2394 4772 2714 4830 adversandi
2740 4772 2976 4827 studium
3012 4769 3273 4842 persistit.
3306 4768 3400 4825 ubi
3424 4781 3526 4824 non
3560 4755 3804 4848 rationi”-

2285 4846 2464 4924 lnntas
2505 4866 2811 4935 subjicitur,
2863 4879 2966 4920 nec
2985 4862 3221 4919 studium
3248 4861 3504 4918 doctrina:
3530 4846 3802 4945 impendllut.

2286 4962 2382 5020 sed
2413 4960 2496 5018 Itis
2528 4976 2647 5031 qutc
2668 4961 2918 5015 volumus
2955 4957 3223 5014 rationem
3263 4953 3634 5028 conquirimus.
3659 4950 3704 4999 ει
3745 4936 3803 4991 δίε

2282 5072 2404 5129 quae
2458 5055 2738 5112 studemus
2784 5053 3088 5110 doctrinam
3136 5059 3451 5124 coaptamus
3516 5044 3803 5132 Jamquentt-

2288 5127 2452 5205 minis
2480 5149 2681 5219 potius,
2729 5161 2887 5217 quam
2917 5157 3148 5213 naturas,
3181 5144 3286 5202 erit
3313 5141 3550 5199 doctrina
3573 5127 3804 5227 queﬁ'ffoflf

2287 5251 2374 5298 tur
2407 5259 2421 5297 :
2454 5251 2506 5295 et
2552 5256 2658 5297 non
2701 5239 2815 5311 jam
2866 5240 2984 5295 veri
3036 5238 3275 5295 manebit
3316 5236 3472 5299 ratio,
3520 5226 3606 5285 sed
3639 5220 3802 5295 placiti;

2284 5348 2445 5405 quam
2475 5332 2575 5389 sibi
2603 5332 2852 5388 voluntas
2878 5330 3048 5402 magis
3069 5330 3137 5386 ad
3157 5327 3520 5385 defensionem
3546 5311 3801 5405 placentiae!

2284 5396 2637 5495 coeptaverit,
2667 5442 2774 5481 non
2800 5441 2923 5496 qua:
2962 5424 3258 5481 voluntatis
3278 5421 3572 5478 instinctum
3595 5423 3674 5483 per
3685 5396 3803 5507 1⁸11⁸³⁸

2284 5520 2556 5591 ligentiam
2586 5520 2700 5576 veri
2740 5519 3080 5576 rationabilis
3123 5516 3385 5574 incitabil.
3429 5512 3527 5569 Per
3568 5500 3800 5569 luscisin

2283 5614 2415 5670 Vitia
2457 5615 2818 5673 studiosarum
2868 5614 3205 5672 voluntatum
3235 5624 3422 5670 omnes
3463 5591 3791 5663 adversantium

651 5795 726 5884 {bj
770 5808 889 5866 Vat.
918 5807 1059 5877 bas.,
1086 5799 1298 5863 Martin'.
1330 5821 1393 5864 ac
1431 5795 1708 5880 paufci'alii
1732 5815 1863 5861 mss.
1895 5798 2202 5859 adversandi
2229 5796 2419 5855 studio.
