3988 6332
213 330 324 386 523

1443 328 1528 387 DE
1569 325 1934 384 ἸἪΙΝΙΤΛΤΕ
1975 327 2172 384 LIBER
2216 329 2282 384 Χ.

3408 329 3512 386 546

214 447 574 503 iutentionum
609 455 888 518 emergunt
920 446 1372 503 contradictiones
1402 465 1413 500 :
1445 456 1498 502 et
1529 447 1669 501 itthI‘
1701 442 1811 500 veri
1839 444 1888 505 A
1916 445 2132 516 penitus
2179 448 2246 502 ab
2289 447 2471 504 auditu
2516 447 2756 504 veritatis
2801 447 2980 516 alieni,
3038 455 3182 503 totos
3226 459 3286 504 se
3315 445 3512 504 fabulis

209 542 592 607 assertionem,
622 553 670 597 et
703 544 882 614 placiti
912 542 1303 608 defensionem,
1347 543 1591 612 pertinax
1640 554 1812 612 pugna

210 645 328 690 est:
363 634 486 689 dmtt
519 650 578 690 se
631 645 684 690 et
741 634 937 689 veritas
969 643 1135 701 tenet,
1209 644 1263 689 et
1319 643 1497 690 tuetur
1544 633 1810 688 voluntas.

209 729 484 785 Cteterum
534 732 577 784 si
627 745 731 783 non
794 730 1007 799 praeiret
1067 729 1331 785 rationem
1389 729 1670 794 voluntas,
1717 725 1812 782 sed

128 889 137 898 _
209 843 312 898 per
354 826 464 881 veri
497 826 902 896 intelligentiam
949 825 1013 880 ad
1045 826 1179 881 velle
1225 825 1275 879 id
1323 825 1464 896 quod
1498 840 1680 879 verum
1731 832 1812 878 est

211 930 554 976 moveretur:
577 935 864 991 numquam
892 919 1133 976 doctrina
1153 919 1230 992 (I)
1257 918 1334 992 (a)
1357 919 1642 974 voluntatis
1664 934 1812 988 qu;e-

205 1022 444 1080 teretur,
477 1013 568 1069 sed
601 1016 926 1069 voluntatem
955 1029 1167 1069 omnem
1212 1013 1472 1069 doctrinm
1501 1015 1638 1069 ratio
1665 1027 1813 1068 com-

207 1119 457 1166 moveret
485 1127 499 1176 ;
531 1121 782 1180 essetque
813 1109 986 1164 omnis
1015 1109 1128 1166 sine
1157 1109 1583 1166 contradictione
1611 1108 1810 1163 verita-

207 1203 283 1258 tis
296 1219 635 1271 sermo,cum
661 1203 1026 1275 unusquisque
1050 1218 1151 1258 non
1168 1203 1310 1274 quod
1334 1203 1514 1269 vellet,
1545 1203 1593 1258 id
1622 1217 1807 1256 verum

205 1312 330 1354 esse
345 1297 680 1363 defenderet,
697 1295 946 1366 sedquod
963 1312 1145 1351 verum
1161 1305 1263 1360 est,
1293 1295 1342 1350 id
1371 1295 1508 1350 velle
1532 1293 1804 1364 cmpisset.

275 1394 331 1449 2.
381 1394 519 1463 Quos
541 1381 809 1464 magistros
833 1403 1083 1460 qutcraut.
1115 1422 1186 1432 ——
1218 1389 1419 1446 Harum
1443 1391 1622 1460 itaque
1648 1388 1808 1442 vitio-

198 1503 386 1543 sarum
413 1489 745 1542 volnntatmn
770 1502 874 1541 non
901 1488 1116 1556 ignarus
1137 1486 1448 1556 Apostolus,
1475 1485 1612 1540 inter
1637 1485 1804 1539 ntulta

197 1581 573 1636 contestandx
602 1579 724 1633 fidei
755 1589 808 1634 et
839 1577 1164 1650 prtcdicandi
1214 1577 1381 1650 verbi
1415 1586 1702 1646 praecepta,
1733 1575 1798 1630 ad

195 1673 544 1728 Timotheum
577 1671 822 1726 scribens
851 1670 945 1734 ait,
981 1669 1091 1724 Erit
1119 1680 1315 1740 tempus
1337 1649 1453 1724 cum
1477 1685 1657 1722 sanam
1681 1669 1806 1722 doc-

194 1767 391 1821 trinam
414 1783 514 1820 non
544 1765 881 1831 sustinebunt,
912 1764 1002 1818 sed
1029 1765 1096 1817 ad
1125 1781 1220 1820 sua
1251 1764 1508 1820 desideria
1531 1779 1799 1818 coacerva-

1915 540 2186 596 deStinant
2213 560 2226 596 :
2259 553 2315 596 ut
2346 541 2450 606 his,
2480 559 2599 614 qua:
2644 543 2953 614 loquantur,
3003 542 3245 597 veritatis
3273 542 3510 612 speciem

1915 635 2215 705 acquirant,
2248 635 2373 691 dum
2405 651 2522 707 qua:
2549 652 2674 694 vera
2698 646 2903 693 suntet
2929 635 3076 710 loqui
3097 648 3150 692 et
3178 635 3368 694 audire
3399 651 3504 693 non

1915 740 2160 801 possunt.

1985 828 2038 883 5.
2080 827 2290 882 Arianis
2315 828 2614 882 conveniunt
2643 829 2906 902 prtedicta.
2937 857 3011 869 --
3033 826 3324 884 lncidimus
3349 827 3510 898 plane

1914 920 1965 976 in
1999 920 2100 977 hoc
2122 920 2420 992 pr0pltetia:
2449 923 2758 992 apostolicae
2787 921 3222 977 molestissimum
3268 928 3499 992 tempus.

1913 1017 2241 1090 Conquisitis
2289 1018 2432 1072 enim
2477 1031 2618 1072 nunc
2659 1026 2922 1072 creatura:
2978 1016 3154 1085 potius
3198 1030 3359 1087 quam
3412 1014 3503 1071 Dei

1912 1111 2240 1184 praedicandi
2307 1111 2620 1182 magistris,
2678 1110 2964 1166 desideriis
3019 1109 3271 1166 humanis
3328 1111 3506 1181 potius

1912 1222 2072 1278 quam
2106 1205 2187 1279 (4)
2218 1220 2363 1260 sana:
2393 1204 2515 1260 fidei
2547 1203 2806 1260 doctrinis
2837 1203 3084 1259 studetnr
3113 1222 3126 1256 :
3155 1213 3209 1258 et
3238 1218 3303 1256 eo
3339 1203 3502 1276 323

1913 1314 2080 1369 usque
2106 1312 2200 1354 eos
2247 1297 2464 1369 prurigo
2493 1296 2698 1352 aurium
2727 1296 2792 1351 ad
2824 1311 2885 1353 ea
2914 1311 3037 1366 qua:
3063 1295 3376 1351 desiderant
3401 1311 3500 1350 au-

1909 1392 2103 1448 dienda
2133 1393 2406 1458 excitavit,
2440 1400 2498 1446 ttt
2537 1388 2867 1446 coacervatis
2897 1388 3213 1444 doctoribus
3240 1388 3355 1443 sola
3387 1387 3504 1444 haec

1910 1502 2053 1542 nunc
2075 1485 2288 1541 interim
2317 1482 2628 1555 praedicatio
2656 1481 2870 1550 polleat,
2900 1497 3173 1553 perquam
3197 1481 3504 1551 unigenitus

1910 1578 2052 1634 Deus
2077 1593 2104 1630 a
2137 1585 2400 1647 potestate
2446 1587 2500 1630 et
2530 1576 2754 1629 veritate
2800 1574 2891 1628 Dei
2940 1574 3108 1643 patris
3153 1572 3380 1638 alienus,
3412 1579 3506 1626 aut

1907 1669 2132 1725 alterius
2161 1672 2376 1740 generis
2401 1667 2542 1722 Deus
2569 1665 2640 1721 sit
2663 1665 2712 1720 in
2741 1665 2843 1720 lide
2871 1673 3078 1728 nostra,
3107 1672 3200 1718 aut
3230 1664 3372 1719 Deus
3395 1678 3502 1718 non
3579 1685 3582 1687 λ

1907 1763 2016 1819 sit:
2042 1763 2318 1818 mortifera
2346 1778 2410 1817 ex
2438 1772 2664 1830 utroque
2695 1758 2989 1829 impietatis
3019 1757 3377 1829 professione,
3409 1768 3504 1814 aut

193 1861 322 1916 bunt
367 1860 464 1914 sibi
508 1859 776 1930 magistros
811 1857 882 1929 (ὁ)
926 1859 1208 1932 prurientes
1237 1873 1388 1912 aures
1419 1866 1506 1912 :et
1536 1875 1567 1910 a
1593 1857 1800 1909 veritate
1834 1846 1876 1905 Β
1903 1859 2040 1912 duos
2067 1857 2198 1912 deos
2228 1855 2330 1911 sub
2369 1853 2685 1910 diversitate
2727 1852 3022 1908 divinitatis
3049 1849 3128 1921 (5)
3156 1851 3499 1922 eloquentes,

191 1953 406 2024 quidem
432 1952 665 2006 auditum
693 1961 938 2018 averterit,
969 1951 1036 2003 ad
1066 1949 1270 2020 fabulas
1301 1961 1468 2005 autent
1500 1958 1798 2004 converten-

194 2056 282 2100 tur
329 2045 394 2120 (ΙΙ
429 2044 560 2100 Tim.
608 2062 681 2111 tv,
711 2044 790 2114 ὅ).
823 2043 921 2100 Ulti
953 2045 1094 2098 enim
1125 2059 1219 2114 per
1241 2044 1529 2112 impietatis
1559 2042 1794 2098 studimn

196 2149 350 2195 extra
379 2155 518 2193 sana:
549 2138 809 2193 doctrina”:
853 2139 1161 2210 patientiam
1193 2147 1373 2204 erunt,
1407 2147 1530 2192 tunc
1564 2137 1647 2193 bis
1679 2154 1799 2208 qua:

199 2231 508 2288 desiderant
544 2231 940 2288 c0aecrvahunt
973 2229 1283 2298 magistros,
1316 2239 1441 2300 apta
1473 2229 1679 2285 scilicet
1704 2245 1798 2286 cu-

191 2325 511 2398 piditatibus
555 2325 667 2379 suis
715 2324 1082 2379 doctrinarum
1129 2323 1370 2378 instituta
1416 2321 1793 2389 cumulantes,

187 2434 370 2491 neque
389 2417 573 2474 doceri
597 2433 656 2474 se
669 2417 1065 2482 desiderantes,
1092 2416 1186 2472 sed
1212 2415 1462 2471 ductores
1483 2415 1548 2468 ad
1579 2415 1630 2470 id
1653 2414 1794 2486 quod

183 2513 506 2569 desiderant
551 2523 939 2585 congregantes
967 2531 982 2567 :
1017 2525 1072 2567 ut
1101 2512 1348 2568 cumulus
1377 2512 1492 2582 ipse
1521 2511 1795 2582 conquisio

186 2617 368 2664 torum
392 2617 446 2664 et
460 2619 900 2664 coacervatorum
918 2609 1322 2679 magistrorum,
1340 2607 1686 2662 aastuantinm
1701 2607 1797 2662 de-

182 2699 516 2756 sideriorunt
541 2699 834 2756 satisfaciat
855 2699 1137 2756 doctrinis.
1165 2699 1233 2755 Et
1257 2701 1340 2755 ltic
1369 2709 1546 2756 tantus
1564 2699 1636 2772 (ε)
1665 2701 1794 2756 stul-

182 2802 252 2848 ta:
290 2792 712 2864 irreligiositatis
736 2793 885 2849 furor
917 2809 1024 2864 quo
1064 2793 1297 2850 tamdem
1335 2793 1526 2866 spiritu
1549 2835 1563 2857 ,
1605 2807 1791 2849 sanam

179 2885 492 2942 doctrinam
524 2902 630 2942 non
674 2887 970 2955 sustinens,
1007 2898 1316 2958 corruptam
1363 2887 1714 2954 desiderabit,
1749 2888 1793 2942 si

181 2979 432 3051 ignorat;
467 2981 533 3033 ab
560 2979 752 3035 eodem
778 2979 1038 3050 Apostolo
1059 2979 1125 3034 ad
1158 2981 1300 3036 hunc
1322 2979 1572 3036 eumdem
1605 2980 1789 3035 Timo-

181 3075 374 3129 tlteum
403 3073 676 3129 scribente
695 3082 984 3144 cognoscat
1015 3092 1026 3129 :
1060 3072 1290 3145 Spiritus
1325 3083 1497 3128 autem
1525 3073 1794 3144 manifeste

178 3167 334 3233 dicit,
368 3167 490 3237 quia
513 3167 565 3220 in
596 3167 882 3220 novissimis
912 3169 1221 3238 temporibus
1260 3169 1491 3222 recedent
1521 3169 1732 3236 quidam
1760 3185 1792 3221 a

1901 1959 1995 2006 aut
2028 1952 2192 2005 Deum
2222 1950 2466 2014 omnino,
2490 1949 2575 2004 cui
2599 1956 2790 2002 natura
2810 1961 2874 2002 ex
2910 1947 3020 2001 Deo
3048 1960 3141 2015 per
3164 1945 3498 2000 nativitatem

1899 2043 1992 2107 sit,
2021 2045 2372 2112 abnegantes.
2408 2040 2522 2095 lloc
2555 2039 2806 2095 alienatis
2833 2039 2900 2093 ab
2925 2037 3110 2092 auditu
3152 2036 3419 2103 veritatis,
3445 2044 3502 2092 et

1899 2138 2180 2193 conversis
2229 2137 2294 2189 ad
2348 2135 2555 2191 fabulas
2597 2134 2818 2188 auribus
2869 2133 3042 2204 placet
3083 2149 3096 2186 :
3145 2130 3303 2200 hujus
3351 2145 3498 2187 sana:

1905 2230 2166 2286 doctrina:
2185 2228 2457 2284 audientia
2477 2244 2582 2283 non
2614 2226 2936 2293 sustinetur,
2958 2233 3013 2280 ct
3036 2224 3146 2296 ipsa
3172 2224 3351 2280 omnis
3373 2237 3498 2279 cum

1903 2321 2349 2394 praedicatoribus
2362 2322 2472 2376 suis
2499 2321 2727 2376 exsulat.

1971 2416 2025 2470 Δ.
2070 2415 2306 2470 Hilarius
2351 2417 2405 2470 in
2433 2415 2617 2470 exsilio
2667 2414 2797 2469 liber
2841 2430 2902 2469 ac
2931 2415 3098 2472 fretus.
3129 2443 3202 2454 —
3231 2412 3337 2470 Sed
3369 2411 3498 2468 licet

1903 2511 1983 2583 (6)
2028 2513 2100 2582 (e)
2131 2527 2274 2566 nunc
2295 2527 2324 2566 a
2357 2511 2560 2575 multis,
2596 2510 3048 2566 coacervantibus
3073 2510 3174 2564 sibi
3199 2507 3498 2564 Secundum

1897 2604 2166 2660 desideria
2196 2619 2288 2659 sua
2323 2605 2633 2672 magistros,
2664 2618 2792 2658 sana
2821 2602 3068 2658 doctrina
3112 2601 3356 2668 essulet;
3386 2617 3495 2657 non

1899 2708 2080 2756 tamen
2129 2717 2159 2755 a
2203 2701 2405 2756 sanctis
2453 2701 2758 2772 quibusque
2820 2698 3218 2769 praedicationis
3293 2697 3495 2752 veritas

1899 2792 1969 2866 (f)
1994 2794 2278 2850 exsulabit.
2313 2794 2624 2865 anuemur
2643 2794 2788 2849 enim
2812 2793 3032 2850 exsules
3061 2807 3154 2861 per
3176 2791 3276 2847 bos
3304 2791 3494 2858 libros,

1897 2897 1952 2943 et
1980 2903 2160 2944 sermo
2178 2888 2293 2955 Dei,
2310 2891 2397 2960 qui
2421 2888 2608 2944 vinciri
2629 2904 2735 2944 non
2751 2897 2946 2959 potest,
2981 2888 3119 2944 liber
3138 2896 3414 2953 excurrct,
3429 2885 3497 2944 de

1898 2984 2002 3040 hoc
2024 2984 2215 3041 eodem
2237 2984 2553 3054 apostolica:
2577 2985 2874 3054 prophetia:
2888 2982 3188 3040 admonens
3212 2992 3457 3052 tempore
3481 2998 3494 3036 :

1897 3085 1956 3132 ut
1985 3092 2108 3133 cum
2140 3077 2357 3132 auditus
2381 3077 2628 3133 veritatis
2656 3077 2942 3147 impatiens
2973 3073 3418 3146 deprehenditur,
3443 3082 3498 3129 et

1895 3170 2193 3226 secundum
2221 3168 2492 3226 desideria
2522 3167 2756 3223 humana
2791 3166 3095 3224 coacervati
3138 3165 3382 3238 magistri
3411 3180 3499 3220 re-

179 3257 314 3328 ﬁde,
345 3260 664 3314 attendentes
694 3259 956 3330 spiritibus
999 3260 1371 3326 seductoribus,
1404 3261 1654 3314 doctrinis
1680 3260 1790 3314 dte-
1820 3245 1864 3308 Ο
1901 3263 2202 3333 periuntnr,
2230 3263 2342 3333 jam
2375 3262 2442 3318 de
2473 3271 2715 3334 tempore
2738 3278 2841 3316 non
2865 3261 3194 3332 ambigatur;
3227 3259 3320 3315 sed
3355 3259 3406 3313 in
3429 3275 3495 3315 eo

182 3355 486 3409 moniorant
537 3355 588 3408 in
656 3355 918 3425 hypocrisi
974 3354 1053 3426 (‘2)
1120 3353 1199 3427 (ά)
1265 3356 1794 3424 tuendaciloquiortmt

179 3446 224 3520 (l
242 3445 391 3503 Tim.
417 3461 488 3514 tv,
517 3445 709 3517 1).Qtti
736 3449 876 3501 enim
897 3446 1154 3501 doctrina:
1181 3446 1450 3516 profectus
1467 3457 1568 3515 est,
1599 3447 1793 3518 placita

177 3539 361 3610 magis
395 3556 553 3609 quant
582 3540 822 3595 docenda
855 3540 1214 3610 conquirere?
1252 3543 1356 3595 Aut
1382 3556 1503 3612 quae
1531 3541 1794 3596 doctrina:

176 3634 384 3706 religio
412 3645 514 3699 est,
545 3649 650 3690 non
682 3635 922 3690 docenda
955 3636 1286 3704 desiderare,
1338 3636 1432 3692 sed
1471 3637 1794 3694 desideratis

174 3743 514 3785 coacervare
543 3728 887 3784 doctrinam?
932 3729 1038 3785 Sed
1083 3732 1197 3786 haec
1225 3730 1601 3786 seducentinm
1628 3731 1796 3803 spiri-

177 3833 338 3878 tuum
373 3823 639 3878 incentiva
681 3821 1050 3892 suppeditant,
1095 3832 1151 3878 et
1198 3825 1466 3879 simulata:
1513 3825 1794 3895 religionis

174 3916 492 3988 falsiloquia
521 3917 863 3972 confirmant.
897 3916 1151 3986 Sequitur
1189 3917 1333 3973 enim
1367 3917 1488 3972 fidei
1535 3918 1795 3974 defectio-

175 4026 313 4068 nem
339 4011 644 4084 hypocrisis
687 4009 940 4077 mendax,
989 4021 1044 4065 ut
1069 4011 1140 4064 sit
1172 4011 1254 4065 vel
1288 4012 1339 4065 in
1385 4009 1565 4066 verbis
1596 4012 1785 4082 pietas,

173 4120 348 4176 quam
383 4103 624 4158 amiserit
653 4102 1004 4158 conscientia.
1043 4102 1102 4157 Et
1132 4104 1300 4173 ipsam
1329 4101 1544 4173 quidem
1571 4102 1794 4159 simula-

173 4207 293 4255 tam
322 4199 576 4269 pietatem
605 4197 751 4253 omni
775 4197 1062 4252 verborum
1094 4197 1375 4252 mendacio
1421 4197 1638 4266 impiam
1671 4197 1790 4252 red-

171 4294 343 4356 dunt,
377 4292 525 4348 falszc
542 4291 802 4348 doctrina:
821 4292 1081 4347 institutis
1103 4301 1514 4362 corrumpenles
1535 4289 1615 4365 (5)
1633 4306 1790 4346 sanc-

173 4390 400 4445 titatem
447 4387 609 4442 fidei:
654 4389 780 4441 dum
827 4386 1121 4442 secundum
1170 4385 1437 4442 desideria
1486 4385 1788 4441 studiorum

170 4481 392 4552 potius,
422 4494 581 4550 quam
622 4479 916 4534 secundum
960 4479 1324 4547 evangelicum
1355 4477 1536 4546 fidem,
1570 4493 1788 4534 coacer-

173 4585 308 4631 vata
337 4572 581 4628 docuina
625 4583 728 4627 est.
776 4571 1009 4626 Auribus
1035 4572 1178 4625 enim
1210 4571 1486 4642 prurigine
1530 4572 1786 4636 incitatis.

1897 3359 2238 3419 coexsnlare,
2285 3354 2681 3409 exsultantibus
2704 3369 2849 3408 sana:
2881 3352 3003 3407 fidei
3029 3350 3494 3421 praedicatoribus,

1897 3449 2098 3505 veritas
2145 3449 2498 3520 intelligatur.
2550 3447 2628 3503 Ac
2658 3448 2724 3503 de
2757 3447 3092 3519 temporibus
3141 3463 3246 3502 non
3299 3461 3493 3518 quere-

1897 3560 2020 3600 mur
2052 3562 2064 3598 :
2095 3545 2224 3613 quin
2270 3545 2432 3600 etiam
2463 3542 2841 3614 gaudebimus,
2874 3543 2998 3611 quia
3029 3539 3282 3613 iniquitas
3310 3555 3370 3595 se
3401 3555 3498 3610 per

1900 3638 2002 3694 hoc
2029 3637 2204 3694 exsilii
2255 3625 2422 3694 noﬁri
2472 3649 2685 3710 tempus
2727 3637 3048 3702 ostenderit,
3099 3653 3207 3708 quo
3251 3636 3497 3692 veritatis

1898 3732 2182 3804 impatiens
2210 3745 2356 3786 sana:
2377 3731 2638 3787 doctrinae
2663 3732 3044 3802 praedicatores
3067 3775 3080 3799 ,
3114 3741 3174 3786 ut
3199 3729 3494 3786 secundum

1895 3825 2161 3882 desideria
2190 3841 2284 3880 sua
2308 3825 2389 3898 (7)
2436 3835 2722 3882 coaeervet
2747 3826 2846 3882 sibi
2880 3825 3194 3896 magistros,
3238 3823 3446 3892 relegat
3480 3839 3495 3878 :

1895 3918 2088 3975 exsilio
2109 3928 2294 3974 nostro
2317 3919 2560 3974 laetantes
2577 3929 2629 3973 et
2649 3919 2978 3974 exsultantes
3003 3919 3053 3972 in
3079 3917 3327 3982 Domino,
3357 3930 3490 3971 con-

1893 4014 2100 4070 stitisse
2122 4014 2175 4069 in
2202 4014 2356 4069 nobis
2379 4013 2764 4086 plenitudinem
2791 4012 3102 4083 apostolica:
3131 4009 3445 4082 prophetae.

1971 4107 2022 4162 5.
2073 4108 2240 4175 Quam
2279 4118 2426 4161 caute
2469 4125 2524 4161 se
2553 4109 2764 4180 gesserit
2804 4105 3151 4180 superioribus
3193 4106 3355 4160 libris.
3385 4103 3490 4160 So-

1895 4202 2087 4256 lentrtes
2114 4202 2424 4257 Arianorum
2470 4202 2741 4257 calumnia:
2783 4203 2837 4256 in
2878 4201 3190 4256 Cat/toticos.
3219 4229 3291 4240 —
3317 4198 3492 4271 Supe~

1896 4295 2130 4353 rioribus
2155 4296 2320 4368 igitur
2344 4295 2543 4352 libellis
2583 4301 2838 4362 sincerm,
2873 4303 2930 4349 ttt
2969 4295 3228 4360 arbitror,
3262 4292 3387 4348 fidei
3435 4303 3491 4349 et

1897 4387 2334 4444 incontaminata:
2413 4391 2658 4446 veritatis
2725 4389 3116 4460 professionem
3197 4398 3491 4453 tenentes,

1895 4498 2222 4555 quamquam
2242 4485 2536 4541 secundum
2563 4485 2809 4540 humana:
2829 4495 3029 4539 natura:
3047 4482 3493 4539 consuetudinem

1897 4576 2078 4630 nullus
2109 4592 2292 4632 sermo
2323 4592 2428 4632 non
2462 4578 2530 4633 sit
2579 4579 2846 4633 obnoxius
2893 4575 3328 4640 contradictioni,
3373 4590 3492 4630 eam

167 4669 315 4723 dum
363 4681 457 4735 per
507 4664 757 4720 audiendi
809 4665 1180 4736 impatientem
1229 4664 1647 4720 oblectationem
1689 4665 1791 4721 sub
1818 4682 1869 4742 ι)
1897 4677 2074 4724 tanten
2105 4685 2202 4725 nos
2229 4671 2642 4726 arbitrortotius
2674 4669 3040 4742 reSponsionis
3073 4678 3272 4725 nostra:
3294 4667 3485 4725 mode-

165 4761 398 4818 novella
431 4758 688 4816 desiderii
739 4758 819 4813 sui
872 4756 1255 4828 praedicatione
1301 4757 1640 4828 scalpuntur,
1686 4760 1787 4830 ipsi

245 4901 270 4966 ι
281 4900 338 4972 1)
388 4898 672 4972 Voluntati.

241 4965 335 5045 (Ξ)
381 4968 988 5045 Mendaciotoquentium.
1018 4965 1228 5038 Graece,
1262 4967 1602 5045 ψευδολόγων.

241 4976 312 5044 (2
381 4976 689 5026 Mendaciolt

240 4976 338 5122 (Si
379 5043 689 5122 garritatem,

242 5114 332 5190 (4)
375 5115 584 5173 Sancta:
609 5114 754 5185 ﬁdei.

239 5259 329 5332 (a)
368 5259 425 5315 In
453 5258 687 5324 excusis,
719 5255 972 5312 voluntati
997 5265 1332 5325 quwreretar.
1367 5256 1504 5313 Tum
1537 5257 1589 5315 in
1621 5257 1789 5330 pluri-

154 5333 273 5390 bus
291 5346 427 5387 mss.
456 5332 502 5385 si
529 5332 856 5384 voluntatem.

241 5402 329 5477 (ὸ)
371 5402 892 5477 δὶρῄριεῄιιιιθηιηεε.
917 5398 1130 5477 favente
1158 5415 1336 5477 gra:_c_o
1367 5403 1655 5477 κγηθὸμενρι
1692 5409 1782 5463 τήν

152 5471 352 5536 excisi.
382 5471 549 5530 Solus
573 5473 694 5546 Vat.
741 5472 860 5528 bas.
892 5473 1066 5546 cedes
1093 5486 1214 5546 cum
1256 5471 1471 5527 Martin.
1506 5471 1791 5546 sculpentes

153 5565 352 5613 aures,
386 5545 662 5618 quomodo
685 5545 882 5618 legitur
917 5544 1010 5599 lib.
1055 5544 1108 5598 in
1131 5543 1441 5614 Constant.,
1469 5562 1526 5601 n.
1561 5543 1785 5602 L'Editi

153 5637 332 5686 vero,
362 5617 657 5691 prurientes
686 5617 919 5691 auribus.

236 5692 321 5764 (ε)
363 5688 503 5747 Editi
533 5733 548 5758 ,
613 5690 785 5746 stulta:
826 5688 1235 5762 religiositatis;
1306 5689 1670 5747 emendantur
1719 5706 1785 5747 ex

148 5780 310 5824 mss.

181 5897 184 5902 _
240 5835 332 5910 (ἀ)
375 5833 600 5910 Aliquot
633 5848 762 5910 mss.
796 5834 919 5910 cum
949 5835 1184 5910 vulgata,
1218 5835 1546 5910 mendacium
1571 5835 1782 5904 loquart-

157 5905 328 5964 tium.
362 5907 464 5964 Alii
493 5921 616 5964 cum
648 5905 804 5977 BNL,
840 5908 928 5963 Er.
961 5916 1014 5964 et
1047 5905 1219 5979 Lips.,
1247 5907 1774 5978 tnettdaciloquorttm.

1897 4772 2047 4819 ratos
2091 4779 2212 4822 esse
2243 4765 2532 4835 rationem,
2565 4775 2621 4822 ut
2648 4765 3021 4823 contradicere
3067 4765 3351 4838 quisquam
3390 4762 3498 4820 nisi

1967 4905 2048 5050 ἑὸ)
2084 4904 2393 4976 Loquentes.

1993 4979 2051 5050 6)
2088 4977 2229 5050 [ficet
2259 4995 2393 5032 cum.

1993 4979 2051 5040 6)
2088 4977 2229 5033 Licet
2259 4995 2394 5032 cum.

1966 5047 2046 5121 (7)
2086 5047 2436 5106 Coaeervaret.

1897 5257 2067 5325 Quam
2090 5271 2212 5312 cum
2242 5257 2364 5312 Par.
2397 5272 2462 5314 ac
2502 5256 2773 5314 veteribus
2818 5270 2946 5312 mss.
2997 5255 3150 5314 Colb.
3204 5264 3257 5312 et
3307 5253 3490 5312 Germ.

1897 5329 2236 5401 przeferimns
2264 5329 2576 5394 lectionem,
2609 5331 2930 5386 confirmant
2954 5329 3356 5401 subsequentia.

1965 5401 2038 5542 ξε)
2079 5400 2134 5456 In
2161 5415 2316 5469 mss.,
2347 5404 2463 5457 licet
2495 5419 2632 5465 cum,
2669 5419 2771 5457 non
2801 5405 2914 5457 licet
2937 5419 3088 5457 nunc.

1989 5472 2038 5542 f)
2082 5473 2138 5528 Itt
2165 5473 2418 5542 vulgatis,
2464 5475 2690 5529 exulaui!
2718 5492 2735 5529 :
2763 5477 2846 5529 cui
2879 5474 3045 5528 verbo
3078 5492 3088 5526 ι

1989 5472 2038 5545 f)
2082 5473 2138 5528 [tt
2165 5473 2418 5545 vulgatis,
2464 5475 2690 5529 exulavit
2718 5477 2846 5545 :cui
2879 5474 3045 5528 verbo
3078 5487 3181 5526 non
3215 5471 3346 5526 satis
3369 5485 3488 5525 mo-

1892 5544 2046 5601 deste
2069 5544 2417 5617 snbjungeret
2449 5547 2703 5611 Hilarius,
2737 5544 3025 5616 Loquemur
3049 5546 3202 5617 enim,
3233 5559 3291 5599 se
3321 5559 3486 5599 unum

1892 5633 1959 5674 ex
1980 5617 2230 5672 omnibus
2256 5616 2456 5673 sanctis
2479 5633 2809 5675 memorans.
2835 5618 2918 5672 Ab
2940 5617 3039 5670 hoc
3059 5616 3331 5686 iactantia:
3357 5617 3486 5670 vitio

1891 5705 2196 5747 sernmnem
2244 5690 2384 5745 illius
2416 5700 2604 5761 purgat
2652 5689 2810 5744 lcetio
2850 5704 2981 5743 mss.
3012 5687 3310 5743 exsulabit:
3342 5698 3400 5743 ut
3427 5689 3486 5761 τὸ

1889 5763 2080 5817 sanctis
2113 5761 2180 5816 ad
2210 5762 2394 5817 fideles
2417 5759 2670 5816 veritatis
2700 5771 2946 5815 amantes
2973 5761 3256 5825 referatur,
3290 5759 3488 5829 quihns‘

1888 5849 2072 5891 veram
2095 5833 2418 5900 doctrinam,
2443 5833 2706 5890 librorum
2728 5847 2947 5890 suorum
2970 5832 3238 5902 subsidio,
3263 5831 3484 5888 minime

1886 5906 2252 5964 exsulaturam
2281 5905 2586 5977 pollicetur".
