3988 6332
556 315 627 376 55
639 318 657 374 Ι

1757 314 2004 375 SANCTI
2057 316 2312 376 "ILARII
2354 319 2663 378 EPISCOPI
3708 333 3786 389 5'39.

559 436 706 494 enim
738 434 923 508 generi
957 434 1081 490 vita:
1127 442 1360 490 mortem
1389 441 1481 489 aut
1527 433 1608 490 vis
1661 434 1920 501 exterior,
1952 434 2003 489 id
2056 444 2161 502 est,
2189 438 2241 501 Α
2271 440 2517 496 humanae
2540 441 2641 496 sub
2672 440 2963 500 voluntatis
2982 457 3093 498 suae
3123 440 3367 498 libertate
3393 443 3677 503 moriturus.
3698 448 3790 507 Non

561 529 747 598 l‘ebris,
783 529 1047 596 vulneris,
1079 542 1262 594 casus,
1291 527 1485 595 ruinae,
1535 526 1850 598 degrassata
1879 528 1930 582 in
1962 543 2161 599 corpus

567 623 879 690 accelerat;
911 630 1004 677 aut
1046 621 1161 693 ipsa
1206 629 1393 677 natura
1439 622 1684 691 corporis
1728 622 1894 677 nostri
1924 622 2076 677 senio
2105 621 2157 676 in

562 731 682 774 eam
730 715 900 786 ipsam
952 722 1181 770 mortem
1219 716 1358 770 victa
1413 714 1677 775 concedit.
1716 712 2031 785 Unigenitus
2059 728 2157 769 au-

561 816 669 867 tem
715 809 858 865 Deus
909 810 983 863 ita
1034 816 1359 881 potestatem
1408 807 1613 862 habens
1652 806 1917 877 ponendae
1942 806 2158 874 animm,

563 900 645 975 (l)
670 910 728 957 ut
751 901 1198 968 resumendte,ad
1221 902 1585 973 peragendum
1609 902 1660 956 in
1689 916 1749 957 se
1780 900 1968 956 mortis
1990 915 2166 956 sacra-

560 1005 829 1063 mentum,
858 1011 980 1051 cum
1022 1005 1151 1067 ροιο
1176 1003 1331 1051 aceto
1352 1009 1762 1050 consummasse
1791 1009 1851 1050 SC
1875 1009 2037 1048 omne
2064 991 2167 1048 hu-

562 1104 846 1146 manarum
900 1088 1217 1160 passionum
1270 1102 1406 1159 opus
1434 1085 1509 1161 (α)
1542 1094 1771 1143 testatus
1812 1096 1977 1154 esset,
2007 1085 2164 1140 incli-

569 1189 699 1240 nato
726 1184 903 1254 capite
928 1182 1180 1252 spiritum
1212 1180 1433 1235 tradidit
1456 1178 1662 1252 (Joan.,
1696 1196 1809 1247 xtx,
1833 1178 1951 1250 30).
1975 1178 2033 1235 Si
2064 1181 2167 1235 hoc

569 1285 779 1335 naturae
829 1276 1087 1333 hominis
1112 1278 1201 1347 jus
1222 1276 1465 1332 relictum
1489 1286 1594 1343 est,
1616 1285 1676 1331 ut
1706 1292 1800 1347 per
1820 1290 1880 1330 se
1908 1274 2168 1330 exhalans

560 1371 815 1443 Spiritum
832 1370 1137 1441 requiescat
1149 1369 1315 1444 328
1337 1369 1387 1423 in
1410 1377 1660 1437 mortem,
1691 1377 1745 1424 et
1771 1384 1876 1423 non
1897 1367 2163 1423 dissoluto

567 1478 798 1535 corpore
842 1462 1161 1520 labefactata
1207 1463 1385 1517 anima
1414 1461 1657 1529 decedat,
1685 1462 1769 1518 vel
1812 1461 2054 1532 abruptis
2078 1468 2172 1516 aut

564 1557 830 1630 perlbssis
876 1565 968 1613 aut
1014 1555 1221 1613 collisis
1254 1556 1513 1611 membris
1546 1556 1771 1627 spiritus
1815 1563 2087 1626 tamquam
2115 1554 2171 1610 in

568 1652 699 1709 sede
728 1666 825 1707 sua
854 1649 1084 1707 violatus
1122 1660 1371 1721 erumpat
1399 1658 1492 1704 aut
1532 1649 1714 1704 efﬂuat
1742 1664 1754 1702 :
1781 1646 1984 1703 incidat
2011 1646 2063 1702 in
2092 1646 2170 1721 (b)

570 1745 859 1802 Dominum
892 1747 1021 1801 vitae
1071 1744 1260 1801 mortis
1287 1752 1485 1810 metus,
1508 1743 1554 1798 si
1580 1741 1722 1814 quod
1751 1743 1952 1799 emisso
1980 1741 2172 1813 spiritu

2260 545 2346 589 est
2378 534 2428 588 iu
2462 534 2737 590 voluntate
2789 535 2868 611 (5)
2922 534 2993 610 (e)
3030 536 3313 593 morientis
3340 544 3396 592 et
3438 547 3677 607 potestate
3708 559 3790 602 non

2262 625 2352 681 diu
2378 627 2511 682 mori
2543 627 2703 683 timor
2734 628 2926 686 mortis
2958 646 2972 684 :
2998 629 3120 701 quia
3151 637 3208 684 et
3237 630 3477 685 voluntas
3508 633 3734 691 moriendi
3752 646 3792 693 et

2265 727 2506 792 potestas
2531 722 2884 778 reviviscendi
2916 732 3066 779 extra
3099 731 3343 780 naturam
3372 724 3570 781 timoris
3587 736 3678 795 est,
3695 730 3791 787 dum

2267 812 2444 868 timeri
2486 828 2632 868 mors
2662 829 2768 869 non
2826 825 3003 885 potest
3033 827 3087 871 et
3128 816 3181 871 in
3212 816 3483 874 voluntate
3512 821 3736 878 moriendi
3754 832 3795 880 et

2266 905 2319 960 in
2350 914 2614 977 potestate
2638 906 2869 963 vivendi.

2342 1001 2428 1055 l5.
2482 1001 2561 1054 Au
2590 1017 2766 1071 prunus
2811 1002 3056 1056 timuerit.
3089 1033 3162 1043 —
3201 1002 3307 1060 Sed
3366 1001 3501 1060 forte
3548 1004 3735 1075 penduli
3756 1007 3795 1063 in

2268 1108 2428 1147 cruce
2458 1095 2705 1164 corporis
2748 1093 2829 1166 (6)
2857 1109 3029 1164 poena:
3055 1094 3488 1166 etcolligantium
3512 1095 3689 1153 funium
3711 1098 3796 1153 vio-

2269 1185 2412 1242 lenta
2445 1186 2675 1252 vincula,
2708 1197 2760 1242 et
2798 1188 3109 1243 adacturum
3151 1189 3425 1245 clavorum
3453 1189 3518 1261 (Ῑ)
3552 1192 3692 1245 cruda
3714 1193 3799 1248 γυι-

2271 1299 2398 1339 nera
2440 1294 2564 1339 sunt
2596 1283 2820 1340 timori?
2850 1284 2917 1339 Et
2941 1285 3215 1340 videamus
3246 1286 3404 1355 cujus
3431 1286 3655 1356 corporis
3677 1286 3799 1342 homo

2269 1374 2517 1432 Christus
2566 1378 2672 1443 sit;
2702 1386 2759 1431 ut
2808 1377 2861 1432 io
2912 1392 3254 1447 suspensam.
3305 1387 3361 1433 et
3405 1377 3479 1450 (g)
3510 1378 3801 1446 nodatam,et

2273 1470 2627 1526 tran.~.fossant
2668 1486 2888 1526 carnem
2920 1471 3073 1528 dolor
3098 1471 3383 1528 manserit.

2343 1565 2507 1638 329
2536 1566 2625 1621 14.
2678 1565 2826 1622 Unde
2846 1566 2899 1621 in
2938 1566 3237 1637 corporibus
3277 1583 3475 1622 sensus.
3501 1566 3652 1622 -—Ea
3693 1567 3798 1624 enim

2274 1669 2464 1715 natura
2491 1674 2782 1730 corporum
2813 1669 2918 1726 est,
2950 1658 3031 1732 (It)
3060 1668 3116 1714 ut
3161 1676 3229 1715 ex
3255 1660 3529 1715 consortio
3572 1660 3734 1715 anima:
3763 1661 3800 1715 in

2275 1765 2493 1807 sensum
2541 1752 2830 1823 quemdam
2877 1750 3073 1807 anima:
3118 1752 3405 1808 sentientis
3449 1753 3687 1819 animata,
3724 1768 3801 1809 non

565 1850 814 1898 mortuus
839 1849 941 1905 est,
967 1855 1071 1896 non
1102 1838 1369 1896 libertatis
1413 1854 1525 1895 suae
1567 1838 1634 1894 ad
1678 1838 2015 1894 moriendum
2040 1854 2168 1894 usus
2200 1845 2247 1907 B
2274 1846 2344 1901 sit
2371 1845 2536 1902 hebes
2576 1845 2936 1919 inanimisque
2965 1845 3217 1902 materies
3243 1863 3257 1899 :
3285 1845 3381 1901 scd
3413 1855 3466 1901 et
3503 1854 3681 1902 atracia
3712 1861 3801 1901 se“.

569 1943 656 1993 est
706 1944 993 2007 potestate.
1025 1935 1181 2003 Quod
1233 1934 1280 1990 si
1305 1951 1370 1990 ex
1400 1949 1460 1990 se
1510 1943 1754 1990 mortuus
1782 1944 1885 1997 est,
1915 1941 1969 1989 et
1991 1947 2086 2004 per
2109 1946 2170 1989 se

568 2030 819 2103 spiritum
845 2028 1077 2087 reddidit
1103 2045 1118 2098 ;
1149 2044 1257 2085 non
1295 2037 1378 2085 est
1403 2035 1579 2084 terror
1608 2027 1801 2083 mortis
1827 2028 1878 2083 in
1904 2033 2170 2099 potestate

571 2124 862 2182 moriendi.

643 2218 733 2276 12.
781 2218 893 2275 Nec
923 2221 1129 2292 corpori
1158 2236 1250 2276 nec
1277 2220 1487 2291 spiritui
1512 2236 1651 2276 mors
1678 2218 1777 2291 [uit
1811 2216 2073 2295 terribilis.
2099 2247 2173 2259 —

566 2313 675 2372 Sed
747 2315 883 2371 forte
958 2315 1205 2371 humanm
1275 2315 1593 2387 ignorantiae
1668 2312 1955 2369 timiditate
2033 2311 2173 2367 hanc

567 2411 741 2482 ipsam
775 2410 855 2481 (2)
887 2410 958 2481 (c)
1004 2410 1270 2467 moriendi
1310 2410 1363 2466 in
1395 2426 1456 2466 se
1496 2410 1675 2465 timuit
1713 2416 2037 2481 potestatem
2067 2423 2082 2472 ;
2116 2416 2175 2462 ut

567 2502 699 2560 licet
720 2501 789 2559 ab
827 2516 887 2559 se
911 2500 991 2577 (5)
1020 2511 1265 2559 mortuus
1311 2501 1401 2570 sit,
1442 2510 1624 2559 tamen
1675 2501 1778 2557 hoc
1805 2500 2003 2572 ipsum,
2028 2499 2173 2571 quod

572 2595 871 2652 moriturus
908 2604 1075 2655 esset.
1108 2596 1368 2651 timuerit.
1405 2593 1475 2652 Et
1521 2595 1567 2652 si
1599 2592 1740 2649 forte
1767 2602 1948 2661 erunt,
1981 2593 2072 2664 qui
2102 2593 2173 2647 ita

571 2689 1000 2756 existimabunt;
1029 2689 1365 2746 constituant
1416 2688 1503 2745 cui
1559 2690 1636 2744 rei
1691 2688 2003 2745 existiment
2032 2702 2177 2743 mor-

572 2793 682 2841 tem
741 2784 908 2841 fuisse
953 2778 1276 2851 terribilem,
1309 2784 1560 2857 Spiritui,
1589 2800 1656 2840 an
1687 2783 1928 2855 corpori.
1973 2783 2030 2840 Si
2055 2798 2177 2838 cor-

573 2880 691 2951 pori
717 2894 734 2945 ;
764 2894 903 2935 anne
937 2879 1209 2952 ignorant,
1239 2878 1383 2951 quod
1398 2878 1599 2934 Sancto
1628 2879 2033 2949 corruptionem
2065 2882 2174 2933 non

571 2972 757 3029 visuro
810 2971 948 3047 (Ps.
999 2989 1085 3041 xv,
1147 2973 1275 3045 10),
1328 2973 1468 3029 intra
1510 2973 1745 3029 triduum
1798 2972 2043 3043 corporis
2094 2973 2177 3027 sui

572 3068 833 3141 templum
864 3079 1010 3127 esset
1056 3072 1457 3127 suscitaturus?
1494 3070 1554 3128 Si
1587 3086 1716 3127 vero
1763 3070 1985 3143 Spiritui
2032 3087 2177 3126 mors

573 3161 832 3219 terribilis
856 3163 1083 3239 est;(4)
1114 3164 1190 3239 (ά)
1232 3165 1439 3221 Lazaro
1483 3165 1535 3220 in
1590 3165 1824 3221 Abraba:
1855 3164 2180 3222 sinibuslae-

2275 1939 2393 2005 tiat,
2424 1947 2479 1994 et
2521 1948 2845 2010 compuncta
2881 1939 3084 2005 doleat,
3115 1949 3171 1993 et
3197 1939 3385 2009 algens
3415 1939 3597 2010 rigeat,
3629 1949 3675 1994 et
3707 1954 3801 1995 con-

2273 2033 2381 2090 fota
2409 2033 2664 2106 gaudeat,
2688 2042 2744 2090 et
2786 2032 2962 2089 inedia
2996 2032 3258 2100 tabescat,
3305 2042 3365 2089 et
3394 2032 3683 2104 pinguescat
3701 2033 3800 2088 cibo.

2274 2126 2359 2183 Ex
2391 2127 2624 2199 quodam
2641 2127 2787 2182 enim
2802 2107 3181 2184 obtinentisse
3209 2128 3639 2198 penetrantisque
3660 2125 3802 2181 anime

2280 2230 2619 2286 transcursu,
2649 2220 2944 2276 secundum
2967 2234 3031 2274 ea
3060 2220 3113 2276 in
3140 2220 3337 2290 quibus
3360 2220 3485 2285 erit,
3520 2229 3604 2273 aut
3627 2217 3801 2273 oblecta-

2279 2323 2384 2382 tur,
2415 2321 2509 2369 aut
2532 2313 2768 2370 laeditur.
2795 2311 2930 2369 Cum
2962 2314 3125 2385 igitur
3167 2321 3496 2384 compuncta
3546 2320 3628 2366 aut
3660 2310 3800 2367 emissa

2276 2421 2505 2478 Corpora
2533 2404 2738 2471 dolent,
2770 2422 2987 2461 sensum
3018 2407 3228 2462 doloris
3254 2409 3542 2464 transfusa:
3566 2407 3614 2462 in
3645 2420 3697 2460 ea
3724 2403 3802 2459 ani-

2278 2516 2379 2557 ma:
2420 2515 2612 2556 sensus
2653 2501 2909 2558 admittit.
2939 2502 3179 2575 Denique
3212 2502 3410 2559 vulnus
3436 2502 3662 2574 corporis
3682 2512 3801 2569 usque

2278 2594 2344 2650 ad
2369 2595 2469 2650 hos
2496 2594 2664 2665 dolet,
2699 2597 2924 2679 etdigiti
2981 2596 3348 2653 excidentium
3392 2595 3566 2668 (alios,
3606 2591 3800 2650 exceden-

2262 2688 2436 2760 tium)
2483 2704 2549 2744 ex
2577 2704 2743 2745 carne
2791 2692 3047 2761 unguium
3100 2690 3463 2763 praesegmina
3506 2689 3725 2745 nesciunt.
3751 2686 3797 2740 Et

2281 2782 2327 2837 si
2358 2782 2576 2854 quando
2609 2784 2897 2841 accedente
2916 2785 3048 2841 vitio
3079 2801 3200 2857 pars
3229 2785 3414 2857 aliqua
3445 2794 3669 2854 corrupta
3683 2794 3794 2836 ntem-

2282 2875 2523 2945 brorum,
2577 2893 2794 2934 sensum
2838 2878 2977 2935 viva:
3023 2879 3205 2935 carnis
3234 2878 3516 2947 amiserit;
3545 2892 3600 2934 ea
3635 2871 3800 2933 cumvel

2282 2971 2628 3028 deseeahitur
2657 2974 2738 3027 vel
2783 2983 2989 3040 uretur,
3039 2972 3282 3030 dolorem
3327 2972 3571 3045 quisquis
3611 2984 3706 3027 esse
3738 2981 3803 3038 p0—

2287 3067 2500 3135 tuissetg
2531 3081 2636 3121 non
2666 3076 2918 3122 manente
2951 3068 3001 3121 in
3033 3082 3094 3122 ea
3122 3068 3315 3122 anima:
3349 3068 3699 3138 permixtione,
3731 3076 3802 3117 non

2288 3161 2503 3216 sentiet.
2552 3160 2658 3216 Aut
2704 3176 2826 3216 cum
2872 3161 3051 3232 gravis
3097 3162 3396 3217 necessitas
3441 3156 3684 3218 recidendi
3718 3170 3804 3211 cor-

574 3263 738 3323 tante,
770 3256 1037 3313 infernum
1084 3257 1250 3313 chaos
1284 3256 1536 3313 Christus
1561 3259 1776 3314 timeret
1796 3258 1820 3312 ?
1845 3256 1973 3314 Haec
2010 3257 2172 3313 stulta
2200 3258 2244 3321 C
2278 3258 2427 3332 poris
2452 3267 2655 3326 manet,
2683 3256 2952 3314 medicato
2992 3266 3120 3327 potu
3149 3256 3471 3327 consopitur
3495 3257 3630 3326 vigor
3648 3254 3803 3315 animae,

574 3360 735 3421 atque
766 3348 991 3405 ridicula
1019 3361 1167 3417 sunt,
1201 3361 1258 3406 ut
1287 3350 1340 3405 in
1372 3359 1640 3422 potestate
1667 3350 1930 3421 ponendae
1973 3351 2172 3406 anima)

574 3452 639 3498 ac
689 3441 1028 3499 resumendae
1082 3444 1220 3499 mori
1251 3444 1487 3509 timeret,
1518 3442 1586 3499 ad
1613 3452 2011 3500 sacramentum
2050 3446 2175 3501 vitae

648 3560 730 3647 (1i
760 3560 863 3647 γει
889 3563 1253 3647 mammia.

672 3630 729 3701 2)
760 3633 815 3690 lu
841 3650 944 3691 ms.
979 3634 1179 3691 Veron.
1203 3635 1288 3691 hic
1312 3630 1529 3690 additur
1549 3644 1722 3689 suam.

676 3705 735 3776 5)
759 3706 814 3761 ltt
853 3707 995 3774 aliis,
1018 3708 1316 3763 moriturus.

651 3776 736 3848 (4)
766 3776 1043 3834 Eleazaro.

573 3873 695 3943 jore
738 3877 830 3946 de_
853 3872 959 3928 [ide
978 3873 1120 3946 apud
1161 3874 1565 3932 Theodoretum
1614 3874 1838 3946 Dialogo
1880 3888 1977 3929 ut:
2007 3872 2175 3929 Homo

578 3952 748 4001 autem
793 3943 1117 4020 Dominicus,
1148 3964 1241 4004 nec
1283 3949 1333 4003 vi
1360 3948 1522 4003 morbi
1550 3943 1843 4020 superatus,
1872 3963 1967 4020 nec
1992 3947 2178 4000 invitus

583 4028 812 4091 mortuus
840 4026 949 4074 est:
982 4019 1070 4091 sed
1115 4036 1210 4074 sua
1252 4031 1431 4091 sponte
1459 4022 1592 4075 venit
1613 4018 1681 4073 ad
1704 4021 1885 4091 mortis
1914 4018 2181 4091 dispensa-

580 4089 789 4152 tionem,
821 4090 1182 4146 corroboratus
1202 4087 1604 4148 ab'inltabitante
1628 4092 1679 4144 in
1704 4092 1819 4160 ipso
1850 4090 1959 4146 Deo
1994 4087 2177 4155 Verbo,

580 4160 668 4232 qui
697 4162 848 4228 dixit,
877 4160 1046 4232 Nemo
1073 4163 1205 4219 touit
1233 4165 1461 4219 animant
1500 4180 1665 4219 meant
1704 4179 1734 4216 a
1758 4179 1858 4231 me,
1890 4174 1998 4219 etc.
2031 4160 2181 4215 Divi-

582 4232 719 4287 uitas
739 4250 858 4311 ergo
882 4231 1020 4311 _F_ilii
1052 4246 1147 4301 est,
1174 4252 1291 4305 qua:
1319 4246 1363 4311 et
1411 4237 1576 4311 ponit,
1601 4245 1649 4290 et
1674 4251 1855 4290 rursus
1883 4237 2035 4289 sumit
2064 4234 2183 4287 ani-

584 4317 727 4377 mant
754 4306 974 4359 hominis
994 4323 1141 4377 quem
1167 4308 1396 4377 gestavit.

658 4374 737 4447 (tt)
778 4374 1016 4445 Aliquot
1028 4374 1364 4446 mssiproba:
1391 4389 1553 4443 notat,
1570 4387 1782 4443 testatus
1800 4386 1894 4433 est.

662 4446 741 4521 (b)
770 4448 931 4503 Vetus
976 4463 1080 4503 ms.
1115 4447 1298 4515 Colb.,
1326 4451 1383 4505 in
1432 4451 1598 4505 Deum
1640 4451 1775 4505 sine.
1819 4449 1987 4520 Magis
2012 4449 2188 4521 placet

585 4515 891 4585 Dominum,
920 4522 1173 4590 quamvis
1217 4521 1317 4577 hoc
1346 4523 1511 4578 verbo
1537 4521 1716 4577 divina
1759 4515 1948 4575 natura
1976 4515 2186 4590 signiti-

587 4600 894 4663 cetur,qua:
923 4591 1049 4649 hinc
1070 4596 1121 4647 ln
1146 4589 1364 4647 Christo
1393 4594 1813 4660 demonstratur,
1849 4591 1991 4663 quod
2018 4589 2087 4648 ex
2129 4609 2188 4648 se

587 4662 830 4719 moriens
880 4664 1002 4734 jure
1050 4665 1183 4720 nulli
1235 4664 1520 4721 hominum
1585 4677 1793 4720 naturae
1841 4665 2033 4720 relicto
2066 4679 2186 4721 sese

589 4734 824 4808 gaudere
850 4735 1022 4808 palam
1044 4736 1252 4793 iecerit.

665 4807 741 4881 (c)
766 4807 821 4863 In
847 4807 1072 4879 vulgatis
1103 4809 1192 4864 hic
1238 4808 1454 4865 additur
1480 4825 1627 4864 suam
1652 4825 1671 4866 :
1695 4823 1797 4866 vox
1828 4808 1986 4866 abest
2027 4824 2054 4863 a
2086 4823 2186 4881 po-

594 4878 821 4953 tioribus
866 4878 997 4953 mss.
1032 4895 1096 4936 ac
1124 4881 1302 4937 verbis
1327 4881 1382 4935 in
1411 4898 1465 4937 se
1491 4883 1625 4937 satis
1655 4882 1999 4952 exprimitur,
2033 4878 2181 4953 puta,

594 4968 658 5008 ac
679 4950 926 5024 moriendi
954 4962 1270 5024 potestatem,
1294 4970 1416 5024 qua:
1440 4955 1496 5009 in
1515 4970 1569 5009 se
1588 4954 1690 5010 sita
1713 4950 1849 5022 erat,
1877 4950 2073 5009 timuit.

671 5020 753 5096 (ά)
783 5020 1113 5096 vetustiores
1140 5020 1272 5080 mss.
1304 5020 1552 5081 Eleazaro
1582 5026 1800 5091 habent,
1825 5020 1931 5081 non
1963 5024 2181 5081 Lazaro.

598 5093 877 5151 Vocabula
908 5093 1137 5169 Spiritus
1181 5108 1426 5152 naturam
1457 5097 1691 5154 divinam
1734 5100 1823 5155 hic
1857 5097 2082 5169 intelligi
2124 5098 2187 5152 li-

596 5178 728 5239 quet
750 5182 817 5223 ex
845 5181 995 5240 num.
1051 5168 1144 5234 54,
1172 5180 1361 5240 estque
1388 5170 1667 5240 adarquata
1687 5171 1887 5228 Christi
1916 5173 2108 5227 divisio
2131 5170 2182 5225 in

597 5238 797 5311 Corpus
820 5250 874 5295 et
901 5238 1185 5310 Spiritum,
1224 5238 1409 5307 idest,
1437 5243 1489 5296 in
1522 5238 1792 5299 hominem
1813 5256 1868 5300 et
1906 5245 2108 5310 Deum;
2136 5255 2189 5300 et

599 5325 664 5387 ea
681 5311 897 5387 quidem
911 5311 1315 5387 acetimmodata
1329 5317 1613 5369 sententiae
1628 5317 1966 5383 Arianorum,
1992 5332 2191 5387 corpus

599 5384 654 5459 in
678 5384 897 5440 Christo
924 5386 1225 5459 dumtaxat
1253 5394 1308 5439 et
1332 5399 1638 5442 sermonem
1668 5389 1812 5442 vices
1847 5390 2039 5442 aninue
2063 5384 2193 5459 sup-

602 5455 841 5526 plentem
913 5458 1348 5529 agnoscentium.
1396 5458 1601 5527 Quibus
1652 5460 1887 5516 ostendit
1932 5455 2185 5527 llilariu's,

603 5542 711 5583 non
738 5539 984 5586 neutram
1020 5531 1169 5587 illam
1212 5541 1455 5586 naturam
1503 5532 1681 5588 timori
1708 5548 1831 5589 esse
1877 5532 2190 5601 obnoxiam,

603 5600 698 5656 sed
726 5601 857 5658 nihil
883 5618 1006 5659 esse
1045 5618 1222 5658 causa:
1265 5617 1362 5658 cur
1387 5601 1636 5660 Christus
1677 5605 1918 5662 alterutri
1966 5600 2187 5662 timeat:

600 5676 754 5750 juxta
782 5691 902 5750 quas
925 5676 1258 5750 Augustinus
1281 5674 1339 5750 iu
1362 5692 1443 5750 ps.
1466 5691 1649 5744 xcxtn,
1682 5696 1734 5735 u.
1767 5678 1836 5735 19
1868 5696 1881 5731 :
1910 5677 1981 5732 Te
2014 5679 2195 5750 praesi-

604 5747 777 5823 gannit
803 5747 1149 5823 Dominusin
1192 5763 1287 5801 sua
1325 5748 1644 5823 inﬁrmitate,
1669 5767 1771 5805 non
1806 5767 1860 5805 se
1882 5767 1901 5804 .'
1932 5747 2036 5805 non
2062 5752 2197 5806 enim

601 5818 808 5877 timebat
857 5818 1005 5875 tertio
1029 5819 1112 5873 die
1137 5829 1534 5876 resurrecturus.
1580 5821 1815 5879 Prtetera
1850 5838 1955 5879 non
1990 5824 2077 5879 hic
2107 5838 2198 5880 re-

603 5890 815 5967 spuitur
847 5890 1167 5962 simpliciter
1206 5885 1387 5959 tlmOr,
1429 5893 1523 5948 sed
1562 5895 1610 5949 is
1654 5890 1860 5956 tantum
1891 5895 1977 5968 qui
2006 5910 2070 5952 ex
2104 5892 2203 5949 lni-

2280 3361 2337 3407 et
2361 3352 2416 3407 in
2444 3358 2744 3407 emortuam
2773 3364 2967 3405 sensus
2990 3349 3073 3405 sui
3095 3348 3427 3404 oblivionem
3457 3362 3601 3404 mens
3633 3344 3697 3419 (Ἰ)
3716 3355 3802 3399 suc-

2281 3446 2361 3503 cis
2399 3444 2461 3521 (i)
2508 3445 2919 3502 violentioribus
2966 3452 3225 3515 occupata
3272 3442 3579 3501 coniicitur.
3632 3446 3693 3496 Ac
3729 3448 3804 3492 tam

2471 3562 2742 3636 Morientis
2771 3577 2930 3616 mors.

2252 3718 2256 3723 Δ
2466 3635 2661 3764 grana;
2692 3649 2840 3703 mox,
2868 3648 3042 3719 crura,
3066 3646 3171 3689 non
3194 3632 3380 3687 cruda.

2511 3724 2602 3763 αδ.

2511 3724 2602 3763 αδ.

2282 3892 2452 3935 mana
2473 3873 2769 3948 ignorantia
2794 3872 3185 3948 proﬁciscatur.
3220 3871 3454 3948 Demum
3479 3870 3575 3948 hoc
3593 3877 3806 3948 argumen-

2283 3961 2397 4007 tum
2440 3942 2518 4005 iis'
2546 3956 2722 4017 petest
2769 3942 3071 4009 accenseri,
3104 3960 3222 4014 qua-
3276 3943 3355 4017 ad
3373 3942 3619 3998 hominem
3651 3942 3805 3997 vocant,

2286 4033 2340 4078 et
2362 4038 2426 4077 ex
2458 4014 2889 4074 adversariorum
2921 4017 3190 4072 sententia
3217 4014 3591 4087 conﬁciuntur.
3683 4078 3695 4087 _
3752 4077 3772 4087 γ’

2358 4091 2432 4165 (ε)
2461 4091 2579 4146 Vat.
2615 4092 2729 4145 has.
2769 4105 2871 4143 ms.
2910 4089 2965 4142 in
3012 4090 3274 4165 voluptate
3314 4086 3522 4165 mortis;
3548 4084 3597 4138 1η
3625 4078 3807 4165 ῖυιὲνξξν

2287 4156 2549 4220 morientis
2602 4177 2784 4216 mors:
2814 4169 3087 4229 corrupte.
3118 4158 3252 4213 Tum
3297 4160 3441 4230 apud
3486 4156 3573 4211 Er.
3601 4160 3648 4208 et
3683 4156 3810 4222 poste-

2289 4239 2464 4293 riores
2491 4234 2777 4299 editiones,
2821 4245 2867 4286 et
2894 4234 2947 4285 in
2998 4240 3242 4301 potestate
3267 4246 3371 4283 non
3397 4230 3489 4284 diu
3513 4230 3563 4281 in
3584 4232 3718 4301 morte
3734 4234 3809 4274 ma.

2289 4309 2447 4364 nendi
2497 4309 2666 4360 timor.
2694 4295 3152 4360 ltt'duolttts'mss.
3189 4300 3343 4356 Colb.
3378 4314 3433 4357 et
3478 4314 3578 4356 uno
3614 4295 3805 4355 δοτὺοιιο,

2291 4363 2344 4437 et
2365 4380 2584 4452 potentis
2615 4393 2716 4431 non
2761 4377 2851 4430 diu
2896 4376 3176 4452 mori,c_t_c.
3228 4373 3282 4452 In
3321 4371 3614 4452 antiquiore

2294 4452 2349 4508 Ν
2353 4445 2418 4507 on
2438 4460 2514 4505 est
2535 4452 2587 4504 in
2616 4457 2862 4518 potestate
2881 4447 3129 4501 moriendi
3151 4445 3416 4499 morientis
3458 4456 3508 4499 et
3536 4445 3721 4518 potentis
3740 4448 3809 4485 non

2291 4526 2381 4580 diu
2405 4539 2514 4579 esse
2535 4513 2818 4594 mortuum,
2835 4528 2882 4574 et
2908 4527 3160 4587 potentem
3180 4533 3281 4570 non
3309 4518 3409 4594 diu
3428 4516 3554 4594 mori
3577 4513 3702 4594 timor

2291 4599 2376 4653 tis.
2407 4597 2648 4665 Caeteros
2674 4584 2950 4665 sequimur
2979 4606 3108 4665 mss.
3135 4605 3364 4665 quorum
3379 4588 3552 4665 _|ectio
3572 4584 3741 4665 clarius

2291 4678 2471 4742 potest
2497 4664 2695 4742 reddi:
2725 4657 2841 4718 Non
2866 4671 2949 4719 est
2977 4657 3353 4742 timor-mortis
3377 4661 3432 4742 in
3462 4674 3547 4726 eo,
3569 4657 3811 4742 quispam}

2295 4727 2458 4812 atque
2487 4754 2554 4795 ex
2584 4738 2860 4812 voluntate
2892 4733 3129 4812 moritur.
3165 4743 3221 4788 et
3250 4739 3432 4804 potest
3458 4746 3559 4787 tton
3597 4727 3675 4783 diu
3694 4733 3809 4783 mort.

2294 4806 2390 4869 seu
2412 4812 2521 4867 cito
2553 4810 2618 4863 ad
2643 4810 2805 4862 vitam
2836 4806 3034 4862 redire.

2393 4882 2438 4952 f)
2470 4880 2814 4952 Pratellensis
2838 4877 3008 4952 codex
3040 4878 3170 4952 dura
3189 4877 3422 4952 vulnera.

2393 4886 2421 4952 f
2470 4882 2814 4938 Pratellensis
2838 4882 3008 4933 codex
3040 4882 3170 4933 dura
3189 4882 3422 4932 vulnera.

2366 4882 2443 5030 (9)
2473 4955 2689 5030 ln_mss.
2733 4950 2898 5006 Corb.
2949 4955 3005 5030 et
3046 4949 3363 5030 quibusdam
3406 4939 3807 5030 aliis.enuntiet-tt.z

2366 4974 2387 5030 (
2426 4974 2527 5026 )11ὶ
2561 4974 2689 5011 mss.
2733 4974 2898 5006 huru.
2949 4974 3005 5003 υι
3046 4974 3363 5021 qtuuusuultl
3406 4974 3544 5006 uitta.
3589 4974 3807 4997 tinuum-us

2294 4974 2458 5083 mage.
2508 5026 2619 5083 Hac
2676 5033 2733 5080 et
2777 5021 3064 5096 superiori
3108 5021 3375 5096 sententia
3428 5019 3635 5096 docetur
3669 5016 3813 5096 σοιξρξιε

2296 5096 2496 5155 Christi
2540 5114 2646 5154 non
2690 5095 2818 5152 solis
2866 5087 3064 5158 clavis,
3118 5093 3213 5149 sed
3241 5092 3488 5147 violentis
3520 5087 3811 5164 iunium.an

2296 5172 2437 5227 culis
2487 5170 2633 5227 cruci
2705 5167 2871 5223 fuisse
2914 5164 3242 5237 colligatum.
3289 5160 3534 5237 Tumad
3564 5160 3810 5237 marginata

2293 5220 2535 5308 ἑῖ-ὲὶξιηξξ
2553 5220 3023 5296 ῐιὶίονῖιξιέιὶεετῑιε
3043 5220 3190 5309 iiuna
3237 5252 3269 5309 ar
3320 5235 3498 5306 Lipsio
3534 5220 3809 5309 ειξμψιέβξξη

2293 5293 2948 5382 Etiéfdiiiaié'arrepmin,
2982 5293 3197 5382 deinde
3225 5293 3548 5382 obtinuerat.
3574 5293 3675 5357 Jant

2630 5366 2791 5454 nvi—tit:
2813 5401 2867 5438 tt.
2894 5366 2969 5458 7::
3006 5381 3137 5450 Qua:
3181 5381 3234 5434 in
3262 5380 3566 5458 impietatem
3594 5366 3812 5458 populiis:

2293 5444 2403 5518 sent
2446 5444 2708 5516 mansura.
2762 5444 3049 5525 'Quocirca'
3101 5469 3206 5510 non
3274 5444 3447 5525 placet
3483 5444 3613 5519 quod
3653 5444 3811 5525 iu‘uttfl

2774 5510 2854 5584 ut“
2875 5510 3131 5600 suspensa
3174 5534 3221 5581 et
3272 5510 3459 5580 nodato
3500 5510 3543 5575 et
3590 5510 3810 5581 trmtsfosm

2294 5623 2468 5672 carne,
2500 5616 2606 5660 etc.
3020 5671 3025 5672 ί
3338 5669 3347 5672 Α
3384 5668 3395 5672 Α
3672 5657 3696 5672 Α,

2370 5653 2636 5752 (λῖδῖῖιᾶε
2664 5674 2833 5752 codex
2864 5673 2986 5752 _Va_t.
3016 5671 3157 5737 bas.,
3201 5681 3258 5724 ut
3298 5653 3811 5752 rrisiexlceusortio

2299 5725 2450 5809 utde
2473 5725 2839 5804 {iiii'éehiia'ni
2866 5725 3064 5812 hebes,
3086 5725 3181 5816 pro
3221 5759 3322 5798 non
3364 5740 3444 5817 sit_
3472 5736 3638 5817 habet:
3661 5725 3811 5794 οιροει

2299 5838 2492 5914 μίξιφὲ
2522 5836 2585 5876 ea:
2611 5818 2891 5914 cujusdam
2913 5818 3070 5887 enim,
3086 5811 3208 5914 proL
3225 5831 3288 5871 ea:
3311 5811 3806 5914 quodangeuf‘ml-‘mimd

2373 5876 2526 5965 (:i'fln
2571 5876 2842 5949 vetcribtls
2870 5880 3001 5948 mss.
3037 5876 3208 5954 sucis}
3237 5876 3356 5943 cum
3386 5876 3554 5939 unice.
3582 5877 3630 5932 lu
3653 5876 3778 5942 op’lim
