3988 6332
139 296 241 354 555

1353 294 1440 353 ΒΕ
1483 294 1855 354 TRINI'I‘ATE
1898 296 2100 355 LIBER
2144 295 2211 354 X.

3326 299 3434 360 ’554

137 411 332 467 doloris
379 411 559 468 nescia
590 412 833 470 membra
859 411 1160 482 caeduntur,
1192 421 1247 470 et
1272 428 1490 469 omnem
1518 414 1598 489 (α)
1628 414 1723 469 alti
1751 418 1805 478 Α
1830 414 1962 471 Nam
2010 432 2116 487 quo
2162 414 2325 471 modo
2375 414 2515 471 ﬁlius
2564 416 2657 472 Dei
2686 415 2919 472 hmnitiis
2944 415 3086 473 ﬁlius
3112 417 3216 474 erit
3243 426 3429 489 natus;

138 508 369 562 vulneris
397 507 606 579 plagam
635 524 828 566 sensus
858 508 1038 566 carnis
1077 520 1375 576 emortuus,
1423 524 1588 565 sensu
1616 508 1733 565 ani-

138 612 239 655 mze
283 598 339 654 in
386 613 448 655 se
477 601 739 669 torpentis
788 602 989 657 evadit.
1039 600 1214 657 All'ert
1260 601 1442 672 itaque
1484 600 1730 657 dolorem

137 707 233 765 per
260 695 460 750 anima:
487 695 715 751 inﬁrmis
756 695 1167 764 admixtionem,
1199 696 1252 752 in
1300 695 1571 752 inﬁrmum
1603 710 1732 753 scn-

136 803 255 844 sum
276 803 435 844 suum
463 805 662 860 corpus
687 792 1007 848 animatum.

206 877 296 935 15.
332 878 483 937 Unde
503 878 695 937 Christi
723 899 909 953 corpus
931 891 977 938 et
998 884 1269 937 anima.—
1294 882 1349 939 Si
1378 880 1539 954 igitur
1569 882 1733 939 homo

135 975 297 1033 Jesus
324 975 576 1032 Christus
606 991 703 1047 per
731 976 882 1032 initia
909 977 1156 1050 corporis
1192 985 1353 1047 atque
1396 976 1591 1032 animae
1638 991 1737 1032 no-

138 1080 265 1125 stra:
294 1069 430 1125 vixit
455 1069 508 1124 in
536 1082 791 1141 corpore,
825 1079 881 1127 et
910 1085 1017 1126 non
1048 1070 1119 1125 ita
1152 1078 1210 1124 ut
1248 1070 1494 1140 corporis
1524 1072 1625 1135 sui,
1657 1070 1737 1124 sic

137 1179 189 1226 et
236 1169 436 1225 anima:
480 1185 590 1225 sure
616 1169 870 1241 princeps
904 1169 1067 1237 Deus,
1095 1170 1175 1240 (1)
1221 1170 1273 1224 in
1327 1167 1733 1225 similitudinem

138 1263 303 1337 330
329 1263 564 1319 hominis
591 1265 937 1328 constitutus,
968 1273 1022 1320 et
1050 1263 1233 1319 habitu
1265 1273 1514 1334 repertus
1539 1271 1597 1319 ut
1638 1262 1739 1318 ho-

139 1374 229 1413 mo
259 1368 414 1413 natus
445 1365 564 1424 est;
614 1357 692 1430 (ὁ)
721 1357 963 1413 dolorem
991 1358 1223 1413 senserit
1264 1357 1508 1428 corporis
1552 1356 1745 1420 nostri,

138 1453 337 1508 anima:
367 1461 570 1508 nostra:
596 1462 651 1508 et
677 1451 940 1522 corporis,
977 1461 1036 1506 nt
1087 1461 1371 1519 conceptu,
1404 1451 1473 1505 ita
1505 1460 1558 1505 et
1588 1449 1739 1505 initio

141 1546 413 1601 animatus
434 1545 486 1600 in
516 1561 765 1617 oorpore.
807 1544 960 1615 Quod
1006 1545 1051 1601 si
1089 1553 1363 1615 assumpta
1411 1544 1510 1599 sibi
1546 1558 1641 1612 per
1682 1557 1742 1599 se

141 1656 203 1697 ex
233 1639 460 1709 Virgine
493 1656 679 1708 carne,
712 1641 827 1712 ipse
854 1640 955 1697 sibi
989 1640 1064 1712 (Ξ)
1094 1640 1165 1711 (ο)
1213 1651 1265 1696 et
1306 1656 1370 1696 ex
1419 1654 1479 1695 se
1506 1641 1740 1694 animam

145 1734 395 1804 concepti
430 1749 526 1805 per
556 1749 614 1789 se
642 1733 884 1803 corporis
907 1732 1206 1803 eoaptavit;
1234 1730 1526 1788 secundum
1546 1731 1741 1785 anima:

142 1827 500 1901 corporisque
571 1840 835 1890 naturam,
912 1841 1132 1882 necesse
1180 1835 1264 1883 est
1321 1836 1369 1882 et
1434 1825 1740 1895 passionum

146 1920 315 1978 fuisse
344 1931 613 1976 naturam.
646 1920 927 1975 Evacuans
955 1933 1014 1975 se
1044 1919 1185 1974 enim
1213 1934 1279 1974 ex
1313 1918 1408 1974 Dei
1455 1918 1646 1980 forma,
1691 1926 1745 1973 et

144 2014 375 2071 formam
420 2015 560 2070 servi
608 2013 902 2084 accipiens,
952 2020 1003 2068 et
1054 2010 1197 2066 ﬁlius
1248 2011 1339 2067 Dei
1385 2011 1546 2067 ctiam
1601 2008 1745 2066 ﬁlius

151 2107 383 2164 hominis
410 2122 663 2170 nascens,
688 2121 754 2162 ex
779 2121 838 2163 se
869 2121 1072 2176 suaque
1100 2106 1297 2161 virtute
1325 2120 1432 2159 non
1462 2102 1745 2173 deﬁciens,

151 2200 295 2256 Deus
320 2199 554 2257 Verbum
588 2196 667 2273 (tt)
708 2197 1102 2255 consummavit
1149 2196 1421 2252 hominem
1450 2196 1745 2253 viventem.

221 2324 309 2413 (ι)
330 2339 397 2413 in
415 2339 781 2413 similitudine,-
809 2352 1018 2413 grmce,
1047 2339 1104 2413 iv
1133 2336 1441 2413 inutilium-1.
1464 2334 1554 2392 Sic
1583 2335 1741 2403 intra,

147 2409 300 2468 num.
335 2412 429 2479 ‘25,
468 2412 523 2466 in
561 2410 895 2466 similitudine
921 2409 1140 2464 hominis
1160 2409 1493 2463 constitutus.

217 2482 305 2557 (‘2)
333 2482 515 2539 Codex
546 2481 743 2539 Veron.
775 2500 864 2555 per
891 2498 963 2550 se,
991 2483 1195 2552 absque
1228 2480 1487 2553 particula
1518 2487 1587 2534 et.

148 2609 341 2665 codice
365 2606 678 2663 Colbertino
707 2604 1059 2676 quaternione
1088 2600 1175 2676 hic
1194 2602 1413 2676 avulso,
1440 2598 1753 2676 desideran-

151 2692 239 2737 tur
268 2695 395 2750 quae
423 2680 491 2734 ab
522 2680 646 2734 hinc
674 2671 843 2746 usque
872 2676 937 2731 ad
967 2674 1210 2750 numit’il
1249 2671 1612 2750 intercedunt.

219 2746 304 2824 (α)
333 2751 472 2808 Tres
502 2767 657 2819 mss,
685 2750 823 2816 acti;
847 2756 902 2804 et
932 2763 1054 2804 mox
1101 2746 1327 2814 Pratcl.,
1360 2752 1607 2812 emortuo,
1648 2759 1757 2800 non

151 2835 438 2882 enwrtnus.

224 2896 310 2968 (ὁ)
351 2894 417 2968 In
467 2892 734 2968 vulgatis,
783 2908 955 2963 parem
1002 2890 1255 2968 dolorem.
1287 2886 1455 2968 Abest
1499 2903 1679 2968 parem
1726 2903 1755 2943 a

152 2961 301 3025 mss;
321 2967 448 3024 Tria
495 2961 587 3022 hic
630 2961 887 3021 adversus
937 2964 1165 3018 Arianos
1212 2961 1757 3030 Appollinaristarum

153 3051 416 3113 parentes
477 3046 796 3113 asseruntur
840 3054 854 3090 :
907 3034 1160 3106 primum,
1215 3034 1503 3113 humanam
1551 3032 1754 3087 Christi

151 3103 413 3168 naturam
472 3124 577 3165 non
635 3103 920 3163 hominum
962 3122 1147 3168 more,
1202 3103 1296 3159 sed
1353 3105 1470 3159 solo
1536 3116 1759 3159 auctore

155 3185 343 3241 Verbo
390 3183 456 3238 de
497 3180 717 3247 Virgine
765 3180 928 3235 tuisse
971 3184 1314 3247 conceptam;
1344 3175 1594 3243 alterum,
1631 3176 1761 3230 Ver-

150 3236 299 3312 btin;
315 3236 528 3310 vanimte
570 3236 714 3308 vices
744 3268 852 3307 non
883 3236 1241 3319 supplevisse,
1284 3236 1377 3302 sed
1420 3236 1651 3301 animam
1681 3248 1755 3300 si-
1786 3236 1831 3298 C

150 3329 269 3384 mul
322 3343 445 3383 cum
478 3339 706 3393 carpere
751 3323 1148 3390 assumpsisse;
1183 3329 1534 3389 postremum,
1571 3319 1640 3393 ita
1671 3329 1755 3393 to—

154 3410 274 3456 tum
326 3390 602 3455 hominem
638 3412 670 3449 a
715 3396 820 3450 lilio
871 3393 962 3449 Dei
1012 3404 1377 3462 assumptum,
1413 3400 1473 3444 ut
1515 3406 1544 3443 ει
1577 3390 1753 3445 divina

150 3486 269 3533 sua,
314 3473 511 3525 virtute
561 3484 624 3523 ac
678 3477 870 3522 natura
922 3461 1230 3520 nullatenus
1287 3461 1566 3518 deiecerit.
1621 3462 1757 3518 Hinc

150 3532 414 3600 Christus
441 3545 600 3597 etiam
633 3548 691 3593 ut
716 3541 877 3593 homo
899 3547 1043 3592 recte
1073 3545 1296 3606 negatur
1336 3535 1571 3589 sensisse
1611 3532 1760 3606 dolo-

153 3633 264 3670 rem
341 3613 578 3683 corporis
645 3612 836 3675 nostri;
884 3609 1028 3683 quia_
1062 3606 1305 3683 corporis
1377 3607 1547 3661 nostri
1596 3605 1754 3683 dolor

153 3687 374 3759 peccati
414 3676 568 3755 paena
596 3691 699 3745 est.
727 3686 883 3754 eique
900 3676 1074 3736 inniti
1107 3676 1447 3759 sulijaccmus
1477 3686 1574 3759 :_at
1601 3676 1758 3733 Citri-

151 3749 276 3815 stus
302 3749 560 3828 alia'lcge
590 3749 898 3825 conccpius,
947 3766 1054 3828 nec
1090 3750 1292 3828 peccati
1337 3765 1461 3805 reus
1489 3749 1607 3828 fuit,
1659 3763 1759 3828 nec

152 3847 338 3903 poena:
367 3821 656 3892 obnoxius,
685 3821 774 3881 cui
802 3840 974 3895 neque
1002 3823 1106 3880 nisi
1135 3831 1325 3949 sponte
1344 3836 1436 3875 sua
1470 3821 1756 3888 subjaeuit.

156 3910 225 3949 Αι
270 3918 412 3949 mm
440 3902 482 3949 si
511 3899 795 3949 contuentio
825 3898 968 3949 illius
1000 3894 1123 3949 ideo
1184 3894 1251 3949 tic
1275 3892 1665 3949 consideretur.
1702 3899 1756 3948 ut

151 3892 225 3960 Άι
270 3918 412 3958 vero
440 3902 483 3956 si
511 3899 795 3968 conceptio
825 3892 968 3952 illius
1000 3894 1129 3968 ideo;
1165 3892 1251 3951 hic
1275 3892 1665 3968 consideretur,
1702 3899 1761 3948 ut

152 3991 225 4032 ex
273 3973 540 4045 singulari
584 3965 952 4045 cottceptionis
1009 3966 1170 4045 modo
1228 3976 1423 4037 praeter
1466 3965 1757 4045 humanam

153 4037 417 4103 naturam
442 4037 979 4099 ostetttlatunltabere
1000 4037 1253 4106 divinam,
1278 4037 1572 4093 secundum
1600 4052 1758 4107 quam

152 4119 414 4175 dolorem
437 4130 541 4170 non
572 4116 806 4171 senserit
833 4113 1078 4180 corporis
1112 4110 1314 4174 nostri;
1349 4109 1399 4162 in
1433 4108 1495 4163 iis
1528 4124 1645 4177 qtae
1676 4109 1761 4163 hic

152 4191 514 4262 disputantur
540 4186 701 4262 nulla
727 4186 830 4262 er_i_t
873 4183 1213 4262 difﬁcultas.
1238 4181 1352 4237 Erit
1389 4181 1587 4250 quippe
1618 4181 1758 4262 refu-

152 4250 296 4320 tatio
327 4276 545 4327 eorum,
575 4258 663 4329 qui
691 4257 744 4311 in
777 4256 1013 4329 Verbum
1047 4262 1103 4309 ut
1130 4252 1323 4329 animae
1369 4267 1592 4307 munere
1642 4250 1763 4306 fun-

149 4350 295 4407 gens
322 4322 791 4407 dolurcin_'c_ade[_e
814 4326 1143 4407 existimant.
1162 4322 1358 4407 {Vsque
1386 4339 1514 4407 vero
1540 4331 1763 4407 apparet

152 4393 427 4479 quorsum
478 4403 527 4459 in
579 4403 704 4457 his:
734 4398 1016 4479 Tenuit_in
1054 4398 1272 4479 hominis
1300 4393 1586 4479 amaritate
1627 4393 1763 4479 quod

148 4464 347 4534 matris
379 4486 474 4543 est,
511 4492 627 4530 cum
658 4483 826 4528 tamen
855 4472 1060 4527 haberet
1088 4471 1142 4525 in
1178 4467 1390 4540 originis
1419 4468 1601 4543 uirtute
1626 4464 1765 4537 quod

154 4551 306 4606 Deus
334 4542 706 4618 est,aliisque
746 4552 894 4600 tanto
939 4544 1116 4618 studio
1164 4550 1465 4618 exponatur
1515 4542 1763 4618 humana}

1777 1885 1823 1944 B

1834 508 1917 565 vel
1951 523 2177 563 manens
2219 508 2270 562 in
2319 509 2413 564 Dei
2444 507 2640 575 forma,
2671 508 2899 567 formam
2929 512 3072 566 servi
3106 511 3382 581 acceperit
3417 528 3431 567 :

1837 602 1880 656 si
1911 615 2016 656 non
2059 608 2281 672 potente
2322 600 2391 672 (ε)
2430 599 2604 657 Verbo
2634 603 2744 658 Deo
2773 617 2835 658 ex
2866 617 2925 658 se
2950 611 3005 658 et
3034 617 3251 659 carnem
3297 603 3439 659 intra

1838 692 2112 765 Virginem
2138 692 2214 765 (5)
2267 707 2571 761 assumere,
2623 704 2679 751 et
2720 697 2870 751 carni
2911 695 3146 752 animam
3175 696 3438 765 tribuere,

1838 789 2003 844 homo
2049 786 2300 844 Christus
2346 785 2505 843 Jesus
2546 787 2613 844 ad
2675 788 3106 860 redemptionem
3151 790 3347 846 anima:
3388 796 3445 846 et

1838 880 2084 952 corporis
2112 884 2280 937 nostri
2313 881 2585 953 perlectus
2622 892 2706 939 est
2735 891 2930 951 natus;
2983 893 3037 941 et
3078 899 3277 955 corpus
3324 883 3444 957 qui-

1839 974 1961 1031 dem
1990 973 2060 1049 (Ῑ)
2094 976 2165 1030 ita
2208 975 2581 1049 assumpserit,
2608 985 2662 1032 ιιι
2691 976 2742 1033 id
2764 994 2831 1033 ex
2861 977 3079 1051 Virgine
3096 990 3440 1050 conceptum,

1837 1067 2064 1124 formam
2081 1084 2203 1125 eum
2219 1084 2343 1125 esse
2364 1068 2510 1127 servi
2530 1069 2813 1127 eﬁecerit?
2845 1070 3007 1143 Virgo
3029 1072 3174 1128 enim
3199 1088 3305 1129 non
3336 1073 3442 1131 nisi

1840 1160 2074 1235 (4)(g)ex
2088 1176 2187 1219 suo
2198 1174 2385 1220 sancto
2401 1163 2600 1236 Spiritu
2616 1165 2797 1237 genuit
2812 1166 2954 1237 quod
2969 1166 3246 1238 genuit.Et
3259 1184 3447 1239 quam-

1837 1255 2139 1311 vistanttnn
2160 1254 2225 1312 ad
2256 1256 2585 1314 nativitatem
2618 1259 2797 1314 carnis
2813 1274 2880 1315 ex
2901 1275 2960 1314 se
2984 1259 3158 1324 daret,
3183 1274 3441 1332 quantum

1847 1366 1913 1407 ex
1946 1365 2005 1408 se
2030 1350 2267 1408 ﬂemina:
2294 1352 2626 1409 edendorum
2655 1370 2945 1426 corporum
2976 1359 3242 1426 susceptis
3280 1355 3448 1426 origi-

1855 1444 2013 1501 nibus
2042 1445 2450 1517 impenderent;
2500 1463 2605 1503 non
2648 1457 2828 1505 tamen
2876 1449 3038 1507 Jesus
3078 1450 3325 1507 Christus
3350 1466 3448 1522 per

1851 1536 2101 1593 humanae
2143 1539 2510 1609 conceptionis
2560 1541 2762 1597 coaluit
2804 1551 3073 1598 naturam.
3119 1543 3222 1600 Sed
3272 1544 3450 1601 omnis

1852 1647 2012 1688 causa
2057 1636 2312 1691 nascendi
2362 1638 2568 1698 invecta
2617 1652 2711 1709 per
2741 1637 3022 1709 Spiritum,
3057 1642 3228 1696 tenuit
3256 1641 3306 1695 in
3346 1640 3448 1696 ho-

1853 1726 2014 1781 minis
2059 1729 2341 1784 nativitatc
2374 1730 2514 1800 quod
2543 1731 2731 1787 matris
2760 1740 2871 1797 est;
2911 1746 3034 1787 cum
3067 1744 3242 1789 tamen
3280 1732 3449 1791 habe-

1852 1830 1935 1877 ret
1966 1818 2047 1893 (5)
2079 1819 2155 1895 (Ιι)
2184 1820 2236 1877 in
2270 1822 2492 1895 originis
2520 1825 2716 1880 virtute
2742 1822 2804 1898 (ἱ)
2834 1825 2976 1897 quod
3007 1827 3149 1883 Deus
3175 1837 3277 1884 est.

1925 1914 2011 1971 16.
2064 1913 2300 1970 Christus
2340 1919 2426 1988 qui
2466 1928 2512 1974 et
2543 1918 2607 1973 de
2633 1919 2782 1987 casio,
2814 1930 2860 1974 et
2886 1921 3030 1992 [ilius
3053 1921 3296 1989 hominis,
3321 1934 3369 1978 et
3396 1924 3451 1980 in

1854 2008 2000 2064 caelo.
2037 2040 2109 2050 —
2141 2009 2275 2066 llinc
2325 2010 2491 2081 igitur
2538 2012 2829 2069 maximum
2874 2012 3000 2070 illud
3049 2030 3114 2070 ac
3156 2015 3452 2086 pulcherri-

1855 2118 1999 2158 mum
2028 2102 2188 2177 331
2220 2106 2454 2176 suscepti
2494 2089 2728 2162 hominis
2757 2118 3153 2165 sacramentum
3191 2109 3455 2168 Dominus

1858 2199 1974 2269 ipse
2005 2199 2261 2266 ostendit,
2285 2199 2468 2257 dicens
2499 2218 2515 2256 :
2540 2200 2708 2257 Nemo
2738 2200 2812 2276 (j)
2840 2202 3105 2260 adscendit
3135 2204 3188 2259 in
3243 2203 3450 2275 emtum,

1924 2340 2001 2405 (5)
2030 2339 2367 2405 Adsumeret;
2399 2339 2615 2406 exinde,
2648 2341 2913 2401 tribueret.

1917 2409 1997 2484 (4)
2031 2408 2114 2484 Ex
2143 2412 2338 2468 Sancto
2360 2411 2585 2484 Spiritu.

1918 2480 2001 2556 (5)
2030 2480 2096 2537 In
2125 2484 2340 2557 originis
2370 2480 2658 2541 nativitate.

1864 2599 2006 2681 ﬁlius
2062 2602 2358 2681 hominis;
2400 2622 2541 2662 nunc
2590 2607 2642 2663 id
2670 2608 2844 2678 ipsum
2895 2607 3021 2666 inde
3069 2612 3451 2681 conﬁrmatur,

1863 2674 2143 2757 quodnnon
2183 2676 2361 2757 carnis
2405 2688 2633 2748 tantum,
2666 2674 2764 2737 sed
2792 2693 2847 2757 et
2875 2683 3070 2738 animm
3098 2684 3172 2740 sit
3199 2674 3454 2757 redetnpl

1867 2754 1969 2825 tor.
2001 2743 2243 2825 Utroque
2269 2748 2361 2804 illo
2390 2743 3011 2825 argumeittoAadversus
3041 2743 3454 2825 Apollinaristas

1864 2818 1942 2872 sic
1972 2818 2139 2872 utitur
2179 2818 2478 2891 Gregorius
2500 2822 2654 2889 Naz.,
2703 2821 2797 2878 Or.
2831 2841 2904 2889 LI,
2937 2841 2993 2880 η.
3030 2818 3139 2883 1'5:
3179 2827 3328 2894 Quod
3369 2846 3457 2884 as-

1865 2898 2125 2958 sumptum
2150 2908 2252 2946 non
2278 2903 2373 2958 est,
2392 2896 2679 2967 curationis
2700 2905 2774 2951 est
2798 2912 3075 2967 δίεμαι...
3104 2898 3167 2953 Si
3187 2900 3458 2956 dimidiata

1862 2971 2062 3043 tantum
2100 2978 2164 3016 ea:
2194 2975 2339 3043 porte
2365 2965 2593 3022 Adamas
2619 2966 2798 3038 lapsus
2835 2965 2929 3033 est,
2975 2970 3300 3025 dimidiatum
3326 2989 3455 3043 quo-

1861 3050 1957 3111 que
1993 3033 2068 3111 sit
2113 3036 2249 3106 quod
2296 3048 2614 3111 assutnptum
2652 3033 2747 3104 est,
2777 3049 2832 3095 ct
2858 3048 2981 3111 post
3007 3055 3174 3111 pauca
3201 3061 3214 3096 :
3245 3042 3309 3099 Si
3338 3033 3455 3111 ipse

1861 3105 2284 3181 inanimatusest
2305 3106 2632 3181 (Christus),
2681 3127 2782 3181 quo
2830 3105 3036 3168 tandem
3061 3113 3212 3168 modo
3237 3105 3458 3171 hominis

1864 3193 2048 3231 nomen
2072 3178 2376 3233 sustinebit?

1936 3248 2004 3319 (f)
2055 3248 2145 3327 Sic
2187 3249 2321 3327 βίω.
2348 3293 2362 3315 ,
2412 3252 2505 3327 Er.
2549 3262 2604 3327 et
2626 3268 2764 3327 mss.
2798 3254 2867 3309 At
2914 3254 3062 3326 Lips.
3108 3266 3165 3313 et
3204 3257 3350 3327 Pan,
3382 3263 3456 3319 ita

1861 3321 2155 3406 assumpsit.
2172 3320 2380 3406 J{Veque
2423 3323 2526 3379 hoc
2556 3326 2759 3406 Hilario
2788 3320 3048 3394 insolens,
3077 3339 3133 3383 ut
3154 3330 3261 3406 duo
3293 3320 3454 3390 verba

1863 3390 2052 3467 eadem
2095 3390 2474 3467 conjunctione
2518 3398 2766 3467 cepttlata
2808 3414 2913 3454 non
2949 3390 3055 3456 uno
3082 3402 3244 3458 modo
3282 3420 3455 3461 enim.

1865 3465 1998 3519 tiet:
2034 3464 2206 3539 ut‘hic
2236 3466 2467 3536 primum
2523 3464 2673 3539 ponit
2703 3480 2855 3524 natus
2895 3479 2991 3538 est,
3019 3487 3083 3528 ac
3122 3473 3318 3532 deinde
3366 3493 3450 3532 as-

1861 3536 2154 3611 sumpserit,
2199 3540 2442 3611 quamvis
2494 3536 2782 3611 utrumque
2826 3536 3048 3598 verbum
3095 3544 3165 3600 ad
3209 3547 3456 3605 eamdem

1863 3607 2177 3686 particulam
2217 3607 2262 3686 si
2310 3610 2597 3686 referatur.
2651 3607 2746 3686 llic
2774 3613 2943 3686 altera
2988 3614 3242 3686 adjicitur
3268 3620 3460 3676 condi-

1865 3679 1961 3760 tio,
2012 3689 2069 3732 ut
2113 3676 2359 3737 Christus
2401 3699 2532 3760 vere
2562 3683 2798 3760 hominis
2830 3685 2972 3741 lilius
3007 3676 3099 3754 sii,
3126 3692 3451 3759 necessaria,

1863 3750 1993 3827 scil.
2040 3759 2096 3805 ut
2147 3767 2253 3807 non
2309 3754 2683 3827 undecumque
2729 3757 2943 3811 allatam
2994 3750 3237 3827 carnem,
3268 3762 3361 3819 sed
3389 3750 3460 3820 ei

1864 3820 2028 3898 Maria
2066 3832 2338 3898 acceptam
2389 3820 2743 3896 assumpserit
2786 3846 2800 3883 :
2856 3829 3040 3898 sicque
3085 3820 3340 3889 transitur
3386 3832 3456 3892 ad

1864 3892 2219 3975 refellendum
2250 3897 2414 3952 alium
2449 3892 2965 3975 Apollinaristaruur
3002 3917 3284 3975 errorem,
3319 3921 3446 3975 quo,

1864 3965 1941 4019 uti
1988 3964 2212 4040 credere
2266 3984 2362 4036 par
2409 3964 2513 4036 est,
2568 3981 2686 4040 post
2731 3971 2958 4028 Arianos
3027 3971 3214 4030 dicunt
3254 3964 3462 4036 Christi

1864 4051 2095 4109 carnem
2115 4038 2182 4093 de
2204 4040 2343 4095 coelo
2375 4041 2537 4096 fuisse
2563 4038 2798 4096 allatam.
3166 4102 3173 4109 ,

1937 4105 2014 4181 (g)
2058 4107 2137 4163 Ex
2187 4110 2398 4181 duobus
2425 4126 2555 4166 mss.
2586 4111 2741 4169 Colb.
2770 4122 2823 4169 et
2850 4128 2959 4169 uno
2986 4105 3217 4172 Sorbou.
3253 4117 3340 4173 hic
3369 4120 3465 4178 ad-

1865 4178 2041 4255 dimus
2071 4197 2185 4248 suo,
2216 4180 2270 4255 id
2297 4192 2399 4249 est,
2427 4197 2494 4238 ex
2523 4183 2721 4255 Spiritu
2754 4185 2976 4249 Christi,
2996 4202 3092 4243 seu
3124 4203 3227 4245 non
3253 4188 3357 4247 nisi
3386 4208 3458 4249 ex

1868 4249 2277 4329 Verbo_genuit
2306 4255 2505 4329 :Aquod
2543 4249 2850 4329 perspicuis
2897 4258 3076 4315 verbis
3125 4261 3191 4315 ad
3246 4264 3454 4321 calcem

1866 4323 2076 4397 numeri
2107 4323 2394 4397 sequentis
2409 4329 2488 4382 sic
2524 4323 2872 4383 declaratur:
2911 4329 3045 4385 Caro
3096 4348 3199 4388 non
3249 4333 3465 4391 aliunde

1867 4395 2109 4480 originem
2177 4395 2489 4480 sumpserat,
2546 4416 2699 4480 quam
2752 4417 2814 4456 ea:
2871 4400 3050 4480 Verbo.
3110 4403 3237 4461 Hmc
3291 4409 3464 4480 magis

1868 4478 2144 4548 SpectanL
2172 4468 2238 4548 ad
2287 4468 2636 4548 declarandas
2684 4473 3080 4543 propositiones
3131 4468 3462 4548 superiorEs,

1867 4538 2062 4624 quibus
2085 4537 2358 4624 Christum
2397 4559 2492 4624 per
2519 4537 2697 4624 initia
2720 4537 2901 4624 nostra
2932 4556 3114 4624 natum
3143 4537 3267 4606 es'se
3298 4537 3464 4624 nega:

148 4609 478 4702 divinaeque
519 4609 970 4702 Christi‘naturn:
998 4612 1193 4702 veritas
1224 4627 1286 4667 ac
1311 4611 1624 4702 idistinctio,
1659 4609 1761 4666 nisi
1792 4642 1843 4702 υ
1871 4619 1997 4702 ῗιιινι⁸
2037 4619 2142 4702 est,
2173 4628 2332 4683 quam
2385 4609 2453 4671 ad
2507 4618 2905 4673 conlirmandas
2953 4618 3198 4690 proxime
3249 4609 3459 4693 przece-

150 4704 213 4751 ut
241 4686 434 4751 divitia
464 4691 576 4747 sola
605 4707 634 4745 a
662 4687 850 4745 dolore
876 4687 1049 4743 aliena
1079 4686 1498 4741 demonstretur.

233 4769 318 4838 (c)
372 4763 694 4838 PartiCulam
723 4772 791 4838 et,
825 4758 1189 4838 qttm_periude
1218 4768 1300 4838 est
1328 4770 1390 4838 ac
1415 4753 1769 4838 etiam,.adjc-

146 4827 342 4896 ciuilis
371 4853 440 4892 ex
469 4851 601 4891 mss.
635 4827 1017 4889 duobus—Coll).
1047 4838 1103 4886 et
1130 4844 1236 4884 uno
1261 4827 1494 4883 Sorbou.
1526 4829 1614 4899 qui
1646 4843 1765 4882 cum

148 4909 405 4982 vulgatis
448 4908 742 4982 subjiciunt
789 4920 853 4958 ea:
897 4919 970 4982 se,
1016 4899 1272 4982 ubi-aliis
1314 4899 1367 4954 in
1409 4915 1540 4954 mss.
1574 4900 1769 4970 legitur

147 4973 364 5053 per'se,
400 4996 506 5037 non
538 4973 648 5035 alio
691 4992 872 5032 sensu.
907 4974 1039 5053 Nam
1076 4973 1204 5053 illud
1235 4987 1297 5026 ea:
1337 4987 1391 5025 se
1438 4987 1545 5026 non
1597 4983 1766 5026 mate-

148 5046 361 5112 i’ialetn
414 5067 631 5108 causam
683 5057 858 5114 sonat,
899 5047 996 5103 sed
1045 5046 1368 5101 elﬁcieutem
1398 5058 1560 5115 :_quo
1604 5057 1767 5115 sensu

146 5111 415 5191 rursum,
448 5142 596 5179 num.
651 5111 980 5199 22’._hztbe_tur
1008 5136 1021 5173 :
1057 5115 1124 5174 Ut
1170 5133 1259 5187 per
1284 5132 1337 5199 se
1365 5111 1769 5188 sibi'assumpsit

146 5216 385 5267 corpus,
416 5199 488 5252 ita
516 5212 577 5251 es:
605 5212 658 5249 se
677 5193 787 5269 sibi
805 5192 1028 5269 animam
1058 5192 1367 5269 assumpsit._
1485 5257 1496 5269 .
1757 5256 1770 5269 .

231 5258 331 5347 (ά)
373 5258 434 5326 id
480 5277 594 5347 est,
632 5264 872 5322 condidit
912 5272 967 5320 et
1011 5261 1296 5347 assumpsit
1354 5258 1774 5347 homincm,‘qui

145 5331 404 5415 corpore
432 5351 485 5397 et
508 5331 686 5415 anima
717 5344 1236 5415 Constatrs,‘vivens,
1264 5331 1536 5415 perfectus
1566 5340 1772 5415 einecn-

145 5401 479 5474 sun'xmatus
508 5412 673 5468 homo
702 5420 838 5464 erat.
869 5405 1015 5463 Nihil
1047 5406 1190 5461 enim
1223 5401 1311 5459 hic
1339 5419 1461 5458 cum
1495 5401 1775 5472 Apollina-

146 5490 269 5553 rio.
327 5486 419 5558 qui
465 5484 730 5558 sentiebat
766 5480 1001 5558 Verbum
1043 5478 1203 5558 carni.
1245 5475 1590 5542 eonjuuctum
1640 5488 1775 5558 con.-

143 5549 478 5617 summ'asse
526 5556 796 5612 hominem
848 5552 1140 5617 viventem,
1195 5549 1246 5603 in
1285 5558 1538 5614 quantum
1571 5549 1778 5617 praesti-

148 5634 340 5689 tisset
374 5634 421 5686 ei
449 5630 636 5693 vitam,
663 5641 726 5681 ac
754 5625 896 5701 vices
923 5624 1127 5701 animai
1160 5619 1545 5701 supplevisset.
1691 5699 1699 5701 Α
1737 5688 1750 5701 ο

231 5702 321 5772 (e)
377 5702 593 5771 Aliquot
635 5715 768 5755 mss.
823 5695 981 5772 Verbo
1028 5694 1243 5772 θείως-
1271 5700 1639 5772 assunteret....
1670 5694 1778 5772 tri-

144 5764 376 5833 bueret.
439 5764 722 5828 Hominem
783 5771 1073 5839 perlectum
1122 5782 1151 5821 a
1205 5764 1380 5839 Verbo
1431 5771 1776 5839 assumptum

146 5862 325 5916 esse,
381 5844 505 5903 hinc
553 5834 796 5919 proxime
826 5841 1109 5915 probatum
1135 5846 1238 5906 est,
1271 5836 1394 5910 quin
1420 5834 1666 5893 Christus
1695 5842 1779 5889 est

1870 4682 2079 4738 dentes.

1882 4762 1890 4767 '
1915 4753 2023 4832 _(It)
2053 4753 2221 4832 Editi,
2262 4757 2315 4812 in
2352 4758 2570 4832 originis
2600 4760 2882 4832 nativitate.
2915 4759 3051 4818 Tres
3082 4777 3237 4832 mss.,
3283 4766 3337 4821 in
3367 4766 3475 4822 ori-

1871 4825 2010 4907 gine.
2053 4825 2262 4899 Remig.
2308 4825 2554 4907 cirnqent
2604 4831 2656 4886 in
2703 4833 2917 4907 originis
2959 4825 3243 4891 nativitate'.
3298 4839 3465 4907 Magis

1874 4899 2045 4980 placet
2068 4914 2193 4980 cum
2223 4900 2409 4956 codice
2439 4900 2709 4980 Vaticana:
2736 4899 2992 4971 basilicae,
3020 4907 3075 4980 in
3104 4908 3315 4980 originis
3367 4899 3473 4965 uir-

1873 4978 2001 5053 tute,
2031 4968 2083 5025 id
2112 4982 2214 5032 est.
2245 4982 2510 5053 quatenus
2538 4975 2732 5053 animae
2758 4986 2813 5032 et
2835 4968 3075 5053 corporis
3095 4968 3467 5053 Asui'priuceps

1871 5051 2033 5118 atque
2081 5052 2268 5098 auctor
2313 5052 2417 5100 est.
2458 5046 2577 5114 Quo
2619 5047 2868 5118 loquendi
2900 5046 3062 5104 modo
3094 5046 3264 5107 habes
3314 5046 3465 5109 num.

1871 5114 1966 5198 2_5._
2018 5124 2201 5198 nostra
2249 5118 2299 5170 in
2329 5132 2393 5172 eo
2418 5133 2508 5188 per
2537 5114 2772 5175 virtutem
2798 5123 3045 5195 profecta:
3071 5139 3133 5179 ea:
3177 5139 3230 5178 se
3255 5125 3472 5198 originis

1873 5197 2002 5250 Vllla
2034 5202 2140 5241 11011
2170 5197 2368 5243 messe.

1947 5256 2011 5330 (ἱ)
2041 5258 2094 5312 In
2128 5257 2380 5331 vulgatis,
2410 5277 2509 5331 quo
2540 5259 2635 5315 Dei
2657 5271 2751 5316 est.
2781 5262 2968 5321 Melius
2995 5265 3047 5320 in
3075 5266 3326 5323 omnibus
3356 5266 3471 5326 fere

1876 5329 2008 5384 mss.
2057 5329 2430 5412 quod-Densi
2479 5333 2718 5412 lto_c__est,
2766 5339 3094 5412 ea‘virtute,
3142 5354 3242 5412 qua
3272 5354 3471 5412 corpus

1877 5415 2032 5480 suum
2060 5418 2124 5480 es
2165 5404 2371 5480 virgine
2400 5404 2662 5480 condidit,
2692 5421 2813 5463 sese
2841 5407 3005 5480 Deum
3031 5404 3301 5480 patefecit.

1952 5472 2033 5554 (λ)
2065 5472 2138 5530 Ut
2161 5472 2448 5554 conﬁrmet
2477 5477 2731 5554 Hilarius,
2762 5479 2902 5554 quod
2934 5472 3181 5554 superius
3205 5482 3473 5554 probavit,

1879 5542 2305 5628 Christutnesse
2334 5548 2501 5628 Deum
2550 5542 2793 5628 simulrei
2838 5542 3109 5628 hominem
3145 5542 3480 5628 perfectum}

1882 5617 1955 5701 ita
1978 5700 1983 5701 γ
2007 5616 2169 5674 Verbi
2199 5620 2437 5701 .virtute,
2486 5629 2542 5676 et
2587 5637 2691 5675 non
2744 5622 2972 5701 humana
3005 5624 3119 5701 lege
3141 5616 3483 5701 conceptum;

1881 5697 1940 5745 ut
1973 5700 2150 5746 tamen
2180 5689 2249 5747 de
2296 5691 2480 5748 Marize
2507 5705 2670 5748 carne
2697 5702 2853 5749 natus
2897 5696 2969 5751 sit
3005 5713 3020 5751 :
3058 5689 3208 5754 hunc
3238 5689 3485 5760 ac'duos

1881 5761 2291 5845 subsequentes
2324 5764 2616 5845 Scriptura;
2658 5763 3023 5845 locos__sano_
3045 5771 3228 5826 sensui
3267 5775 3484 5845 reddit,

1884 5832 2075 5907 quibus
2107 5832 2350 5893 hrrretici
2377 5835 2758 5896 abutebantur.
2803 5836 2897 5897 Sic
2938 5840 3082 5898 enim
3128 5857 3224 5901 eos
3252 5832 3481 5910 Arianoi'
