3988 6332
573 297 680 354 359

1790 294 2034 354 SANCTI
2072 294 2325 352 lilLAlill
2370 297 2676 354 EPISCOPI

3699 317 3773 375 360

574 418 654 489 (α)
689 432 794 483 non
826 417 994 473 nostri
1019 415 1258 487 corporis
1297 414 1670 485 atqueanimm
1699 413 1972 469 hominem
2006 433 2018 468 :
2049 430 2168 468 cum
2200 421 2247 477 Α
2278 423 2333 468 ιιι
2382 425 2528 470 esset
2578 414 2719 470 alius
2762 423 2924 486 atque
2964 415 3103 472 alius
3136 431 3149 471 :
3181 416 3274 474 sed
3327 427 3384 474 ut
3425 429 3532 479 ante
3571 423 3772 486 hominem

576 526 676 566 nos
721 510 954 566 Verbum
1002 525 1217 565 carnem
1253 508 1473 577 factum,
1509 507 1585 581 (li)
1621 519 1674 564 et
1701 524 1759 565 se
1786 526 1853 564 ex
1880 509 2047 564 forma
2083 507 2177 564 Dei

576 612 923 660 eraeuantcm
971 601 1265 666 Christum,
1295 613 1349 657 et
1370 600 1596 657 formam
1618 602 1762 658 servi
1785 611 2173 666 assuntentem,

574 698 872 772 perfectum
929 697 1228 754 secundum
1281 696 1524 752 habitum
1580 695 2026 752 conformationis
2078 695 2177 749 hu-

578 808 788 860 mante,
838 801 892 847 ct
946 802 1148 847 nostra:
1209 789 1572 846 similitudinis
1643 800 1825 844 natum
1897 789 2172 844 hominem

571 885 926 958 praedicemus
959 903 972 939 :
1003 895 1062 940 ut
1097 883 1168 958 (c)
1213 899 1341 940 vere
1393 884 1485 940 Dei
1544 883 1684 939 ﬁlius
1730 898 1892 938 verus
1943 881 2175 936 hominis

571 979 713 1035 ﬁlius
755 994 918 1034 verus
946 978 1069 1036 sit:
1119 994 1294 1050 neque
1343 992 1452 1034 non
1502 990 1659 1032 nattts
1714 992 1781 1034 ex
1842 977 1954 1032 Deo
1985 979 2171 1043 homo,

571 1088 748 1146 neque
789 1076 916 1145 quia
976 1084 1135 1130 natus
1186 1089 1253 1129 ex
1305 1074 1416 1130 Deo
1473 1072 1656 1139 homo,
1699 1070 1823 1128 ideo
1863 1071 2006 1128 Deus
2051 1085 2174 1127 esse

568 1167 852 1225 deﬁciens.

642 1261 736 1316 2‘2.
764 1260 957 1316 Christi
985 1261 1161 1316 anima
1202 1278 1233 1316 a
1261 1259 1392 1315 Deo.
1426 1259 1571 1315 Unus
1602 1268 1673 1314 est
1716 1261 1768 1314 in
1795 1259 1994 1314 duabus
2019 1268 2171 1314 natu-

573 1354 647 1410 ris
679 1357 941 1426 perfectis.
973 1385 1045 1397 —-
1073 1356 1176 1412 Sed
1207 1363 1265 1411 ut
1294 1371 1388 1426 per
1419 1370 1477 1410 se
1503 1355 1605 1410 sibi
1640 1355 1933 1425 assumpsit
1960 1369 2024 1410 ex
2050 1353 2172 1409 Vir-

569 1451 697 1520 gine
723 1463 938 1518 corpus,
975 1449 1044 1503 ita
1075 1463 1139 1504 ex
1182 1463 1243 1504 se
1269 1448 1370 1503 sibi
1409 1449 1646 1503 animam
1693 1446 2018 1517 assumpsit;
2049 1462 2170 1517 qua:

569 1539 757 1612 utique
797 1555 1090 1612 numquam
1134 1541 1200 1596 ab
1244 1541 1458 1596 homine
1501 1541 1830 1612 gignentium
1871 1540 2169 1612 originibus

570 1635 861 1706 praebetur.
912 1634 971 1690 Si
1003 1636 1146 1691 enim
1194 1645 1516 1705 conceptum
1570 1635 1749 1690 carnis
1805 1633 1907 1688 nisi
1956 1649 2019 1689 ex
2056 1633 2168 1690 Deo

572 1727 735 1800 Virgo
767 1745 876 1785 non
919 1728 1147 1793 habuit;
1174 1730 1333 1800 longe
1382 1729 1551 1800 magis
1592 1743 1816 1784 necesse
1854 1736 1958 1792 est,
1989 1728 2163 1782 anima

2280 507 2458 575 Deus,
2515 509 2816 578 suscipiens
2862 509 3137 568 hominem
3193 514 3273 582 (Ι)
3315 515 3464 569 homo
3511 517 3568 589 (ι’)
3600 531 3641 574 ct
3676 523 3774 582 Deus

2276 611 2462 673 posset
2509 602 2753 673 intelligi.
2789 603 2920 658 Nam
2967 621 3072 676 quo
3123 607 3285 661 modo
3312 605 3462 662 Jrsus
3487 608 3688 670 Christus
3711 616 3777 673 Dci

2277 696 2416 749 ﬁlius
2441 706 2598 752 natus
2618 713 2682 752 ex
2708 697 2869 776 Maria
2899 707 3002 765 est,
3037 699 3137 754 nisi
3171 702 3312 770 quod
3343 701 3555 760 Verbum
3578 721 3678 762 caro
3700 707 3777 766 itc-

2278 795 2386 843 tum
2417 798 2502 845 est
2532 807 2546 845 ε
2578 791 2784 847 scilicet
2827 791 2967 862 quod
3016 792 3156 848 ﬁlius
3183 793 3300 859 Dei,
3343 810 3458 850 cum
3484 796 3530 851 in
3558 797 3693 854 iorma
3712 802 3779 858 Dei

2276 889 2440 947 esset,
2478 881 2701 937 formam
2746 884 2886 939 servi
2938 885 3187 956 accepit?
3228 885 3504 958 Accepisse
3539 893 3780 948 autrmlor-

2276 990 2419 1030 mam
2442 977 2580 1031 servi
2613 991 2756 1043 eum,
2791 978 3040 1048 quiesset
3064 979 3116 1033 in
3147 978 3243 1034 Dei
3272 979 3458 1048 forma,
3484 982 3544 1038 de
3568 988 3782 1041 contrariis

2278 1067 2362 1140 (g)
2393 1077 2739 1140 comparatur
2771 1079 2861 1125 :ut
2884 1081 3082 1142 quanta
3108 1073 3304 1128 veritas
3335 1083 3416 1129 est
3443 1091 3630 1132 manere
3651 1077 3692 1132 in
3719 1079 3782 1133 Dei

2275 1160 2472 1228 forma,
2506 1173 2648 1220 tanta
2677 1165 2876 1221 veritas
2906 1167 2975 1221 sit
3014 1168 3291 1237 accepisse
3329 1168 3541 1226 formam
3566 1173 3696 1228 servi.
3730 1174 3784 1228 ιι

2274 1257 2666 1326 proprietatem
2709 1261 2851 1314 enim
2893 1270 3098 1316 natura:
3136 1262 3545 1333 intelligendam,
3583 1265 3786 1336 signiﬁca-

2276 1351 2422 1407 tione
2471 1351 2622 1407 verbi
2661 1352 2726 1408 ad
2772 1353 2822 1409 id
2862 1355 3168 1410 communis
3209 1356 3540 1426 itnpellitnur.
3579 1359 3626 1413 1ιι
3664 1359 3787 1416 iortna

2286 1443 2428 1500 enim
2459 1446 2600 1500 servi
2629 1455 2731 1513 est,
2768 1447 2942 1515 quiet
2983 1447 3033 1502 in
3071 1448 3243 1504 forma
3278 1449 3367 1505 Dei
3396 1461 3488 1505 est.
3515 1451 3572 1506 Et
3599 1452 3788 1507 cumbae

2275 1534 2354 1606 (2)
2387 1535 2470 1608 (h)
2498 1546 2720 1605 naturm,
2756 1539 2887 1593 illud
2921 1557 3049 1595 vero
3073 1543 3484 1613 dispensationis
3503 1545 3591 1610 sit;
3619 1544 3662 1599 in
3686 1547 3791 1615 ejus-

2281 1627 2404 1683 dem
2452 1640 2628 1685 tamen
2659 1639 2743 1686 est
2770 1634 3009 1688 veritatis
3037 1635 3388 1704 proprietate,
3415 1637 3546 1706 quod
3574 1646 3790 1708 utrumque

2278 1730 2400 1778 est:
2433 1733 2490 1776 ιιι
2539 1732 2644 1778 tam
2675 1740 2835 1780 verus
2876 1727 2948 1780 sit
2992 1727 3043 1780 in
3078 1727 3171 1782 Dei
3213 1726 3407 1796 forma,
3441 1745 3584 1799 quam
3611 1747 3733 1786 verus
3754 1730 3789 1784 in

569 1820 833 1890 corporis,
877 1821 977 1876 nisi
1020 1820 1182 1894 335
1210 1837 1274 1876 ex
1303 1822 1432 1887 Deo,
1475 1820 1692 1875 aliunde
1741 1834 1845 1874 non
1879 1820 2057 1874 fuerit.
2100 1819 2166 1874 Et
2198 1837 2245 1898 Β
2273 1816 2436 1871 servi.
2480 1815 2551 1873 Ut
2579 1833 2706 1873 vero
2738 1821 3103 1890 assumpsisse
3145 1820 3378 1877 formam
3420 1824 3552 1879 servi
3581 1840 3668 1879 non
3692 1825 3789 1878 aliud

569 1930 691 1972 cum
716 1917 830 1988 ipse
855 1916 947 1975 ille
989 1916 1130 1970 ﬁlius
1155 1915 1388 1971 hominis
1419 1919 1537 1988 ipse
1565 1915 1636 1971 sit
1673 1918 1762 1986 qui
1786 1924 1839 1969 et
1876 1914 2016 1969 ﬁlius
2042 1914 2162 1983 Dei,

570 2007 648 2080 (ά)
671 2009 792 2079 quia
819 2017 962 2063 totus
987 2007 1224 2063 hominis
1254 2009 1392 2064 [ilius
1419 2017 1561 2063 totus
1583 2007 1677 2063 Dei
1703 2007 1845 2063 ﬁlius
1866 2007 1974 2072 sit;
2003 2021 2162 2078 quam

567 2099 792 2156 ridicule
822 2108 1018 2171 praeter
1055 2099 1150 2156 Dei
1181 2099 1374 2165 ﬁlium,
1407 2099 1498 2170 qtti
1546 2098 1776 2156 Verbum
1804 2114 1932 2154 caro
1961 2099 2160 2154 factum

566 2205 672 2264 est,
706 2197 870 2252 alium
903 2197 1086 2252 nescio
1112 2211 1272 2268 quem
1320 2205 1593 2267 tamquam
1640 2195 1952 2267 prophetam
1985 2192 2163 2250 Verbo

571 2285 672 2343 Dei
716 2287 1012 2343 animatum
1061 2287 1493 2360 prazdicabimus,
1543 2304 1664 2343 cum
1713 2288 1970 2343 Dominus
2007 2287 2166 2343 Jesus

566 2381 816 2440 Christus
861 2394 916 2440 et
955 2383 1188 2440 hominis
1217 2385 1361 2441 ﬁlius
1397 2394 1454 2440 et
1491 2384 1585 2438 Dei
1630 2383 1772 2438 ﬁlius
1821 2382 2060 2438 sit?Per
2113 2381 2164 2436 id

565 2492 717 2543 vero,
746 2477 889 2548 quod
921 2476 1090 2533 tristis
1135 2487 1220 2533 est
1245 2476 1424 2532 anima
1471 2492 1564 2531 sua
1597 2491 1766 2548 usque
1809 2476 1876 2531 ad
1907 2483 2158 2540 mortem,

563 2569 771 2638 etquod
797 2579 1117 2641 potestatem
1163 2569 1324 2625 habet
1350 2570 1544 2624 anima:
1570 2584 1680 2624 sua:
1709 2569 1970 2639 ponendae
1995 2580 2049 2626 ct
2071 2583 2159 2626 re-

564 2661 861 2728 sumenda},
916 2663 1108 2717 volunt
1140 2661 1477 2718 extrinsecus
1502 2660 1573 2734 (c)
1623 2661 1882 2728 animam,
1935 2678 2040 2718 non
2093 2679 2160 2719 ex

559 2753 767 2826 Spiritu
797 2764 1010 2823 sancto,
1045 2765 1105 2811 ut
1143 2766 1196 2812 et
1234 2769 1431 2826 corpus
1468 2771 1535 2810 ex
1576 2770 1644 2811 eo
1690 2766 2010 2827 conceptum
2055 2766 2158 2824 est,

559 2848 823 2920 deputare
855 2865 1014 2905 :cum
1051 2849 1280 2905 Verbum
1296 2850 1459 2915 Deus,
1492 2850 1546 2904 in
1576 2860 1915 2906 sacramento
1955 2863 2158 2906 naturre

556 2956 672 3000 sum
700 2957 948 3011 manens,
982 2942 1144 2999 homo
1186 2953 1343 2998 natus
1368 2942 1456 2998 sit.
1488 2941 1657 3000 Natus
1698 2953 1876 3000 autem
1907 2953 2016 3011 est,
2050 2959 2155 3000 non

627 3082 709 3155 (Ι)
739 3081 910 3138 Homo
942 3081 1081 3137 Deus
1108 3081 1290 3153 possit.

2272 1919 2376 1975 est,
2409 1926 2571 1981 quam
2607 1911 2882 1968 hominem
2933 1925 3117 1968 natum
3161 1930 3314 1981 esse;
3370 1919 3439 1970 ita
3478 1917 3528 1972 in
3557 1915 3699 1972 forma
3729 1918 3792 1973 Dei

2275 2022 2396 2063 esse
2426 2024 2533 2062 non
2575 2007 2718 2063 aliud
2763 2020 2866 2078 est,
2910 2027 3069 2080 quam
3114 2009 3277 2083 336
3317 2011 3482 2066 Deum
3511 2028 3636 2076 esse,
3676 2027 3790 2066 unum

2270 2108 2449 2155 tamen
2480 2100 2864 2172 eamdemque,
2899 2119 3005 2156 non
3040 2102 3132 2158 Dei
3161 2102 3486 2172 defectione,
3509 2104 3594 2160 sed
3623 2103 3794 2159 hominis

2269 2193 2662 2264 assumptione,
2709 2195 3024 2263 prolitentes
3063 2207 3118 2250 et
3159 2195 3208 2250 in
3240 2195 3410 2251 forma
3460 2196 3546 2252 Dei
3575 2213 3656 2267 per
3688 2206 3794 2251 natu-

2270 2301 2384 2341 ram
2415 2287 2678 2354 divinam,
2722 2298 2776 2343 et
2809 2287 2858 2342 in
2892 2288 3061 2342 forma
3090 2291 3232 2344 servi
3264 2305 3331 2345 ex
3361 2292 3688 2362 conceptione
3709 2289 3792 2359 δρία

2271 2380 2408 2436 ritus
2452 2381 2624 2437 sancti
2670 2381 2970 2438 secundum
3019 2381 3258 2437 habitum
3308 2383 3539 2438 hominis
3585 2395 3792 2455 repertum

2272 2475 2455 2532 fuisse.
2484 2476 2670 2548 Itaque
2688 2492 2808 2532 cum
2831 2476 2988 2533 Jesus
3015 2477 3259 2533 Christus
3285 2487 3336 2534 et
3366 2488 3542 2544 natus,
3567 2487 3616 2533 et
3639 2490 3791 2548 passus,

2267 2575 2322 2624 et
2353 2581 2621 2636 mortuus,
2672 2579 2726 2625 et
2765 2571 3007 2640 sepultus
3047 2571 3146 2636 sit;
3183 2569 3244 2644 (ἰ)
3299 2580 3348 2625 et
3395 2553 3680 2626 resurrexit.
3713 2567 3790 2622 Non

2269 2672 2448 2730 p0test
2475 2662 2526 2716 in
2562 2661 2644 2717 his
2680 2674 3139 2718 sacramentorum
3172 2663 3570 2720 diversitatibus
3592 2663 3651 2719 ita
3685 2662 3792 2715 ahse

2267 2754 2519 2812 dividuus
2548 2771 2690 2824 esse,
2722 2774 2787 2812 ne
2815 2759 3058 2814 Christus
3081 2759 3150 2813 sit
3192 2777 3205 2814 :
3237 2775 3360 2814 cum
3406 2776 3508 2815 non
3539 2759 3662 2814 alius
3688 2755 3789 2811 Chri-

2270 2857 2407 2916 stus,
2441 2867 2600 2920 quam
2646 2852 2734 2922 qui
2765 2851 2816 2906 in
2849 2853 3018 2907 forma
3055 2852 3151 2907 Dei
3180 2865 3316 2920 erat,
3352 2853 3575 2908 formam
3600 2850 3790 2908 serviat-

2265 2948 2498 3019 cepcrit;
2542 2965 2717 3020 neque
2764 2949 2923 3018 alius,
2965 2965 3126 3021 quam
3159 2953 3250 3022 qui
3287 2960 3446 3007 natus
3484 2959 3583 3018 est,
3611 2956 3792 3002 mortuus

2336 3084 2414 3157 (2)
2444 3083 2720 3141 Naturale.

627 3222 714 3298 (ιι)
735 3224 895 3298 Deest
923 3221 1187 3298 particula
1217 3235 1418 3298 negans
1442 3220 1492 3298 i_n
1522 3219 1731 3298 duobus
1754 3235 1883 3298 mss.
1909 3217 2064 3298 Colb.
2085 3230 2148 3298 Aet
2177 3223 2221 3287 C
2255 3221 2347 3277 Οι·.
2381 3239 2454 3288 ιι,
2491 3241 2543 3278 ιι.
2573 3223 2627 3288 5,
2661 3225 2735 3279 ait
2769 3243 2780 3279 :
2815 3223 2996 3296 Neque
3040 3228 3174 3282 enim
3216 3227 3475 3283 hominem
3519 3245 3550 3283 a
3591 3226 3794 3282 divinitate

556 3291 664 3367 uno
685 3291 936 3352 'Sorbon.‘
957 3296 1184 3350 Prorsus
1215 3293 1494 3367 retinenda
1513 3302 1646 3367 _est._
1670 3291 1838 3367 [luitis
1863 3293 2148 3367 calumnia:

563 3363 890 3438 repellenda:
917 3368 1087 3437 gratia
1121 3375 1268 3419 tanto
1308 3365 1485 3419 studio
1513 3364 1597 3419 hic
1634 3364 1860 3418 inculcat
1892 3363 2143 3438 Hilarius,

554 3436 830 3496 Christum
874 3436 996 3492 esse
1025 3439 1317 3507 perfectum
1353 3437 1622 3491 hominem
1653 3446 1840 3490 natura
1890 3436 2045 3491 nobis
2075 3440 2147 3492 si-

553 3512 760 3574 milem,
791 3512 910 3564 licet
941 3526 1008 3565 ex
1028 3506 1037 3507 ί
1057 3506 1316 3577 singulari
1351 3509 1491 3562 illius
1531 3508 1883 3575 conceptione
1914 3509 2147 3565 maxime

552 3583 681 3638 velit
719 3581 1054 3636 divinitatem
1090 3581 1256 3650 ipsius
1283 3579 1676 3649 comprobare:
1717 3580 1854 3632 sicut
1902 3587 2013 3633 toto
2046 3581 2148 3636 hoc

551 3654 692 3710 libro
717 3653 772 3708 io
807 3669 942 3708 unos
970 3651 1199 3708 Arianos
1229 3652 1486 3713 intentus,
1521 3650 1773 3722 paritere
1803 3651 1980 3705 studio
2017 3669 2147 3706 con-

552 3736 633 3781 tra
659 3725 954 3782 Sabellium
996 3734 1214 3796 pugnat,
1247 3734 1305 3779 ιιι
1343 3723 1548 3779 nullum
1577 3721 1786 3778 usitata:
1812 3723 2025 3778 illorttm
2057 3740 2147 3780 ca-

551 3797 767 3854 lumnia:
787 3798 960 3854 locum
988 3798 1282 3866 permittat.

623 3869 702 3941 (ιι)
733 3870 895 3926 Solus
924 3865 1094 3925 codex
1117 3867 1238 3941 Vat.
1263 3868 1486 3941 bas.,_et
1519 3869 1735 3939 formant
1775 3865 1874 3921 Dei
1897 3884 2145 3941 evacuati-

549 3939 648 3998 tem
667 3939 689 3998 ἐ
708 3944 887 4000 minus
914 3942 1148 3997 sincere.
1175 3939 1362 3996 Obiter
1387 3939 1679 3995 observare
1705 3949 1807 4004 est,
1834 3941 1923 4010 qui
1949 3939 2146 3995 Christi

546 4014 868 4072 vocabulum
900 4015 966 4070 ad
992 4013 1503 4069 naturamdivinam
1547 4010 1834 4067 referatur.
1870 4011 1960 4067 Sic
1989 4011 2146 4081 paulo

547 4097 673 4142 ante
727 4101 1025 4159 synonyma
1072 4096 1230 4159 sunt,
1247 4086 1538 4159 subsistens
1587 4082 1810 4138 Verbum
1855 4082 2018 4150 Deus,
2067 4093 2142 4150 et,

549 4154 842 4214 mattens'in
868 4154 1036 4228 forma
1065 4155 1161 4211 Dei
1191 4154 1446 4211 Christus.

627 4229 701 4302 (c)
727 4227 894 4296 Editi,
918 4240 968 4283 ut
1005 4245 1168 4284 verus.
1196 4228 1397 4299 Maiore
1424 4227 1651 4302 quadarn
1676 4227 2145 4302 energialnssnut

547 4297 692 4367 vere,
708 4302 824 4357 scil.
856 4311 1007 4356 natus
1044 4302 1130 4364 sit,
1175 4297 1416 4369 qui‘vere
1447 4301 1583 4368 [ilius
1630 4298 1721 4352 Dei
1749 4297 1850 4354 est.
1892 4297 2026 4353 Tota
2055 4298 2144 4353 illa

585 4373 790 4428 radatio
813 4375 891 4444 sic
915 4379 1089 4444 potest
1115 4371 1434 4444 explicatius
1455 4371 1672 4441 exponi,
1701 4380 1758 4424 ut
1785 4371 1876 4425 Dei
1903 4370 2046 4424 ﬁlius
2078 4387 2144 4426 ex

585 4389 790 4428 raoatto
813 4389 891 4428 Sic
915 4389 1089 4444 ptiteSt
1115 4389 1434 4442 explicatius
1455 4389 1672 4441 exponi,
1701 4389 1758 4424 ιιι
1785 4389 1876 4425 υει
1903 4389 2046 4424 ιιιιιιε
2078 4389 2142 4426 ex

546 4389 770 4514 ﬁirgine
798 4442 955 4500 verus
986 4442 1219 4499 hominis
1267 4441 1405 4514 ﬁlius
1443 4458 1570 4497 vere
1620 4454 1777 4514 natus
1804 4443 1910 4511 sit;
1949 4447 2018 4496 ita
2049 4457 2142 4496 au-

548 4513 738 4572 tetn’ex
765 4516 982 4586 Virgine
1009 4514 1242 4568 hominis
1264 4513 1405 4568 ﬁlius
1429 4513 1700 4586 natussit,
1731 4522 1788 4567 ut
1817 4530 1923 4569 non
1949 4514 2050 4586 nisi
2075 4529 2143 4569 ex

2253 3311 2557 3372 separamus
2582 3313 2601 3350 :
2627 3298 2717 3372 sed
2755 3314 2922 3372 unum
2971 3310 3035 3372 ct,
3065 3299 3297 3372 eumdem
3340 3302 3646 3372 profitemur,
3694 3303 3794 3369 prius

2251 3367 2460 3432 quidem
2490 3386 2592 3422 nou
2625 3369 2902 3437 hominem,
2947 3371 3037 3424 sed
3069 3370 3256 3439 Deum,
3299 3367 3517 3437 etc.,'iu
3561 3374 3650 3440 ﬁne
3671 3367 3793 3424 autem

2249 3441 2405 3493 etiam
2437 3441 2712 3494 hominem.

2325 3517 2407 3583 (g)
2442 3513 2616 3581 Atque
2666 3513 2802 3568 adeo
2858 3514 2978 3569 dua:
3022 3514 3129 3570 ilhc
3175 3525 3384 3571 naturm
3428 3515 3686 3572 contrarie
3711 3519 3796 3583 post

2249 3582 2688 3656 coniunctionem
2722 3598 3072 3654 perseverant
3100 3586 3427 3643 inconfusze.
3458 3589 3543 3643 Sic
3568 3587 3796 3656 Gregorius

2248 3652 2529 3722 Nazianz.,
2561 3657 2653 3710 Οι·.
2687 3652 2816 3722 XLII,
2841 3659 3023 3714 carnis
3055 3660 3318 3714 vocabulo
3364 3662 3642 3714 humanam
3666 3652 3798 3711 'ualu-

2249 3743 2388 3802 13m,
2431 3727 2666 3782 divinam
2702 3745 2830 3784 vero
2864 3730 3097 3802 spiritus
3140 3736 3361 3787 nomine
3417 3733 3675 3802 appellans
3711 3729 3791 3780 ait:

2251 3797 2563 3874 Progressus
2619 3811 2788 3874 autem
2842 3797 2978 3856 Deus
3038 3820 3150 3856 cum
3201 3797 3797 3874 assumpta'humauitate,

2250 3886 2413 3924 unum
2453 3870 2619 3944 (nunc
2664 3872 2969 3928 diceremus
3000 3890 3133 3928 unus
3173 3872 3268 3944 est)
3317 3870 3601 3931 cx'duobus
3625 3875 3730 3928 inter
3760 3885 3797 3922 te

2249 3945 2552 4019 c_or_rtrariis,_
2576 3960 2728 4019 carne
2749 3946 2994 4019 nimirum
3039 3957 3084 4000 et
3119 3946 3344 4017 Spiritu,
3380 3963 3594 4019 quorum
3626 3949 3794 3998 alterum

2248 4013 2486 4070 deitatem
2519 4016 2656 4070 dedit
2691 4017 2974 4088 (ἔθέωσεν),
3008 4013 3227 4072 alterum
3257 4013 3477 4092 accepit,
3502 4020 3687 4075 ἐοεὼθη.

2324 4106 2406 4178 (It)
2443 4107 2558 4162 Vat.
2595 4107 2710 4180 bas.
2743 4123 2843 4162 ms.
2889 4125 3011 4162 cum
3041 4110 3362 4180 quibusdam
3405 4111 3548 4177 aliis,
3577 4105 3798 4180 naturale:

2249 4175 2427 4234 minus
2456 4178 2744 4234 concinne.
2789 4181 2866 4235 Ex
2891 4182 2994 4235 hoc
3031 4175 3170 4247 loco,
3213 4197 3430 4237 necnon
3481 4175 3544 4238 es
3576 4196 3703 4234 ιιιιιιι.
3732 4175 3797 4238 (ii,

2250 4252 2319 4306 65
2368 4258 2424 4305 et
2451 4251 2571 4306 aliis
2599 4251 2812 4321 planum
2859 4263 2963 4314 est,
2994 4252 3067 4307 uti
3091 4253 3201 4323 jam
3249 4255 3667 4315 observavimus,
3697 4248 3800 4304 thla-

2249 4324 2330 4378 rio
2356 4324 2572 4391 quoties
2609 4323 2678 4378 de
2703 4324 2920 4378 Christo
2947 4333 3268 4384 sermo'est.
3298 4336 3507 4380 natura:
3541 4324 3796 4379 vocabulum

2249 4410 2464 4465 semper
2492 4395 2560 4450 ad
2590 4394 2926 4450 divinitatem
2962 4395 3173 4450 referri.
3202 4397 3360 4462 Quod
3388 4403 3545 4462 enim,
3594 4396 3739 4464 inquit
3762 4392 3798 4465 in

2250 4460 2385 4536 psall
2421 4481 2642 4533 cxxm,
2670 4483 2726 4520 ιι.
2755 4467 2812 4534 2,
2877 4467 3015 4522 Deus
3058 4479 3152 4533 est,
3200 4460 3403 4523 natura:
3433 4460 3540 4523 sure
3581 4460 3799 4536 aliquod

2247 4535 2416 4613 autem
2440 4537 2592 4613 homo
2637 4548 2732 4613 est,
2766 4551 2963 4613 natur-te
2988 4551 3192 4613 nostra:
3229 4542 3648 4613 assuntptioest.
3674 4535 3799 4613 Cujus

544 4584 1306 4687 Ξὶβέἐὲκξῐῗοέἐέἐ,άξῖἱιῖξέἑη
1334 4601 1396 4687 εξ
1421 4587 1562 4687 25.9:
1593 4584 1714 4687 ΞΕᾎῖ
1722 4595 1922 4687 “ﬁtfit
1930 4601 1983 4687 1'3.
1992 4585 2141 4687 3325
2168 4625 2226 4687 ι)
2248 4584 2333 4687 ἶξῖ
2341 4584 2624 4687 ἰἷίῖίῖιῖὲῆι
2637 4584 2734 4665 ἷῖἑ
2766 4584 2960 4687 ’ἷὶἐάὶὶῖῐ
2986 4584 3188 4680 ίὶῖὗῖ
3195 4584 3517 4687 ιὶἶνῖἧῖίπῖῗ
3528 4584 3648 4687 ἓξὲξ
3664 4584 3707 4687 1i
3711 4584 3802 4676 έᾶιέε

541 4670 709 4727 esset,
744 4662 813 4715 ita
846 4669 1000 4714 natus
1026 4658 1091 4714 sit
1124 4660 1307 4723 homo,
1340 4665 1395 4713 ut
1421 4658 1560 4712 Deus
1593 4672 1715 4712 esse
1756 4672 1862 4711 non
1893 4656 2139 4712 desierit.

621 4754 704 4828 (ά)
732 4754 972 4823 Scilicet,
998 4762 1057 4809 ut
1082 4753 1422 4828 per_eumdem
1446 4763 1606 4828 totum
1629 4753 1881 4828 hominem
1911 4753 2067 4808 simul
2088 4769 2149 4806 ac

543 4825 712 4883 Deum
739 4837 873 4882 totus
906 4828 1056 4881 homo
1084 4825 1138 4881 in
1165 4825 1429 4897 peccatum
1450 4825 1625 4896 lapsus
1652 4825 1938 4894 reﬁrtgatur
1963 4840 2027 4880 ac
2060 4840 2148 4897 re-

542 4900 830 4966 formatur,
881 4899 1057 4970 inquit
1094 4896 1354 4970 adversus
1406 4896 2143 4970 ApollinariumGregorius

541 4971 821 5036 Nazianz.,
850 4968 1048 5037 Οιξιι,
1092 4987 1148 5026 ιι.
1178 4969 1232 5025 5.
1272 4971 1347 5026 De
1376 4970 1539 5026 verbo
1570 4980 1705 5024 totus
1735 4968 1860 5025 vide
1889 4979 2142 5024 annotata

540 5043 607 5100 ad
642 5044 778 5116 psal.
813 5061 852 5111 ι,
883 5060 938 5098 ιι.
970 5043 1062 5097 27.

614 5134 689 5208 (e)
723 5135 836 5192 Hoc
860 5145 966 5203 est,
1001 5150 1174 5206 neque
1200 5150 1228 5188 a
1266 5133 1442 5190 Verbo
1465 5133 1766 5208 conditam,
1800 5133 1894 5189 sed
1924 5149 1952 5186 a
1979 5148 2140 5208 causa

540 5205 718 5264 aliena
748 5218 912 5278 atque
932 5205 1153 5263 externa
1172 5216 1543 5278 propagatam,
1564 5214 1617 5259 ut
1646 5205 1848 5278 dictum
1877 5215 2028 5260 estn.
2044 5205 2136 5272 ‘20,

541 5293 718 5350 neque
745 5277 922 5336 eidem
956 5279 1133 5334 Verho
1160 5279 1450 5350 intrinsece
1479 5287 1534 5331 ct
1563 5278 1615 5350 in
1662 5277 1920 5332 unitatem
1950 5292 2138 5346 perso-

540 5348 650 5423 tu};
673 5352 1037 5423 conjunctam.
1079 5349 1311 5405 Eosdem
1339 5348 1853 5423 quippe_h:ereticos
1879 5363 2140 5417 personas

539 5421 596 5477 in
617 5419 832 5478 Christo
861 5423 1135 5486 divisisse,
1165 5433 1218 5476 et
1263 5421 1494 5475 humiles
1524 5419 1722 5474 Christi
1755 5434 1910 5474 voces
1944 5423 2136 5474 huma-

542 5509 650 5556 nae,
667 5494 863 5550 divinm
887 5506 1064 5550 autem
1087 5493 1352 5564 gloriosos
1375 5492 1556 5545 titulos
1587 5491 1859 5554 tribuisse,
1883 5492 2036 5564 testis
2057 5500 2138 5545 est

541 5564 789 5692 {studentes
833 5563 1126 5639 Gregorius
1176 5563 1426 5622 Nazianz.
1487 5565 1787 5632 praesertim
1828 5563 1932 5616 sub
1974 5563 2134 5617 ﬁnem

589 5651 635 5692 ι’.
667 5653 756 5692 ιιι.

589 5651 635 5692 Γ.
667 5653 756 5692 ιιι.

613 5708 682 5778 (Ῑ)
714 5709 1036 5766 Particulam
1068 5720 1113 5764 et
1140 5709 1193 5764 in
1221 5707 1452 5779 vulgatis
1479 5705 1736 5779 omissam
1770 5707 1968 5779 rectius
2005 5719 2134 5760 mss.

545 5779 803 5845 retinent,
833 5797 902 5838 ne
919 5791 1229 5837 naturarum
1255 5777 1499 5836 confusio
1526 5777 1876 5848 intelligatur.
1905 5777 2139 5848 Rursum

543 5853 628 5913 his
653 5855 942 5912 concinens
967 5852 1226 5910 adversus
1256 5847 1952 5924 ApollinariumGregorius
1981 5847 2137 5922 Naz.,

2253 4685 2434 4753 formas
2455 4682 2651 4736 servilis
2679 4685 2959 4754 assumptio
2979 4693 3239 4753 tamquam
3259 4684 3502 4753 genuina:
3521 4680 3796 4754 originismt‘

2251 4764 2366 4807 tura
2391 4763 2499 4819 est;
2541 4771 2658 4808 cum
2699 4755 2750 4806 id
2780 4753 2916 4824 quad
2944 4767 3264 4825 assumptum
3311 4765 3409 4820 est,
3439 4772 3544 4810 non
3573 4753 3801 4825 proprietas

2249 4825 2463 4899 interior
2507 4826 2595 4890 sit,
2624 4825 2713 4899 sed
2760 4826 2983 4881 exterior
3019 4824 3267 4881 accessio.
3298 4826 3394 4882 Sic
3439 4826 3624 4899 Cyrill.
3678 4824 3726 4876 il
3763 4824 3798 4870 in

2249 4895 2405 4952 Joan.
2429 4906 2672 4951 naturam
2691 4898 2976 4970 humanam
2991 4898 3058 4970 ad
3079 4899 3234 4954 Verbi
3252 4895 3554 4954 unitionem
3568 4900 3798 4970 σχεταῶςς

2251 4983 2357 5024 non
2377 4977 2606 5042 φυσικῶς
2623 4969 2941 5042 ascendisse
2980 4969 3160 5036 docet,
3191 4969 3341 5042 quod
3369 4986 3436 5026 ea:
3481 4987 3535 5026 se
3579 4969 3637 5023 et
3661 4973 3801 5042 suapte

2251 5038 2544 5096 conditione
2593 5058 2693 5096 non
2732 5041 2880 5096 habet
2923 5041 3040 5105 hoc,
3075 5052 3132 5095 ut
3162 5038 3277 5097 cum
3306 5041 3424 5098 Deo
3456 5059 3610 5098 unum
3648 5043 3720 5095 sit.
3751 5038 3801 5089 At

2248 5125 2406 5169 caule
2445 5114 2665 5167 omnino
2695 5112 2929 5169 Hilarius
2959 5112 3187 5170 subinde
3216 5116 3578 5178 demonstrat,
3605 5123 3802 5176 assump-

2250 5195 2357 5239 tam
2405 5186 2547 5240 servi
2584 5185 2812 5259 formam
2861 5185 3032 5241 nihilo
3083 5187 3261 5242 minus
3312 5189 3590 5259 propriam
3641 5178 3798 5238 Christi

2249 5271 2389 5324 esse,
2420 5273 2581 5327 quant
2613 5258 2783 5327 ipsam
2813 5259 3039 5313 formam
3071 5259 3185 5313 Dei.

2320 5346 2381 5420 (i)
2405 5349 2619 5416 Excusi,
2650 5359 2696 5403 et
2727 5350 3028 5416 resurrexit,
3061 5361 3107 5405 et
3127 5352 3180 5405 in
3203 5352 3358 5406 caelos
3384 5351 3800 5420 adscenderitmoti

2249 5418 2435 5490 potest,
2465 5432 2571 5497 etc.
2602 5421 2918 5497 Simplicius
2961 5439 3023 5497 ac
3051 5424 3250 5497 verius
3277 5439 3410 5497 mss.
3445 5435 3493 5478 et
3522 5424 3637 5497 (pro
3657 5418 3799 5497 etimit)

2244 5493 2569 5566 resurrexit:
2601 5494 2702 5547 hoc
2725 5500 2828 5556 est,
2862 5494 2907 5547 si
2927 5493 3068 5566 mihi
3095 5494 3324 5566 objicitis
3346 5492 3554 5552 Christi
3574 5494 3623 5550 in
3648 5492 3801 5566 nativi-

2249 5575 2378 5640 tate,
2404 5564 2674 5640 passione,
2694 5576 2826 5640 etc.,
2857 5563 3256 5635 inﬁrmitatem;
3283 5583 3386 5640 ego
3413 5581 3668 5637 apponam
3689 5563 3800 5640 ejus-

2249 5634 2368 5690 dem
2400 5637 2889 5710 inresurrectione
2917 5639 3164 5710 gloriam.
3209 5634 3391 5710 Pergit
3439 5634 3661 5710 Hilarius
3686 5636 3796 5690 viam

2249 5708 2582 5782 praecludere
2617 5709 2797 5782 errori
2833 5709 3238 5776 luereticiirum,
3273 5708 3504 5782 quorum
3545 5709 3798 5782 intinttorcs

2249 5779 2649 5853 Apollinarista;
2675 5779 2920 5838 Christos
2942 5783 3076 5837 duos
3105 5779 3425 5840 inducentes
3451 5782 3588 5853 apud
3631 5781 3797 5848 Grego-

2250 5849 2388 5908 rium
2421 5849 2575 5920 Naz.,
2606 5851 2699 5907 0r.
2751 5868 2822 5909 ιιι
2848 5871 2860 5909 :
2887 5853 3037 5909 verba
3057 5856 3168 5924 illa,
3199 5857 3444 5928 Anguore
3485 5849 3684 5924 Mutus
3723 5858 3796 5918 at,
