3988 6332
170 328 279 387 561

1419 333 1508 391 DE
1548 332 1919 394 TRINITATE
1951 334 2155 394 LIBER
2194 336 2261 394 Χ.

3369 337 3478 399 562

174 446 281 511 sit;
313 460 490 519 neque
517 445 679 511 alius,
719 459 879 518 quam
908 444 999 518 qui
1027 454 1107 503 est
1155 455 1420 513 mortuus,
1453 464 1769 506 resurrexe-
1800 452 1851 515 Α
1880 451 2053 522 ignem
2084 465 2473 524 compungens,
2502 450 2605 508 ’aut
2631 466 2754 510 aera
2793 453 3112 523 vulnerans,
3145 469 3337 516 omnes
3362 461 3483 532 qui-

175 538 276 605 rit;
311 554 482 610 neque
504 540 838 610 alius,quam
860 537 935 609 (α)
960 540 1047 609 qui
1067 555 1109 594 ιη
1128 540 1384 608 surrexit,
1412 542 1478 595 sit
1507 541 1558 597 in
1587 543 1770 609 C(Blis;

174 629 228 686 in
260 633 414 688 caelis
450 645 631 690 autem
686 648 791 688 non
841 633 979 690 alius
1027 633 1120 701 sit,
1161 650 1322 705 quam
1369 635 1459 705 qui
1491 636 1776 693 descendit

169 733 300 782 ante
323 725 396 783 de
419 727 595 785 caelis.

242 820 339 878 25.
390 820 626 880 Christus
674 823 907 896 passioni
960 823 1249 890 obnoxius,
1307 843 1428 881 num
1478 835 1528 881 et
1577 826 1768 882 dolori.

170 910 366 969 Christi
401 916 458 970 in
484 932 638 971 carne
678 917 1052 988 prterogativte.
1075 916 1336 977 —Homo
1385 918 1570 990 itaque
1612 918 1772 977 Jesus

167 1005 419 1064 Christus
438 1008 747 1082 unigenitus
776 1011 937 1073 Deus,
969 1025 1064 1080 per
1090 1025 1311 1067 carnem
1355 1018 1411 1067 et
1439 1012 1669 1069 Verbum
1712 1020 1773 1068 ut

167 1100 409 1159 hominis
450 1106 587 1160 ﬁlius
616 1104 689 1161 ita
730 1112 786 1162 ct
823 1104 919 1161 Dei
949 1103 1112 1173 ﬁlius,
1148 1105 1424 1163 hominem
1454 1123 1640 1165 verum
1665 1123 1768 1164 se—

166 1196 406 1253 cundum
435 1197 840 1254 similitudinem
886 1199 1053 1254 nostri
1085 1196 1342 1267 hominis,
1369 1216 1475 1256 non
1507 1200 1768 1257 deﬁciens

166 1304 195 1341 a
237 1305 300 1346 se
348 1290 480 1355 Deo,
533 1291 804 1362 sumpsit:
839 1289 913 1362 (ὸ)
948 1291 1000 1345 in
1033 1307 1160 1362 quo,
1202 1292 1449 1363 quamvis
1494 1304 1587 1349 aut
1632 1294 1770 1349 ictus

166 1381 456 1448 incideret,
489 1392 579 1439 aut
607 1384 799 1442 vulnus
829 1382 1209 1450 descenderet,
1237 1392 1331 1439 aut
1373 1384 1499 1440 nodi
1536 1399 1769 1441 concur-

165 1484 380 1543 rerent,
405 1484 497 1530 aut
526 1476 812 1547 suspensio
833 1474 1096 1541 elevaret,
1128 1473 1389 1533 allerrent
1410 1476 1625 1546 quidem
1654 1477 1771 1533 haec

167 1569 433 1640 impetum
462 1570 752 1643 passionis,
787 1584 893 1625 non
921 1576 1102 1625 tamen
1129 1568 1373 1626 dolorem
1399 1570 1665 1640 passionis
1692 1570 1776 1625 in-

166 1658 422 1720 ferrent:
457 1672 515 1718 ut
542 1662 706 1719 telum
738 1661 954 1735 aliquod
995 1671 1088 1718 aut
1109 1676 1306 1742 aquam
1348 1662 1650 1734 perforatis,
1682 1673 1775 1722 aut

237 1793 322 1872 (l)
355 1796 473 1855 Vos
492 1795 702 1853 Domini
730 1796 905 1853 abest.

1879 543 2002 598 dem
2050 544 2149 601 has
2179 545 2457 616 passiones
2499 555 2705 601 naturm
2752 564 2863 603 suae
2906 547 3090 617 infert,
3140 559 3198 605 ut
3227 550 3389 617 foret,
3424 560 3483 607 ut

1880 646 2229 709 compungat,
2260 645 2319 692 ut
2346 639 2621 704 vulneret;
2671 638 2768 696 sed
2806 650 3049 695 naturam
3078 656 3231 696 suam
3268 644 3320 697 in
3365 643 3482 700 lucc

1882 731 2061 800 passio
2093 732 2242 787 illata
2272 746 2377 787 non
2411 733 2627 800 retinet,
2655 732 2781 788 dum
2828 735 2880 788 in
2913 744 3108 789 natura
3136 751 3240 791 non
3283 746 3367 792 est
3394 736 3481 792 vel

1877 837 2069 894 aquam
2099 825 2283 891 forari,
2312 825 2401 880 vel
2434 826 2592 895 pungi
2621 825 2824 897 ignem,
2849 827 2931 882 vel
2976 842 3155 883 aerem
3184 828 3481 897 vulnerari,

1880 916 2126 985 quamvis
2161 926 2370 972 natura:
2393 917 2484 974 teli
2516 918 2587 973 sit
2613 928 2668 973 et
2708 918 2995 976 vulnerare
3029 930 3085 975 et
3111 935 3481 993 compungere

1877 1019 1932 1065 et
1960 1010 2153 1067 forare.
2191 1011 2387 1068 Passus
2417 1011 2632 1083 quidem
2673 1020 2760 1069 est
2794 1013 3053 1070 Dominus
3096 1013 3255 1070 Jesus
3282 1016 3477 1072 Chris-

1879 1112 1986 1168 tns.
2013 1105 2140 1160 dum
2166 1104 2327 1178 337
2357 1104 2604 1175 caeditur,
2639 1106 2766 1162 dum
2808 1107 3174 1177 suspenditur.
3199 1108 3324 1163 dum
3355 1124 3480 1165 eru-

1874 1199 2128 1269 ciligitur,
2157 1201 2284 1257 dum
2317 1203 2544 1258 moritur
2574 1221 2586 1256 :
2619 1202 2715 1257 sed
2740 1204 2793 1258 in
2822 1218 3019 1274 corpus
3052 1202 3129 1275 (l)
3164 1206 3379 1261 Domini
3405 1204 3478 1278 (c)

1877 1294 2092 1351 irruens
2123 1296 2320 1366 passio,
2353 1312 2455 1354 nec
2486 1312 2589 1352 non
2622 1296 2721 1352 fuit
2746 1297 2949 1369 passio,
2978 1314 3076 1354 nec
3118 1311 3295 1356 tamen
3325 1308 3480 1356 natu-

1875 1402 1993 1443 ram
2018 1389 2284 1458 passionis
2315 1389 2396 1463 (tl)
2428 1391 2667 1445 exseruit
2704 1410 2715 1446 :
2747 1391 2871 1447 dum
2897 1402 2953 1447 et
2991 1392 3186 1461 νωτιαιὶ
3236 1394 3484 1451 ministe-

1873 1483 1954 1537 rio
1979 1482 2224 1549 desaevit,
2256 1491 2311 1539 et
2342 1482 2524 1538 Virtus
2555 1488 2800 1554 corporis
2820 1485 2935 1539 sine
2966 1500 3131 1540 sensu
3166 1502 3340 1557 [unum
3368 1487 3477 1543 vim

1882 1588 2057 1643 poenae
2083 1572 2137 1628 in
2170 1588 2229 1628 se
2257 1572 2601 1629 destevientis
2631 1572 2868 1645 excepit.
2903 1574 3159 1633 Habuerit
3184 1593 3317 1635 sane
3349 1579 3481 1636 illud

1880 1665 2095 1724 Domini
2121 1681 2318 1738 corpus
2346 1664 2418 1739 (e)
2440 1665 2643 1723 doloris
2670 1644 2845 1723 nostri
2889 1677 3164 1739 naturam,
3206 1670 3252 1727 si
3280 1685 3480 1745 corpus
3524 1644 3535 1666 ’

163 1939 385 2020 et‘cruci
430 1939 644 2020 amatus,
671 1955 733 1993 ac
774 1938 1044 2020 sepultus1
1069 1938 1267 2020 externi
1317 1938 1647 2020 integuntenti
1675 1954 1786 1993 esse
1815 1942 1862 2003 B
1889 1935 2425 2020 inquitnpassioilla
2454 1942 2739 2020 tignfuerit
2783 1942 3090 2000 conditionis
3141 1956 3189 2001 et
3237 1949 3477 2020 generis,

164 2012 460 2083 afﬁrmant;
505 2011 614 2065 haec
652 2022 846 2074 autem,
898 2011 1142 2082 Conﬁdit,
1188 2020 1234 2065 et
1280 2011 1578 2077 resurrexit,
1625 2020 1777 2081 atque

166 2085 467 2149 adscendit,
490 2083 679 2137 interni
704 2083 950 2137 thesauri.

246 2153 326 2227 (a)
358 2155 431 2211 Ita
471 2170 600 2227 mss.
627 2156 691 2210 At
733 2154 1002 2227 editi,qui
1029 2155 1327 2219 resurrexit,
1365 2153 1689 2227 adscenderit
1721 2153 1774 2208 in

176 2224 356 2295 ewlos,
378 2229 429 2282 in
457 2226 608 2282 caelos
638 2237 829 2281 autem.
867 2226 941 2280 Ex
975 2228 1074 2281 hoc
1104 2229 1221 2282 loco
1247 2227 1474 2295 aliisque
1512 2224 1777 2280 similibus

181 2299 239 2353 in
272 2299 507 2368 generali
540 2300 746 2369 praefat.
794 2298 823 2369 §
852 2298 908 2360 4,
943 2298 1297 2369 ostendimus,
1335 2296 1591 2351 Hilarium
1621 2297 1777 2366 longe

173 2366 420 2426 abfuisse
458 2377 517 2424 ut
542 2366 891 2425 divinitatem
940 2366 1141 2426 Christi
1183 2384 1213 2424 a
1254 2383 1482 2438 corpore
1522 2383 1775 2437 umquam

168 2450 483 2510 separatam
527 2439 774 2498 sentiret.
818 2441 874 2498 Si
905 2443 1047 2497 enim
1081 2451 1208 2498 ante
1254 2451 1484 2495 mortem
1526 2439 1774 2505 secessit,

171 2513 316 2640 alitlts
366 2513 630 2571 dicendus
682 2522 766 2569 est
808 2521 989 2580 natus,
1026 2512 1166 2569 alius
1212 2522 1477 2578 mortuus,
1530 2511 1669 2567 alius
1722 2512 1775 2567 in

171 2599 264 2640 cm
290 2601 355 2640 IS.

171 2599 355 2642 εωιις.

250 2657 333 2730 (li)
367 2655 648 2728 Er.,Lips.
676 2666 730 2712 et
755 2655 896 2730 Par.
927 2656 978 2710 in
1003 2671 1152 2728 quem
1181 2671 1201 2730 ξ
1225 2654 1611 2711 dissidentibus
1643 2653 1773 2730 Bad.

172 2737 231 2787 et
260 2727 401 2785 mss.
431 2727 733 2798 quosinter
774 2727 1120 2784 Corbeieusis
1157 2727 1223 2783 ab
1248 2729 1464 2796 antiqua
1504 2741 1664 2781 manu
1709 2729 1777 2781 ad

173 2802 483 2872 marginem
526 2800 708 2865 habet,
757 2799 916 2855 Caute
952 2800 1078 2872 lege.
1111 2799 1191 2855 Ad
1228 2802 1488 2872 cautelam
1537 2798 1780 2872 recolen-

171 2869 530 2929 duni'eontra
555 2887 691 2942 quos
722 2873 981 2927 hactenus
1000 2869 1298 2942 'dispntarit
1328 2871 1526 2925 Doctor
1553 2870 1777 2942 catholig

172 2959 281 3001 eus
314 2962 328 2997 :
359 2945 515 3014 cujus
537 2939 701 3000 verba
734 2944 912 2998 omnia
959 2944 1024 2997 ad
1058 2939 1112 2996 id
1148 2943 1411 3013 exigenda
1458 2948 1604 3014 sunt,
1634 2939 1779 3011 quod

171 3018 244 3071 ab
280 3015 617 3084 Apollinario
654 3022 918 3069 assertum
968 3028 1088 3070 esse
1112 3014 1461 3080 coiiqueritnr
1488 3013 1781 3084 Gregorius

172 3082 440 3144 Nazianz.
472 3087 539 3143 ad
565 3087 872 3143 Nectarimn
913 3084 1008 3142 Or.
1040 3102 1159 3140 xnvr
1186 3104 1199 3139 :
1232 3085 1416 3156 Ipsum
1459 3082 1776 3156 unigenitum

174 3158 353 3214 Deum
381 3160 606 3213 omnium
630 3157 870 3227 iudicem,
900 3159 1016 3213 vita:
1041 3155 1321 3222 auctorem,
1350 3157 1527 3209 mortis
1555 3155 1779 3209 exstinc-

175 3242 370 3297 torem,
398 3234 663 3287 mortalem
709 3247 815 3313 esse
842 3230 1005 3313 docet,
1037 3230 1344 3313 propriaque
1380 3243 1475 3310 sua
1520 3227 1783 3313 divinitate

174 3320 400 3374 passum
425 3319 554 3366 esse,
580 3312 732 3374 atque
758 3305 812 3356 in
846 3298 1089 3356 triduana
1121 3298 1213 3355 illa
1248 3298 1477 3368 corporis
1506 3309 1676 3374 morte
1699 3298 1774 3352 di-

174 3370 449 3429 rinitatem
479 3370 675 3445 quoque
715 3375 870 3429 simul
895 3390 1011 3427 cum
1060 3388 1272 3444 corpore
1316 3379 1571 3445 mortuam
1599 3370 1777 3440 fuisse,

172 3450 362 3506 sicque
406 3444 790 3501 rursus'Patrts
820 3461 979 3513 opera
1017 3462 1048 3498 a
1091 3455 1251 3497 morte
1287 3444 1355 3496 ad
1384 3446 1539 3496 vitam
1578 3457 1786 3495 revoca-

172 3526 289 3573 tam
318 3534 339 3573 :
364 3522 595 3574 maxime
623 3532 745 3573 cum
787 3514 1022 3571 Hilarius
1045 3532 1205 3586 supra
1238 3531 1387 3570 num.
1419 3515 1453 3570 9
1478 3518 1780 3586 contra_er-

172 3587 324 3661 ιρι-ῖς
374 3588 678 3661 Itnjusmodi
709 3599 1006 3643 assertores
1054 3582 1167 3642 toto
1198 3586 1302 3643 hoc
1344 3586 1484 3641 libro
1515 3582 1777 3655 agendum

170 3660 281 3717 sibi
307 3660 597 3732 proponat.
857 3730 864 3732 _
949 3730 957 3732 _
1034 3730 1073 3732 _
1273 3729 1282 3732 Α
1355 3680 1402 3732 _'

282 3729 338 3805 ε)
364 3729 531 3805 Abest
561 3731 771 3805 Domini
793 3749 820 3783 a
853 3730 1010 3797 Bad.,
1033 3730 1137 3805 Er._
1156 3740 1210 3786 et
1233 3729 1506 3802 plerisque
1536 3742 1668 3805 mss.

282 3737 338 3805 ε)
364 3736 531 3788 Abest
561 3736 771 3788 Domini
793 3749 820 3783 a
853 3736 1010 3797 Bad.,
1033 3736 1129 3786 Er.
1156 3740 1210 3786 et
1233 3736 1506 3802 plerisque
1536 3742 1668 3783 mss.

250 3736 338 3876 id)
373 3804 429 3859 In
452 3803 679 3876 vulgalis
703 3846 719 3871 ,
753 3804 994 3876 exercuit.
1028 3802 1179 3876 At‘in
1205 3817 1333 3857 mss.
1359 3802 1583 3876 exseruit
1609 3815 1629 3876 ι
1658 3806 1782 3876 post

172 3871 328 3943 quod
360 3871 583 3933 verbum
624 3885 771 3930 recte
820 3874 1150 3930 intellexeris
1203 3882 1432 3944 respectu
1473 3871 1774 3944 divinitatis.

170 3940 443 4005 Proxime
495 3948 636 4007 enim
672 3945 845 4002 Virtus
872 3946 1102 4016 corporis
1132 3940 1386 4000 idetn'est
1409 3986 1423 4005 .
1457 3940 1777 4016 quodjlcr-

172 4020 308 4077 bum
344 4029 402 4076 in
440 4026 717 4088 assumpto
744 4012 1048 4074 subsistens
1075 4031 1304 4086 corpore
1325 4057 1339 4082 ,
1370 4012 1522 4086 quasi
1544 4012 1778 4088 ,_Y_i_rtus

171 4101 491 4163 corporata.
512 4084 807 4158 Quo'sensn
832 4089 1099 4163 Eusebius
1122 4084 1418 4163 Eineseuus
1439 4084 1578 4163 apud
1600 4084 1778 4163 Theo-

172 4155 437 4221 doretum
482 4155 619 4219 Dial.
652 4177 743 4225 ιιι,
778 4177 830 4231 p.
867 4161 992 4227 172,
1014 4159 1286 4231 Christum
1309 4155 1617 4231 secundum
1636 4155 1776 4231 d_ivi~

172 4234 414 4291 nitatem
447 4236 756 4304 passionum
780 4227 1095 4287 nostrarum
1128 4230 1365 4286 nescium
1400 4230 1566 4304 fuisse
1591 4227 1779 4304 delen-

171 4307 318 4362 dens
342 4353 356 4371 ,
397 4300 628 4363 verbum
667 4305 887 4359 Virtutis
918 4306 1137 4359 nomine
1160 4309 1473 4358 constanter
1501 4300 1772 4370 designat.

175 4377 307 4433 Non
341 4378 501 4442 enim,
531 4378 734 4446 inquit,
766 4377 964 4431 clauum
987 4376 1184 4445 excepit
1225 4372 1425 4439 Virtus,
1450 4382 1504 4426 ut
1533 4371 1624 4446 tim
1644 4378 1729 4424 ret
1756 4385 1776 4425 :

170 4448 440 4522 qualitatis,
468 4458 526 4504 ut
546 4442 727 4522 paucis
753 4447 1050 4522 interiectis
1079 4442 1322 4522 declarat
1344 4442 1624 4522 ,‘corporis
1656 4456 1776 4511 pas-

169 4517 355 4577 siones
389 4517 630 4592 suscepit.
665 4518 740 4575 Ita
764 4518 1021 4587 Hilarius,
1056 4519 1221 4592 ulii__ci
1244 4518 1312 4592 de
1343 4517 1557 4592 Christo
1593 4528 1774 4592 sermo

170 4604 299 4661 est,
331 4584 548 4647 virtutis
569 4607 756 4647 Vocem
789 4584 1014 4661 semper
1034 4589 1100 4645 ad
1136 4589 1377 4646 Verbum
1415 4587 1599 4661 refert.
1638 4584 1775 4661 Ver:

171 4655 311 4746 bunt
340 4673 525 4719 autem
559 4663 670 4746 hic"
701 4661 869 4746 Virtus
908 4655 1167 4746 corporis,
1203 4659 1475 4746 quoinon
1504 4670 1666 4727 supra
1705 4655 1772 4710 ad

1886 2009 2009 2078 quia
2037 2008 2449 2090 it_tde_rtttttabile_nt
2481 2008 2590 2090 Dei
2604 2025 2845 2068 naturam
2896 2016 3041 2070 nulla
3090 2018 3163 2072 vis
3210 2008 3481 2090 injuriosti

1879 2080 2283 2157 perturbationis
2310 2079 2662 2157 _o/fe_ndaret;i
2697 2096 2863 2141 tamen
2909 2101 3147 2157 suscepta
3195 2079 3482 2146 voluntarie

1876 2162 1986 2218 est,
2012 2152 2174 2222 ofﬁcio
2196 2152 2401 2229 quidem
2424 2155 2535 2225 ipsa
2564 2156 2897 2229 satisfactum
2926 2152 3137 2229 poenali.
3170 2178 3273 2216 non
3305 2172 3477 2217 tamen

1878 2239 2043 2299 poena!
2082 2239 2235 2299 sensu
2272 2222 2461 2299 ltesura
2489 2222 2759 2292 patientem
2791 2244 2809 2281 :
2832 2222 2937 2282 non
2973 2230 3109 2299 quod
3133 2233 3225 2286 illa
3256 2234 3480 2288 tradendi

1879 2294 1981 2350 non
2003 2294 2236 2370 hahuerit
2267 2311 2359 2363 pro
2382 2296 2496 2365 ipsa
2525 2298 2777 2361 passionis
2806 2294 3051 2369 qualitate
3079 2317 3356 2370 naturam;
3385 2305 3478 2360 sed

1880 2368 2018 2438 quod
2046 2367 2274 2438 dolo_rem
2303 2382 2622 2423 DlVlNITATIS
2672 2367 2882 2426 unum
2928 2388 3027 2426 non
3072 2375 3240 2429 sentit.
3279 2367 3476 2431 Passus

1879 2435 1970 2515 est
1992 2435 2317 2515 ergaDeus;
2348 2439 2467 2509 quia
2507 2456 2561 2515 se
2602 2442 3165 2515 subjecit'roluntarius
3197 2447 3422 2515 passioni
3453 2464 3475 2503 :

1879 2510 1970 2586 sed
1992 2510 2273 2586 suscipiens
2310 2510 2570 2586 naturales
2597 2511 2943 2586 ingruentium
2989 2515 3137 2569 in..se
3176 2510 3476 2586 passionum

1882 2579 2100 2661 (quibus
2140 2579 2368 2635 dolorem
2416 2581 2723 2651 patientibus
2771 2601 2971 2661 necesse
3005 2579 3320 2661 estinferri.)
3368 2591 3476 2645 vir-

1882 2663 2011 2707 tutes
2034 2694 2049 2717 ,
2077 2653 2187 2724 ipse
2213 2662 2379 2706 tamen
2414 2669 2447 2707 a
2477 2663 2676 2707 natura:
2713 2672 2819 2710 sua:
2845 2659 3029 2712 virtute
3054 2653 3375 2717 non'cxcidit
3414 2671 3473 2717 ut

1881 2723 2104 2801 doleret.
2131 2723 2266 2801 lliuc
2287 2723 2443 2781 facile
2467 2725 2782 2801 intelligitur
2802 2730 2926 2797 quid
2949 2729 3053 2783 sibi
3084 2732 3213 2786 velit
3233 2734 3479 2801 proxime

1883 2794 2041 2868 allata
2077 2795 2166 2868 teli
2195 2794 2248 2849 in
2290 2810 2486 2865 aquam
2520 2806 2611 2850 aut
2635 2794 2829 2868 ignem
2869 2809 2962 2855 ant
3005 2816 3190 2857 aerem
3234 2794 3476 2862 immissi

1880 2866 2197 2923 similitudo.

1957 2937 2027 3017 (ς)
2062 2938 2320 3017 Erasmus
2343 2946 2575 2993 testatur
2603 2956 2662 2996 se
2695 2941 2745 2994 in
2773 2942 3006 3011 quodam
3047 2946 3345 3017 exemplari
3376 2964 3464 3005 re-

1884 3009 2091 3079 perisse
2124 3009 2213 3087 llic
2235 3011 2482 3087 adstituor
2503 3027 2615 3087 ,__ca:
2654 3009 2862 3087 pessulo
2880 3030 2900 3080 ;
2928 3030 2992 3069 ac
3017 3009 3252 3078 rursum,
3287 3031 3470 3087 suapte

1884 3092 2071 3136 natura
2090 3083 2199 3135 sine
2218 3081 2452 3155 mirabili
2473 3083 2736 3151 ndjutorio
2772 3083 2892 3147 Dei,
2927 3097 3048 3155 post
3080 3089 3238 3144 verba
3270 3100 3326 3144 ut
3363 3081 3475 3145 cal-

1884 3164 1960 3205 cet
1998 3155 2183 3207 undas.
2218 3152 2313 3207 llic
2344 3168 2449 3205 uno
2481 3164 2798 3223 argumento
2831 3152 3041 3211 videtur
3087 3159 3319 3215 Hilarius
3347 3177 3474 3217 cor-

1887 3226 2000 3297 pori
2030 3224 2234 3297 Christi
2262 3236 2315 3278 et
2345 3230 2589 3297 naturam
2613 3225 2827 3280 dolemli
2861 3243 3055 3297 negare
3075 3272 3090 3291 .
3120 3239 3175 3285 et
3208 3233 3467 3290 virtutem

1888 3295 2125 3374 tribuere
2169 3295 2420 3374 miracula
2479 3311 2574 3363 per
2628 3314 2699 3374 se
2738 3295 3002 3374 patrandi.
3048 3306 3221 3374 Atut
3250 3307 3472 3374 corpori

1887 3363 2086 3449 Christi
2154 3367 2410 3449 miracula
2457 3368 2700 3449 patrandi
2740 3363 3260 3449 uirtutem-tribuat
3310 3363 3473 3449 Iunge

1887 3439 2073 3511 abest,
2101 3440 2189 3507 qui
2213 3454 2329 3493 eam
2364 3437 2467 3493 vim
2494 3453 2560 3511 ne
2588 3439 2639 3493 in
2670 3440 2902 3511 animam
2931 3443 3148 3511 quidem
3179 3446 3320 3503 illius
3340 3437 3475 3504 coii-

1887 3509 2072 3564 venire
2101 3525 2200 3581 pro
2226 3520 2374 3563 certo
2408 3509 2555 3579 ponit
2603 3510 2738 3565 inira
2782 3527 2929 3566 unm.
2951 3509 3042 3569 ’55
3080 3534 3093 3569 :
3128 3515 3251 3571 Non
3288 3535 3470 3575 conve-

1886 3582 1989 3656 nit,
2024 3581 2231 3656 inquit,
2269 3589 2327 3634 ut
2361 3583 2531 3635 anima
2568 3581 2895 3656 desepnlcro
2931 3583 3188 3642 Lazarum
3222 3600 3388 3656 vocet,
3424 3603 3469 3648 et

1883 3652 1952 3733 ad
1978 3654 2166 3708 animat
2199 3655 2400 3708 innexa:
2438 3655 2644 3733 corpori
2688 3652 2998 3733 prteceptu‘m
3045 3668 3195 3727 atque
3231 3652 3475 3719 virtutem

1882 3724 1937 3798 in
1963 3736 2233 3798 mortuum
2240 3741 2391 3798 suum
2412 3724 2589 3798 anima
2602 3728 2719 3798 jam
2744 3742 2808 3781 ea:
2828 3724 2890 3781 eo
2914 3724 3168 3786 dissoluta
3186 3744 3469 3789 revocetur.

1884 3795 1975 3870 _Sic
1998 3796 2090 3851 lib.
2114 3796 2181 3851 de
2202 3795 2408 3868 Synod.
2434 3813 2488 3848 ιι.
2516 3795 2695 3870 48ζεικ
2719 3797 2993 3853 miraculis
3017 3801 3208 3870 probat
3234 3804 3468 3861 Verbum

1884 3866 1935 3943 in
1966 3882 2182 3943 carnem
2208 3866 2313 3943 non
2345 3882 2467 3922 esse
2496 3868 2856 3943 translatum:
2889 3866 3130 3943 Alioquin
3155 3875 3293 3929 unde
3321 3878 3469 3932 carni

1880 3940 1935 3992 in
1965 3941 2197 4008 operibus
2227 3940 2466 4003 virtutes,
2500 3938 2551 3992 in
2584 3950 2752 3992 monte
2779 3938 3029 4008 gloriam,
3045 3943 3100 3997 in
3122 3947 3358 4010 passione
3380 3964 3462 4002 se-

1881 4010 2184 4078 curitatem,
2232 4011 2286 4063 in
2314 4020 2473 4063 morte
2500 4011 2692 4064 vitam?
2738 4011 2844 4066 Sed
2880 4012 3274 4070 demutationem
3325 4018 3468 4074 Deus

1881 4083 2146 4160 nesciens,
2188 4081 2319 4160 nihil
2365 4096 2429 4136 ea:
2466 4081 2763 4160 substantias
2801 4099 2909 4160 sua:
2949 4083 3094 4160 bonis
3132 4103 3255 4160 caro
3301 4092 3465 4160 factus

1879 4151 2218 4231 amisit._Non
2251 4154 2413 4224 igitur
2431 4153 2627 4231 carnis.
2652 4153 2744 4231 sed
2775 4154 3089 4231 substantive
3113 4151 3312 4231 divinte
3340 4175 3462 4231 pro-

1879 4226 2057 4294 prium
2088 4225 2286 4279 bonum
2313 4231 2397 4279 est
2421 4224 2587 4296 virtus
2614 4225 3018 4281 miraculorum.
3044 4227 3198 4296 Quod
3227 4224 3467 4288 non-mi-

1880 4310 1982 4349 nus
2012 4297 2295 4364 perspicue
2324 4295 2481 4350 docet
2508 4294 2603 4349 lib.
2636 4311 2709 4351 vn
2736 4298 2803 4351 de
2829 4296 2978 4352 Trin.
3008 4315 3041 4353 ιι
3070 4294 3179 4363 ’56,
3215 4303 3305 4358 ubi
3337 4305 3413 4359 ait
3443 4322 3460 4358 :

1877 4364 2008 4440 Cum
2031 4367 2165 4421 enim
2186 4384 2271 4440 ea,
2295 4382 2409 4438 qua:
2427 4376 2621 4440 gereret
2644 4412 2655 4429 .
2687 4368 2895 4440 prapria
2920 4368 3028 4424 Dro
3058 4384 3242 4440 essent,
3265 4375 3468 4431 calcare

1881 4438 2044 4493 undas
2067 4479 2083 4506 ,
2109 4438 2290 4510 jubere
2329 4438 2525 4510 ventis,
2552 4449 2658 4494 etc.
2682 4480 2697 4504 ,
2724 4438 2844 4493 hinc
2883 4443 3102 4507 querelae
3147 4438 3314 4501 omnis
3349 4457 3465 4503 orta

1878 4511 2171 4583 conquestio
2197 4519 2328 4583 est,
2370 4509 2581 4583 quod...
2630 4511 2841 4583 gessisse
2889 4511 2999 4567 htec
3024 4514 3079 4568 in
3124 4515 3328 4573 homine
3377 4537 3465 4574 as-

1877 4594 2080 4660 sumpto
2109 4579 2206 4660 Dei
2235 4599 2336 4660 non
2362 4579 2842 4660 intellecta'notnra
2864 4594 2957 4637 est.
2993 4585 3097 4660 Sed
3127 4598 3182 4641 et
3211 4589 3261 4642 id
3285 4590 3460 4660 ipsum

1877 4657 2162 4728 conﬁrmat
2194 4654 2244 4708 in
2272 4651 2410 4708 Psal.
2444 4667 2547 4728 L‘V,
2578 4667 2633 4707 ιι.
2662 4653 2698 4709 5
2722 4693 2737 4719 ,
2766 4669 2888 4708 eum
2930 4656 3104 4728 primo
3148 4651 3467 4728 ponit'divi-

171 4738 396 4793 calcem
425 4751 571 4789 tnun.
604 4733 691 4801 15,
730 4733 897 4788 Virtus
924 4724 1169 4803 originis,
1198 4724 1392 4787 merito
1428 4731 1496 4786 ab
1535 4724 1601 4783 eo
1639 4743 1777 4782 ιιιιιια
1801 4730 1855 4791 D
1882 4741 2002 4803 nam
2045 4725 2118 4803 in-
2139 4739 2206 4779 eo
2232 4724 2576 4803 remansisse
2620 4734 2861 4803 naturam
2881 4724 3158 4803 {Factus
3180 4733 3314 4786 enim
3343 4751 3464 4789 caro

171 4816 454 4881 cnpetur;
486 4806 607 4879 quia
655 4805 829 4881 ipsum
872 4803 1089 4881 propria
1108 4806 1304 4858 virtute
1321 4844 1348 4881 ,_
1372 4803 1446 4881 uti
1482 4805 1591 4871 jam
1630 4814 1776 4881 stupe

171 4872 537 4945 uolat-imus,
566 4872 778 4947 corpori
807 4872 906 4932 suo
926 4872 1186 4946 originem
1221 4874 1527 4947 praebuisse
1541 4872 1773 4947 censuit.

170 4953 355 5009 Forte
389 4953 549 5005 etiam
572 4944 807 5003 Verbum
832 4944 1076 5018 corporis
1101 4944 1351 5002 virtutem
1375 4944 1660 5015 appellarit
1686 4956 1771 5018 ac:

168 5023 532 5079 commodata
578 5019 642 5074 ad
694 5013 1013 5085 sententiam
1055 5013 1489 5073 adversariorum
1522 5013 1774 5084 loquendi

170 5096 421 5151 ratione.
450 5092 525 5147 Illi
553 5093 696 5148 enim
725 5094 858 5145 intra
886 5106 943 5146 n.
979 5090 1050 5145 49
1076 5091 1142 5145 de
1189 5089 1404 5143 Christo
1434 5090 1512 5142 sic
1536 5086 1776 5142 sensisse

172 5176 592 5229 memorantur,
636 5173 691 5216 ut
724 5159 866 5217 Deus
909 5161 1123 5217 Verbum
1171 5172 1427 5232 tamquam
1454 5176 1574 5232 pars
1600 5157 1778 5224 aliqua

169 5242 434 5293 virtutum
466 5234 560 5291 Dei
588 5235 810 5306 quodnm
838 5250 892 5290 se
941 5243 1105 5306 tractu
1143 5231 1550 5306 continuationis
1585 5242 1780 5306 esten-

172 5311 311 5364 dens
333 5350 352 5374 ,
378 5298 635 5362 hominem
666 5305 814 5359 illum
839 5306 924 5372 qui
953 5323 984 5357 ιι
1013 5303 1182 5358 Mario
1208 5320 1317 5358 esse
1355 5303 1504 5370 coepit
1530 5343 1545 5367 ,
1577 5298 1780 5374 habita-

170 5370 348 5445 verit,
378 5390 423 5435 et
466 5377 734 5433 virtutibus
760 5370 945 5433 diuina:
979 5376 1289 5449 Operationis
1331 5374 1650 5449 instruxerit.
1684 5370 1781 5449 llic

171 5441 358 5525 igitur
384 5464 559 5521 paenae
600 5464 805 5525 sensus
850 5464 883 5525 ει
928 5441 1316 5525 solarejicitur
1346 5457 1535 5525 natura
1579 5441 1780 5525 verbi,

170 5512 348 5596 citius
378 5512 624 5596 persona:
662 5520 993 5596 attribuitur.
1040 5512 1216 5574 At'ne
1253 5516 1593 5596 commodam
1645 5512 1785 5568 hanc

168 5587 707 5664 interpretationem
750 5592 818 5664 de
852 5600 1053 5664 nostro
1090 5590 1426 5664 excogitasse
1471 5587 1779 5664 videamur,

168 5656 509 5725 affert-mulus
534 5673 618 5720 est
639 5663 780 5719 alius
803 5662 987 5719 Hilarii
1018 5663 1188 5723 locus,
1214 5656 1266 5716 in
1295 5676 1402 5730 quo
1428 5676 1550 5714 cum
1578 5656 1782 5721 Christi

170 5741 513 5811 passionem
553 5735 741 5811 eadem
774 5737 983 5811 ratione
1013 5734 1282 5811 explicet,
1316 5731 1459 5803 quod
1502 5730 1591 5785 hic
1619 5730 1784 5811 uirtu-

169 5800 285 5867 tem
304 5808 574 5881 corporis,
606 5808 719 5877 jam
749 5807 1038 5881 perSpjcue
1068 5800 1568 5881 a'ppelletjtaturam
1600 5800 1785 5854 divini-

170 5884 330 5943 tatis.
355 5874 508 5939 Himc
536 5874 801 5937 habemus
822 5874 1043 5935 in'PSaI.
1072 5874 1191 5943 an,
1226 5892 1282 5933 ιι.
1310 5875 1379 5932 12
1399 5892 1413 5931 :
1437 5874 1778 5945 Quamquam,

762 5974 1036 6037 ΡΑτιιοι..
1067 5970 1152 6033 Χ.

1884 4796 2021 4851 Deus
2051 4796 2280 4874 etiamin
2305 4796 2651 4874 assumptione
2668 4798 2836 4874 carnis
2869 4796 3015 4874 Dens
3031 4816 3139 4855 esse
3161 4808 3465 4874 permansit,

1879 4879 2024 4923 utens
2049 4869 2248 4943 uirtutis
2287 4883 2395 4923 sua:
2419 4865 2529 4943 ‘suh
2571 4868 2825 4943 consortio
2853 4870 3016 4925 nostri
3045 4865 3275 4943 corporis
3322 4865 3468 4943 pote-'-

1877 4951 2026 5016 s_t_ate.
2058 4938 2193 5016 Tum
2245 4954 2311 4994 ex
2362 4938 2638 5016 miraculis
2687 4937 2884 4994 dietum
2933 4958 3087 4996 suum
3121 4937 3198 5000 sic
3230 4937 3465 5016 probat:

1882 5009 2003 5065 Non
2031 5012 2165 5065 enim
2192 5025 2345 5064 carne
2387 5018 2466 5082 est
2507 5010 2808 5079 degravatus
2832 5054 2846 5071 ,
2877 5029 2940 5067 ne
2965 5030 3122 5082 super
3162 5009 3328 5075 undas
3348 5037 3465 5075 am-

1878 5083 2098 5145 bularet,
2130 5091 2232 5137 etc.
2270 5083 2347 5159 ᾼο
2367 5078 2587 5159 demunt
2617 5082 2887 5159 concludit
2928 5102 2958 5159 εΔ
2981 5078 3098 5140 Non
3138 5104 3257 5159 ergo
3291 5091 3467 5147 metuit

1879 5171 1913 5208 a
1958 5170 2181 5209 carne...
2219 5151 2311 5230 sul}
2338 5152 2692 5230 assumptione
2717 5155 2887 5230 carnis
2919 5154 3057 5230 Deus
3098 5151 3252 5230 opera
3292 5164 3468 5217 divina

1883 5241 2261 5279 consummatis.
2286 5223 2470 5292 Itaque
2496 5223 2695 5278 Christi
2724 5229 2870 5280 earui
2908 5226 3048 5282 sicut
3079 5223 3463 5288 miraculorum

1885 5296 2134 5352 virtutem
2169 5311 2273 5350 non
2305 5294 2532 5367 tribuit,
2575 5294 2647 5349 ita
2693 5311 2793 5351 nec
2832 5307 2989 5367 negat
3039 5300 3257 5357 dolendi
3314 5313 3469 5359 natu-

1885 5383 1999 5422 ram
2033 5386 2046 5422 ;
2077 5367 2172 5441 sed
2200 5381 2296 5441 eos
2317 5407 2334 5430 ,
2362 5365 2466 5441 qui
2494 5367 2693 5421 nullam
2741 5368 2795 5423 in
2822 5365 3043 5424 Christo
3070 5373 3335 5441 recipiunt
3373 5391 3468 5431 na-

1886 5446 2060 5494 turam
2091 5454 2120 5513 ξι
2143 5439 2336 5513 dolore
2362 5436 2681 5513 immunem,
2716 5441 2874 5495 tacite
2902 5441 3138 5513 inducit,
3172 5436 3230 5497 ut
3257 5460 3322 5500 ex
3355 5446 3423 5502 iis
3445 5488 3464 5513 ,

1887 5526 2009 5582 qua:
2034 5510 2353 5565 mirabiliter
2381 5511 2549 5577 gessit
2588 5511 2638 5563 in
2670 5525 2897 5578 corpore
2917 5553 2932 5574 ,
2964 5512 3293 5583 singularem
3323 5519 3373 5573 in
3399 5510 3470 5575 eo

1891 5592 2144 5658 naturam
2191 5590 2445 5658 exstare,
2479 5596 2708 5650 eamque
2756 5583 2987 5658 divinam
3034 5598 3155 5658 esse
3202 5588 3465 5658 cngitent.

1886 5653 1995 5710 Nec
2021 5654 2183 5729 male
2213 5651 2441 5709 subinde
2487 5667 2699 5729 C_0l'£llll_
2729 5652 2939 5707 animos
2980 5654 3129 5729 adid
3157 5651 3341 5729 refert
3362 5703 3379 5729 ,
3413 5670 3475 5718 ut

1885 5725 2232 5801 considerent
2281 5739 2349 5779 an
2393 5737 2460 5801 e35
2515 5721 2731 5801 inﬂictis
2782 5724 2998 5801 egrpori
3042 5727 3241 5785 Christi
3298 5721 3473 5801 inmitis

1886 5810 2033 5854 recte
2065 5796 2385 5868 opinentur,
2417 5793 2651 5868 Verbum
2696 5809 2760 5868 ac
2802 5793 3062 5865 Spiritum
3103 5793 3473 5862 assuméntem

1886 5865 2168 5942 expet-mm
2194 5883 2317 5925 esse
2344 5865 2548 5922 doloris
2586 5867 2753 5922 nostri
2793 5879 3060 5928 naturam.
3091 5871 3285 5947 Negari
3310 5882 3471 5942 etiam

2764 5960 2841 6025 12
