3988 6332
183 294 298 361 363

1412 282 1502 359 us
1538 285 1909 359 TRINITATE
1946 292 2153 352 uasa
2193 291 2260 351 χ.

3378 302 3485 361 366

182 436 287 491 per
313 419 721 494 generationem
745 419 980 492 Virginis
1004 420 1341 485 iuessemus,
1375 418 1469 477 scil
1509 426 1694 475 nostra
1729 417 1781 473 in
1811 439 1864 500 Α
1889 430 1996 470 non
2022 413 2181 470 estin
2207 413 2414 484 peccati
2436 412 2765 486 proprietate
2786 413 2914 471 dum
2932 412 3182 473 Christus
3212 427 3291 475 est
3318 437 3332 474 :
3361 424 3484 493 quia

181 528 252 570 eo
296 528 394 584 per
418 514 675 569 virtutem
722 513 977 583 proiectis
1018 528 1084 569 ex
1129 526 1191 569 se
1232 511 1458 584 originis
1491 510 1623 568 vitia
1675 526 1783 567 non

179 605 427 663 inessent
457 623 473 662 :
501 604 628 662 dum
658 604 824 661 homo
844 614 1034 671 natus,
1064 621 1170 660 non
1201 605 1347 661 vitiis
1376 603 1627 661 humana:
1651 618 1780 660 con-

181 699 458 769 ceptionis
484 707 569 755 est
611 680 789 755 natus.
825 696 1024 754 Tenuit
1047 698 1194 754 cnim
1225 698 1522 769 Aposmlus
1558 697 1787 755 demon—

180 790 427 847 strandae
473 791 771 848 nativitatis
808 789 971 863 huius
1006 802 1408 849 sacramentum
1433 834 1451 861 ,
1481 808 1604 849 cum
1653 794 1727 849 ait
1767 808 1784 848 :

183 882 297 939 Sed
324 884 614 940 Itutuiliavit
644 900 700 940 se
723 887 945 957 formant
982 886 1116 941 servi
1144 885 1400 956 accipiens
1418 926 1431 948 ,
1464 887 1519 940 in
1542 886 1787 941 similitu-

182 976 307 1031 dine
355 975 431 1050 (ιι)
478 976 705 1032 hominis
756 978 1098 1043 constitutus,
1142 987 1188 1033 et
1234 977 1415 1034 habitu
1459 988 1691 1050 repertus
1733 987 1791 1034 ut

182 1068 341 1124 hoino
370 1067 539 1140 (Phil.
572 1085 643 1137 lt,
678 1067 735 1143 7)
771 1086 790 1124 :
819 1083 878 1126 ut
915 1070 1046 1126 dum
1086 1069 1320 1126 formam
1366 1071 1514 1127 servi
1540 1073 1789 1143 accepit,

183 1171 351 1218 natus
373 1177 496 1218 esse
530 1163 582 1218 in
618 1164 792 1219 tos-ma
838 1161 1076 1220 hominis
1122 1163 1485 1237 intelligatur;
1533 1164 1660 1221 dum
1687 1181 1787 1221 au-

184 1264 296 1311 tent
340 1256 397 1312 in
445 1256 804 1313 similitudine
849 1256 1086 1314 hominis
1114 1259 1445 1316 constitutus
1495 1268 1552 1317 et
1602 1258 1789 1317 habitu

182 1357 440 1418 repertus
462 1359 519 1404 tu
546 1348 711 1405 homo
736 1358 821 1406 est
836 1391 850 1417 ,
880 1352 1099 1422 species
1118 1352 1339 1423 quidem
1362 1362 1418 1409 et
1446 1354 1649 1411 veritas
1669 1364 1791 1411 cor—

181 1441 337 1512 poris
379 1440 654 1499 hominem
685 1453 916 1499 testatur
939 1482 955 1511 ,
998 1445 1094 1501 sed
1124 1444 1200 1519 (ι)
1228 1454 1449 1503 naturas
1497 1448 1750 1503 vitiorum
1773 1488 1789 1513 ,

181 1532 279 1605 qui
304 1539 371 1589 ut
393 1531 561 1589 homo
606 1534 678 1591 sit
725 1534 909 1593 habitu
951 1546 1239 1607 repertus,
1272 1538 1506 1610 ignoret.
1550 1537 1609 1594 In
1640 1538 1795 1596 sinti-

180 1626 415 1684 litudine
436 1628 587 1685 enim
607 1638 835 1697 naturae,
866 1646 973 1686 non
998 1630 1167 1705 διο
1191 1630 1247 1688 in
1271 1633 1521 1690 vitiorum
1548 1636 1791 1705 proprie-

184 1729 299 1777 tate
330 1718 407 1796 (c)
435 1722 720 1793 generatio
746 1733 850 1779 est.
882 1722 1016 1779 Nam
1037 1726 1160 1796 quia
1190 1726 1247 1780 in
1275 1741 1365 1795 eo,
1389 1725 1532 1798 quod
1562 1727 1790 1783 fortnam

180 1813 335 1874 servi
377 1816 618 1887 accepit,
671 1818 968 1874 nativitatis
998 1818 1281 1875 videbatur
1325 1820 1627 1891 signiﬁcata
1671 1834 1794 1877 esse
1823 1838 1870 1904 Β

182 1917 383 1967 natura
401 1950 419 1976 ,
444 1908 681 1978 subiecit
719 1909 771 1964 in
795 1908 1152 1968 similitudine
1180 1910 1415 1967 hominis
1438 1914 1791 1968 constitutum

181 2012 240 2059 et
262 2000 451 2056 habitu
481 2009 541 2056 ut
567 2002 839 2057 hominem
863 2013 1138 2073 repertum
1173 2019 1187 2057 :
1224 2019 1291 2060 ne
1326 2004 1624 2060 nativitatis
1648 2006 1791 2060 veri-

184 2100 276 2151 tas
302 2101 510 2153 natura:
540 2109 756 2166 quoque
794 2110 891 2166 per
923 2096 1048 2152 vilia
1084 2097 1311 2152 iniit-tuis
1339 2098 1649 2169 proprietas
1673 2114 1795 2156 cre-

190 2186 433 2249 deretur.
458 2202 582 2243 cum
610 2196 667 2244 et
694 2188 746 2243 in
779 2187 950 2244 forma
983 2192 1126 2246 servi
1154 2202 1302 2248 esset
1336 2206 1463 2248 vera
1497 2192 1789 2260 nativitas;

188 2287 249 2333 et
271 2276 327 2332 in
354 2276 436 2351 (Δ)
467 2278 657 2336 habitu
687 2289 960 2351 repertum
999 2294 1057 2338 ut
1091 2281 1362 2339 hominem
1383 2324 1398 2350 ,
1426 2292 1574 2342 esset
1600 2285 1795 2341 simili-

184 2371 323 2429 tudo
361 2383 585 2429 natural.
631 2372 749 2445 Ipse
772 2374 990 2446 quidem
1022 2391 1116 2443 per
1152 2376 1415 2448 virginem
1446 2392 1510 2434 ex
1542 2392 1602 2434 se
1634 2388 1793 2434 natus

186 2464 387 2535 homo,
413 2464 493 2540 (ι)
530 2477 587 2523 ει
618 2468 669 2522 itt
710 2467 1068 2525 similitudine
1096 2465 1168 2543 (ε)
1197 2470 1407 2526 vitiosas
1434 2469 1646 2542 peccati
1672 2485 1792 2527 car-

192 2559 285 2615 nis
315 2560 590 2615 inventus.
623 2558 776 2628 Quod
810 2560 860 2615 id
887 2561 1063 2631 ipsum
1106 2560 1174 2615 ad
1228 2560 1502 2617 Romanos
1548 2561 1797 2618 scribens

186 2660 427 2709 testatus
454 2661 537 2708 est
565 2651 861 2723 Apostolus
879 2692 894 2718 ,
916 2668 1039 2709 cum
1078 2653 1156 2709 ait
1180 2672 1194 2709 :
1223 2653 1375 2721 Quod
1394 2654 1529 2710 enim
1550 2655 1795 2725 impossi-

184 2743 294 2799 bile
332 2754 444 2801 erat
484 2744 619 2817 legi,
659 2744 713 2800 in
741 2761 842 2817 quo
870 2744 1230 2817 inﬁrmobatur
1258 2762 1348 2818 per
1386 2763 1588 2802 carnem
1608 2787 1624 2815 ,
1655 2746 1797 2801 Deus

183 2837 367 2909 ﬁlium
404 2852 559 2892 suum
597 2838 732 2893 misit
777 2836 857 2913 (2)
890 2842 943 2892 in
984 2838 1324 2895 similitudine
1355 2839 1526 2894 carnis
1557 2841 1753 2909 peccati
1775 2879 1791 2906 ,

182 2941 234 2984 et
265 2927 333 2985 de
362 2936 573 3001 peccato
595 2930 947 2985 condemnavit
974 2940 1237 3001 peccatum
1263 2929 1439 3000 (Rom.
1468 2947 1587 2999 vttt,
1618 2929 1673 3003 3)
1703 2932 1791 3003 (Ι).

184 3019 312 3079 Non
348 3023 447 3078 fuit
479 3009 695 3079 habitus
736 3022 825 3080 illc
858 3021 938 3096 ('5)
975 3034 1242 3094 tamquam
1283 3022 1358 3095 (g)
1391 3024 1624 3079 hominis
1646 3065 1660 3090 ,
1699 3024 1794 3079 sed

183 3126 249 3173 ut
279 3114 522 3175 hominis
570 3133 584 3173 :
618 3131 791 3189 neque
817 3131 947 3173 caro
975 3116 1061 3173 illa
1089 3132 1216 3173 caro
1245 3117 1483 3188 peccati,
1512 3117 1606 3174 sed
1645 3118 1798 3174 simi-

182 3190 367 3266 iitudo
388 3209 566 3264 carnis
596 3209 801 3280 peccati
834 3227 847 3265 :
884 3208 1010 3267 dum
1036 3218 1094 3267 ει
1116 3209 1328 3266 habitus
1362 3211 1543 3267 carnis
1575 3211 1627 3265 in
1659 3211 1799 3267 nati—

1891 518 1947 565 et
1974 510 2067 581 qui
2098 509 2259 565 homo
2287 518 2405 576 est,
2454 524 2563 565 non
2593 510 2762 580 potuit
2811 526 2919 566 non
2966 510 3130 568 homo
3174 528 3298 571 esse
3340 518 3485 587 quod

1889 612 2050 661 natus
2074 612 2195 671 est;
2224 612 2277 661 et
2320 604 2413 674 qui
2441 602 2689 659 Christus
2726 613 2846 672 est,
2881 620 2989 661 non
3031 607 3200 676 potuit
3237 611 3502 667 amisisse

1889 698 2032 767 quod
2075 696 2322 752 Christus
2371 705 2477 752 est.
2526 699 2703 767 Atque
2752 698 2824 753 ita
2869 697 3191 755 dum‘homo
3236 700 3487 759 Christus

1890 788 2048 847 Jesus
2065 801 2170 857 est,
2201 790 2363 847 habet
2382 801 2437 847 et
2456 791 2787 847 nativitatem
2818 792 3071 859 hominis,
3097 792 3178 867 (lt)
3207 796 3298 866 qui
3324 797 3485 855 homo

1891 893 2016 950 est;
2046 898 2148 941 nec
2174 894 2258 940 est
2283 884 2336 940 in
2369 884 2561 941 vitiosa
2589 885 2825 941 hominis
2854 885 3185 954 inﬁrmitate,
3218 890 3309 961 qui
3330 890 3486 948 Chri-

1891 986 2009 1033 81118
2036 987 2139 1032 est.

1925 1063 1929 1067 ’
1964 1070 2055 1126 Ξϐ.
2089 1069 2328 1128 Christus
2367 1084 2514 1127 uerus
2550 1070 2705 1131 homo
2744 1072 2859 1128 sine
2910 1072 3133 1128 hominis
3172 1075 3310 1129 vitiis
3346 1073 3490 1132 Deus

1892 1179 2041 1219 verus
2095 1166 2395 1234 permansit.
2454 1162 2724 1220 Passionis
2769 1174 2911 1237 gesta
2975 1166 3355 1235 expenduntur.
3416 1198 3488 1211 -

1896 1257 2237 1325 Quamqtlam
2278 1258 2439 1329 igitur
2468 1274 2569 1314 nos
2609 1258 2675 1313 ad
2717 1257 2881 1330 hujus
2921 1263 3248 1317 sacramenti
3291 1263 3494 1320 intelli-

1894 1352 2132 1421 gentiam
2157 1352 2454 1423 apostollca
2498 1351 2632 1409 ﬁdes
2660 1353 2927 1421 instruat,
2955 1369 3079 1425 qua
3123 1360 3178 1411 et
3223 1357 3404 1415 habitu
3436 1369 3496 1415 ut

1896 1441 2173 1501 hominem
2204 1456 2506 1515 repertum,
2537 1454 2593 1501 et
2619 1444 2672 1502 in
2702 1446 3057 1504 similitudine
3076 1449 3259 1505 carnis
3285 1451 3493 1520 peccati

1896 1535 2123 1592 missum
2151 1537 2424 1594 hominem
2455 1537 2727 1594 Christum
2754 1537 2940 1594 desum
2986 1555 3110 1597 esse
3138 1549 3333 1597 testata
3380 1544 3453 1600 sit
3483 1560 3501 1598 :

1898 1639 1955 1685 ιιι
1985 1644 2107 1686 cum
2141 1630 2324 1688 habitu
2367 1638 2426 1686 ut
2468 1630 2636 1687 homo
2658 1640 2745 1688 est
2766 1671 2785 1700 ,
2815 1632 2887 1689 sit
2925 1634 2978 1689 in
3011 1632 3184 1691 forma
3226 1637 3410 1706 servi,
3440 1646 3497 1695 et

1898 1736 2006 1778 non
2052 1724 2118 1777 sit
2152 1723 2204 1778 in
2234 1723 2378 1778 vitiis
2408 1731 2647 1788 naturae;
2681 1734 2739 1780 et
2766 1740 2889 1780 cum
2913 1726 2968 1780 in
2994 1725 3347 1785 similitudine
3373 1742 3501 1785 car-

1897 1818 1981 1872 nis
2012 1818 2215 1888 peccati
2245 1826 2362 1883 est,
2394 1817 2467 1872 sit
2499 1819 2717 1888 quidem
2746 1818 2984 1876 Verbum
3009 1836 3175 1891 caro,
3199 1824 3295 1879 sed
3336 1826 3389 1880 in
3420 1826 3493 1881 si-

1901 1911 2203 1968 militudine
2228 1912 2410 1968 carnis
2442 1914 2645 1979 peccati
2672 1915 2742 1968 sit
2775 1914 2972 1984 potius,
3012 1914 3078 1987 (i)
3132 1924 3299 1987 quatit
3354 1934 3490 1975 earn

1898 2002 2015 2073 ipsa
2047 2003 2254 2074 peccati
2296 2002 2365 2059 sit
2399 2020 2413 2057 :
2442 2012 2496 2059 et
2526 2019 2647 2060 cum
2693 2004 2857 2061 homo
2872 2004 3033 2080 3‘1
3060 2005 3311 2064 Christus
3339 2008 3498 2067 Jesus

1896 2106 2004 2162 est,
2027 2095 2326 2167 sitquidem
2357 2094 2543 2164 homo,
2572 2096 2667 2153 sed
2698 2097 2755 2152 in
2783 2098 3004 2156 homine
3022 2115 3132 2156 non
3160 2101 3330 2172 possit
3351 2102 3497 2159 aliud

1899 2201 2022 2243 eSse
2045 2203 2205 2258 quant
2232 2187 2479 2244 Christus
2508 2182 2591 2244 cst
2622 2206 2637 2243 :
2671 2197 2833 2260 atque
2863 2194 2934 2246 ita
2962 2200 3017 2248 et
3036 2208 3101 2248 ex
3133 2196 3377 2265 corporis
3405 2213 3499 2252 nae

1900 2280 2107 2337 tivitate
2139 2281 2300 2336 homo
2329 2292 2486 2338 natus
2512 2281 2614 2348 sit,
2644 2298 2746 2338 nec
2772 2282 2839 2337 sit
2866 2284 2920 2339 in
2946 2284 3181 2342 hominis
3208 2287 3372 2357 vitiis,
3403 2291 3497 2362 qui

1904 2388 2013 2428 non
2040 2372 2112 2428 sit
2135 2374 2188 2428 in
2215 2372 2422 2444 origine
2441 2390 2457 2440 ;
2478 2374 2602 2446 quia
2628 2374 2864 2431 Verbum
2889 2390 3019 2433 caro
3041 2378 3241 2434 factum
3266 2396 3370 2435 non
3403 2396 3500 2452 po-

1905 2466 2008 2522 tuit
2039 2482 2144 2521 non
2177 2482 2305 2523 caro
2332 2482 2453 2524 esse
2479 2467 2621 2538 quod
2652 2467 2847 2524 iactum
2878 2479 2961 2525 est
2982 2513 2996 2534 ,
3025 2482 3079 2526 et
3110 2472 3343 2531 Verbum
3371 2475 3499 2533 licet

1901 2573 2031 2615 caro
2074 2557 2273 2614 factum
2312 2559 2415 2625 sit,
2459 2574 2565 2615 non
2614 2568 2793 2615 tamen
2823 2561 3005 2618 amisit
3024 2578 3151 2621 esse
3179 2566 3323 2635 quod
3368 2567 3500 2624 Ver-

1902 2650 2030 2706 bum
2056 2657 2173 2717 est;
2204 2659 2259 2706 et
2286 2649 2413 2706 dum
2452 2650 2684 2707 Verbum
2717 2667 2845 2708 earn
2882 2652 3083 2712 iactum
3122 2656 3347 2728 originis
3385 2674 3501 2717 sua:

1904 2760 2010 2802 non
2038 2753 2217 2816 petesl
2245 2760 2436 2801 carere
2467 2755 2682 2812 natura,
2717 2745 2794 2819 (j)
2838 2762 2945 2801 nou
2976 2749 3148 2818 potuit
3176 2750 3278 2807 nisi
3311 2752 3363 2807 ill
3398 2769 3496 2808 ua-

1906 2849 2043 2894 tura:
2072 2853 2186 2893 suae
2213 2837 2420 2908 origine
2452 2851 2769 2907 permanere
2810 2837 2951 2909 quod
2993 2839 3230 2897 Verbum
3262 2853 3379 2910 est,
3407 2861 3503 2902 n3.

1901 2944 2004 3000 que
2032 2945 2140 2985 non
2164 2944 2291 2985 vere
2314 2928 2543 3000 intelligi
2572 2927 2808 2985 Verbum
2837 2945 2966 2986 caro
2988 2946 3110 2988 esse
3131 2934 3273 3004 quod
3298 2934 3496 2994 factum

1899 3034 2018 3089 est;
2054 3023 2125 3077 ita
2159 3030 2381 3086 tamen,
2415 3030 2475 3076 ut
2511 3018 2588 3094 (k)
2636 3024 2757 3091 quia
2791 3021 3055 3079 habitavit
3080 3024 3135 3082 in
3163 3028 3351 3095 nobis,
3385 3044 3493 3089 nun

1900 3130 2027 3172 caro
2064 3112 2152 3169 illa
2178 3113 2417 3170 Verbum
2456 3117 2564 3181 sit,
2605 3113 2701 3169 sed
2736 3114 2895 3170 Verbi
2926 3132 3053 3172 caro
3093 3119 3164 3175 sit
3201 3119 3501 3181 habitantis

1902 3208 1957 3264 in
1986 3222 2151 3263 carne
2177 3223 2191 3262 :
2222 3222 2342 3277 qua:
2367 3222 2490 3261 cum
2521 3205 2590 3261 ita
2618 3206 2750 3273 sint,
2771 3217 2950 3263 tamen
2976 3209 3256 3268 videamus
3280 3228 3350 3272 an
3376 3230 3502 3288 pcr-

180 3297 375 3355 vitatis
400 3309 483 3356 est
512 3292 764 3366 veritate,
792 3309 847 3356 et
874 3299 1170 3357 similitudo
1195 3301 1377 3357 carnis
1422 3300 1628 3372 peccati
1655 3316 1684 3355 a
1717 3303 1796 3356 vi-
1824 3299 1871 3364 C
1902 3307 2054 3356 actus
2096 3299 2383 3375 universus
2433 3299 2530 3353 illc
2573 3299 2839 3370 passionis
2863 3300 2999 3356 ordo
3030 3303 3399 3364 inﬁrmitatem
3442 3309 3496 3366 in

183 3391 283 3446 tiis
304 3389 559 3447 humanae
588 3391 855 3462 passionis
889 3390 1064 3447 aliena
1097 3396 1199 3447 est.
1223 3390 1300 3447 ita
1353 3386 1516 3447 homo
1545 3391 1796 3448 Christus

180 3484 352 3542 Jesus
382 3493 437 3540 et
457 3485 508 3540 in
539 3483 758 3542 veritate
780 3484 1076 3542 nativitatis
1102 3493 1186 3542 est
1216 3486 1343 3542 dum
1377 3485 1540 3543 homo
1572 3496 1693 3560 est,
1735 3495 1791 3544 et

291 3640 346 3716 ᾖ)
375 3638 445 3716 ξι
471 3641 527 3716 in
549 3638 936 3716 similitudinem
961 3643 1140 3698 vitiose
1166 3643 1407 3716 peccatis.

291 3644 312 3697 t
375 3640 445 3697 Et
471 3641 527 3697 tu
549 3640 879 3697 similitudine

260 3640 351 3789 ‘i;
382 3711 448 3769 1η
472 3714 879 3771 tintilitttdinem.

262 3827 349 3905 (tr)
378 3829 453 3905 ita
476 3839 790 3905 constanter
816 3844 949 3886 mss.
995 3832 1063 3886 At
1087 3829 1220 3886 editi
1244 3831 1407 3887 etiam
1437 3838 1754 3887 constanter
1775 3870 1788 3895 ,

180 3901 610 3958 irsiuilindittc
635 3901 918 3957 Iustinum.

260 3974 347 4045 to)
378 3973 434 4029 ln
463 3975 729 4045 vulgatis,
769 3985 1029 4028 naturam.
1062 3974 1229 4045 Magis
1268 3975 1446 4045 ptacet
1485 3990 1609 4030 cum
1654 3989 1787 4030 mss.

179 4043 429 4121 melius.
465 4043 731 4121 Vitiorum
758 4055 939 4121 autem
974 4043 1194 4100 naturas
1219 4043 1523 4121 intelligere
1561 4054 1646 4101 est
1674 4062 1791 4116 per-

182 4118 531 4189 turinltiqnes
576 4119 769 4173 ratioili
812 4118 1066 4189 adversas
1104 4125 1163 4174 et
1206 4118 1603 4189 repugnantes,
1654 4133 1790 4188 quas

180 4204 346 4245 stunt.
371 4186 465 4252 il.
492 4190 802 4259 passionum
830 4188 1056 4258 injurias
1084 4186 1616 4245 vocari'andivimus.

265 4258 345 4332 (ε)
374 4258 529 4327 Apud
561 4260 687 4332 Eia,
715 4258 862 4328 Lips.
886 4298 902 4325 ,
934 4272 985 4314 et
1018 4260 1137 4316 Par.
1167 4302 1180 4326 ,
1228 4262 1338 4330 ejus
1380 4261 1639 4331 generatio
1687 4269 1778 4314 est.

181 4331 368 4388 abest
393 4333 506 4403 ejus
532 4352 559 4385 ιι
588 4331 719 4386 Bari.
752 4345 808 4386 et
834 4342 964 4386 mss.
993 4333 1178 4402 sicque
1213 4333 1271 4385 tit
1310 4332 1555 4388 absiliunt
1589 4346 1785 4401 promi-

182 4404 321 4460 sitin
365 4403 434 4459 de
480 4404 626 4459 omni
657 4402 1043 4474 generatione,
1080 4403 1149 4458 ad
1188 4403 1341 4474 cuius
1383 4404 1666 4459 veritatem
1709 4402 1783 4458 nil

180 4485 442 4546 Opusest
464 4485 524 4529 ut
545 4475 666 4541 vitis
700 4483 1080 4546 propagentur,

264 4534 715 4627 Elli'a‘rti‘cuialll'
730 4534 1016 4627 ἱιιίιιῦἱιιξι
1047 4534 1175 4602 Bad.
1200 4540 1290 4602 Sic
1309 4544 1490 4627 autem
1523 4540 1658 4627 illud
1694 4544 1775 4627 in_~

182 4607 545 4745 ὶέίῖῑῗὲιιὶὶὼύ
578 4615 786 4674 videtur
823 4632 838 4670 :
877 4627 930 4672 et
975 4616 1028 4672 in
1058 4635 1158 4686 co,
1202 4616 1345 4688 quod
1386 4616 1680 4690 AptlStolus
1708 4620 1783 4673 ait

185 4698 323 4745 cum
352 4680 417 4744 ita
444 4688 540 4745 'ilu
568 4703 837 4745 renerlum
871 4697 927 4741 tlt
954 4686 1251 4745 hominem.

185 4680 540 4765 curui-habitu
568 4703 837 4761 repertum
871 4680 1251 4765 ttt‘hominem'.

270 4762 361 4847 (si)t
395 4750 533 4841 Ball.
576 4750 699 4817 cum
746 4761 1021 4816 nonnullis
1060 4777 1193 4817 mss.
1221 4802 1241 4830 ,
1290 4756 1485 4817 uitiosa
1526 4762 1792 4833 peccatis:

182 4824 482 4897 iubiidoSe.

266 4892 340 4979 (Γ)
371 4893 468 5030 Ἔα
495 4896 783 4982 subjiciunt
812 4902 905 4962 Er.
933 4904 991 4960 et
1031 4896 1181 4981 Lips.
1204 4946 1217 4969 ,
1258 4904 1312 4960 in
1335 4922 1520 4975 carne,
1551 4903 1696 4973 Pan,
1738 4904 1792 4960 in

266 4993 370 5030 ure.
444 4983 654 5030 cutrmll
681 4986 858 5030 exstat
886 4977 939 5030 in
965 4974 1093 5030 Bad.
1123 4983 1179 5030 et
1205 4993 1336 5030 ttlss.

180 4974 370 5033 brute.
398 4974 654 5031 Neutrum
681 4986 858 5032 exstat
886 4977 939 5031 in
965 4974 1179 5032 Badaet
1205 4993 1336 5031 mss.

270 5048 351 5121 (θ)
384 5048 458 5105 ita
483 5040 613 5104 Vat.
632 5047 742 5121 has.
769 5059 819 5104 et
846 5049 1087 5117 potiores
1109 5062 1238 5121 mss.
1263 5046 1373 5121 Alii
1393 5064 1520 5121 vero
1540 5063 1663 5103 cum
1686 5048 1796 5103 vul-

182 5116 341 5191 galia
360 5162 376 5191 ρ
405 5129 604 5175 tantum
631 5116 874 5187 hominis,
892 5121 987 5191 sed
1026 5129 1071 5175 et
1099 5129 1152 5173 ut
1183 5120 1424 5175 hominis.
1459 5116 1602 5175 Inter
1641 5132 1696 5173 ut
1737 5129 1792 5175 et

186 5190 464 5261 tamquam
505 5191 608 5245 huc
647 5192 796 5259 ponit
847 5190 1079 5264 Hilarius
1117 5191 1404 5246 discrimen
1431 5233 1445 5257 ,
1479 5191 1620 5264 quod
1662 5203 1792 5245 tam—

180 5274 356 5334 σιω
382 5273 667 5325 extentam
688 5264 968 5318 dumtaxat
995 5262 1072 5318 rei
1102 5264 1360 5332 Speciem,
1393 5273 1446 5319 et
1474 5261 1789 5333 coniunctio

185 5345 255 5391 is
279 5336 567 5405 ueritatem
597 5335 886 5405 signiticet.

271 5404 356 5477 th)
381 5404 550 5471 Editi,
578 5404 697 5475 quia
718 5404 872 5460 homo
895 5415 969 5461 est
988 5413 1078 5472 ;et
1100 5419 1252 5477 mox,
1278 5406 1400 5477 quia
1420 5405 1652 5461 Christus
1670 5415 1745 5460 est
1771 5421 1790 5461 :

178 5476 560 5535 territantibus
606 5479 910 5547 potioribus
962 5491 1094 5530 mss.
1143 5476 1312 5532 Nemo
1350 5493 1454 5534 non
1510 5478 1657 5532 videt
1700 5480 1788 5547 qtti

480 5566 509 5600 ιι
541 5548 669 5605 Jesu
698 5558 754 5604 et
790 5548 1011 5604 homine
1032 5547 1418 5620 distinguatur.
1445 5550 1552 5605 Sed
1594 5562 1790 5620 exitiu-

184 5634 353 5679 mro
384 5620 734 5690 subsequenti
774 5621 1028 5692 liquidius
1052 5617 1255 5690 patebit
1284 5618 1543 5676 Christum
1575 5628 1631 5674 ot
1672 5617 1794 5673 Ver-

182 5694 325 5761 bum
346 5700 653 5764 syutmyuaa
672 5706 798 5764 esse
824 5711 837 5747 ι
861 5705 913 5748 ει
934 5701 1220 5764 amisitque
1246 5693 1567 5764 vmhnlum
1597 5692 1662 5747 ad
1693 5704 1791 5746 nuo

180 5763 649 5821 Matutiivinm
673 5763 743 5820 ab
776 5763 1005 5819 humana
1028 5763 1337 5818 distinctam
1362 5763 1579 5820 referri.

185 5894 206 5910 κ
273 5835 340 5906 (i)
370 5834 460 5891 Sic
512 5832 646 5892 mss.
678 5838 748 5893 At
781 5836 942 5902 editi,
972 5850 1124 5905 quant
1145 5836 1254 5907 ipse
1287 5852 1409 5892 mo
1436 5837 1649 5910 peccati.
1682 5833 1795 5893 iiuc

1909 3394 2141 3449 Domino
2161 3392 2464 3464 corporalis
2491 3392 2695 3448 doloris
2722 3394 2999 3465 permittat
3026 3396 3271 3470 intelligi.
3306 3386 3494 3461 uitatis

1902 3489 2043 3545 enim
2064 3486 2130 3543 ad
2162 3486 2434 3544 modicum
2457 3502 2647 3544 eorum
2666 3488 2936 3544 dictorum
2964 3491 3143 3548 causis
3165 3531 3181 3562 ,
3209 3509 3275 3551 es
3303 3497 3496 3569 quibus

1966 3643 2046 3719 ('5)
2078 3640 2301 3702 Tantum
2327 3644 2582 3716 hominis,
2610 3647 2703 3702 sed
2729 3658 2778 3704 et
2806 3657 2863 3705 ut
2890 3646 3135 3711 hominis.

1905 3836 2152 3898 spectant
2178 3841 2298 3897 qum
2311 3841 2390 3899 ex
2422 3825 2626 3881 llilario
2650 3827 2781 3899 citat
2804 3829 3134 3899 Augustinus
3186 3834 3274 3888 lib.
3303 3848 3491 3897 tcont.

1903 3895 2098 3971 Julian.
2120 3915 2176 3971 _c.
2199 3895 2234 3955 3
2260 3915 2273 3949 :
2300 3895 2439 3967 Ergo
2467 3913 2585 3951 cum
2613 3898 2800 3971 missus
2829 3895 2914 3971 est
2930 3903 2982 3954 in
3014 3902 3352 3964 similitudine
3381 3895 3495 3966 cur;

1899 3968 1981 4026 nis
2001 3968 2351 4048 peccati,_non
2379 3972 2507 4022 sicut
2533 3983 2738 4022 carnem
2765 3969 2961 4048 habuit,
2992 3972 3068 4027 ita
3090 3975 3262 4048 habuit
3291 3986 3341 4033 et
3377 3996 3494 4048 ρεσ-

1900 4054 2092 4120 colitur.
2129 4042 2234 4120 {ind
2259 4042 2380 4109 quia
2410 4054 2473 4094 ea:
2492 4053 2698 4120 peccatu
2734 4043 2898 4120 omnis
2930 4046 3186 4120 curaest,
3218 4064 3249 4101 a
3285 4042 3495 4120 ῃεεὲηιο

1900 4115 2095 4188 scilicet
2119 4112 2287 4188 Adam
2319 4122 2529 4188 parente
2558 4113 2782 4188 deducta
2800 4155 2815 4177 ,
2845 4114 2898 4167 in
2937 4112 3496 4188 similitudiue'pcccali

1897 4186 2069 4269 carnis
2088 4193 2165 4265 est
2184 4181 2684 4269 missllsz‘eaisistmte
2706 4185 2758 4238 in
2785 4199 2843 4239 eo
2870 4200 2972 4240 non
2998 4196 3229 4254 peccato,
3266 4181 3356 4248 sed
3375 4214 3494 4269 pec-

1892 4260 1997 4311 cati
2025 4260 2197 4310 cantis
2227 4253 2584 4307 similitudine.

1964 4329 2046 4401 (ί)
2083 4328 2137 4381 In
2171 4325 2496 4401 pervetustis
2526 4325 2924 4397 exemplaribus
2954 4327 3071 4384 Val.
3099 4329 3215 4387 has.
3247 4344 3300 4389 et
3325 4337 3488 4397 Carn.

1892 4395 2269 4472 nonaput-luit.
2303 4395 2358 4452 Ill
2392 4395 2753 4472 ltoe_nuntero
2792 4412 3059 4454 summam
3100 4404 3361 4472 habemus
3401 4395 3491 4466 ρόζ

1891 4486 2010 4527 runt
2041 4467 2162 4543 time
2193 4469 2453 4524 hactenus
2480 4467 2846 4543 demonstrata
2893 4478 3050 4536 sunt,
3099 4471 3331 4533 Verbum
3375 4482 3493 4538 scil.

1890 4541 2219 4598 assumenda
2250 4555 2467 4613 carnem
2498 4557 2601 4593 non
2631 4541 2884 4596 amisisse
2922 4543 3066 4613 quod
3103 4557 3251 4613 erat,
3298 4558 3353 4605 et
3395 4553 3493 4609 hu-

1894 4629 2070 4669 malim
2099 4622 2308 4668 natura:
2340 4612 2618 4667 veritatem
2646 4612 3005 4681 assumpsisse
3024 4656 3038 4681 ,
3069 4631 3174 4671 non
3205 4620 3352 4676 vitia.
3380 4622 3495 4683 Nec

1813 4681 2124 4760 nvideatur,
2169 4700 2274 4760 cur
2326 4684 2560 4760 Hilarius
2604 4690 2757 4760 tt_nto
2806 4684 2985 4738 studio
3036 4693 3387 4760 propugnarit
3436 4681 3490 4752 in

1897 4756 2116 4814 Christo
2147 4756 2343 4811 divinas
2370 4755 2530 4809 simul
2561 4762 2615 4808 et
2654 4754 2907 4809 humanm
2948 4754 3151 4813 naturai
3191 4754 3494 4821 distinctio-

1899 4845 2020 4885 nem
2044 4873 2058 4897 ,
2094 4829 2195 4884 nisi
2226 4835 2280 4881 ιιι
2314 4829 2652 4897 inﬁrmitates
2684 4832 2929 4897 nostras,
2963 4844 3096 4897 quas
3137 4831 3375 4891 hzrretici
3407 4840 3491 4895 di-

1897 4902 2037 4955 vina:
2070 4903 2208 4955 male
2237 4896 2649 4959 adscribebaut,
2681 4896 2734 4950 in
2768 4912 2926 4952 uuam
2968 4896 3252 4959 humanam
3294 4910 3493 4967 cadere

1898 4974 2192 5029 eviltccret.
2227 4970 2333 5024 Sed
2367 4969 2487 5037 quia
2523 4982 2628 5022 non
2661 4968 2882 5023 dect-bat
2915 4970 3185 5027 hominem
3223 4978 3329 5034 [ten
3370 4985 3493 5038 uui-

1900 5053 2011 5098 tttm
2045 5046 2355 5114 passionum
2385 5039 2680 5094 dominanti
2712 5040 3012 5109 subjacere,
3041 5048 3286 5114 apposite
3312 5062 3496 5108 omen-

1896 5116 2010 5177 dit,
2037 5115 2313 5170 Christum
2344 5116 2520 5181 turpia
2548 5114 2923 5181 conceptnouis
2967 5122 3165 5171 nostra:
3215 5121 3362 5176 initia
3395 5141 3493 5181 ne-

1901 5186 2115 5250 sciisse,
2142 5186 2385 5251 adeoque
2425 5183 2630 5237 nostris
2668 5182 3013 5252 passiouihus
3053 5189 3345 5245 obnoxium
3388 5210 3493 5253 non

1896 5256 2098 5327 fuisse,
2132 5268 2394 5331 quatenus
2423 5255 2699 5327 iujuriosm
2741 5270 2805 5309 ac
2846 5255 3057 5314 vitiosae
3096 5270 3259 5331 sunt,
3299 5271 3498 5323 nostri-

1896 5344 2004 5401 que
2028 5329 2397 5401 dominantur.

1972 5400 2046 5476 (k)
2079 5401 2132 5456 lu
2162 5398 2431 5476 vulgatis,
2462 5398 2573 5476 qui.
2610 5396 2800 5452 Melius
2840 5412 3007 5476 mss,
3047 5401 3189 5469 quia.
3235 5404 3500 5467 Redditur

1898 5469 2041 5532 enini
2075 5474 2210 5528 ratio
2236 5486 2335 5526 cur
2370 5469 2640 5543 Verhuzn,
2669 5469 2919 5539 quamvis
2957 5485 3086 5525 caro
3132 5478 3360 5543 tactum,
3407 5498 3500 5539 nc-

1898 5558 2054 5618 queat
2116 5544 2219 5598 dici
2275 5549 2551 5618 mutatum
2598 5541 2653 5594 iu
2703 5555 2957 5618 carnem;
3007 5544 3131 5612 quia
3180 5541 3391 5607 scilicet
3430 5556 3501 5610 im

1900 5611 2414 5692 factum'estcaru,
2447 5625 2502 5668 ut
2541 5614 2797 5692 innitarne
2838 5611 3108 5692 habitasse
3150 5620 3500 5692 pnudicetur,

1901 5702 1958 5746 ut
1985 5690 2109 5743 dum
2149 5687 2379 5751 habitat,
2420 5699 2527 5738 non
2567 5682 2713 5737 aliud
2751 5697 2907 5755 quam
2946 5683 3083 5740 De.“
3122 5682 3382 5755 "inueni.
3429 5682 3505 5753 in;

1902 5761 2023 5834 quit
2067 5758 2302 5816 Hilarius
2345 5757 2435 5834 lib.
2468 5770 2526 5821 t,
2568 5768 2719 5808 num.
2773 5754 2859 5808 tt.
2896 5754 3111 5814 Videsis
3150 5768 3312 5821 tract.
3362 5754 3504 5826 Psal.

1905 5828 2144 5891 cxxsvm
2164 5872 2179 5899 ,
2215 5842 2363 5886 num.
2394 5828 2449 5881 5.
