3988 6332
535 279 644 338 567

1732 273 1977 334 SANCTI
2014 272 2278 334 HILARII
2324 272 2633 334 EPISCOPI

3689 279 3774 340 368

534 405 741 454 metum
770 395 1002 451 Domino
1031 389 1254 450 haeresis
1297 391 1597 460 adscribit;
1636 407 1725 450 res
1757 393 1904 464 ipsas
1945 403 2005 450 ut
2027 409 2124 466 ge-
2153 395 2204 456 Α
2232 392 2588 448 discindenlis
2609 390 2689 465 (et)
2709 386 3208 462 gladiivestigia,et
3241 387 3292 443 in
3322 387 3432 458 ipsa
3451 390 3774 464 truncicorpo-

536 500 636 544 stac
685 497 814 545 sunt
859 486 1225 543 conferamus.
1261 487 1442 556 Aeque
1469 486 1612 541 enim
1647 486 1760 541 ﬁeri
1810 495 2026 556 potest,
2078 496 2136 541 ut

537 583 703 638 timor
730 580 849 650 ejus
892 579 1228 650 signiﬁcetur
1271 579 1322 634 in
1353 579 1564 646 verbis,
1593 578 1748 650 cujus
1781 578 1970 634 ﬁducia
2004 593 2134 635 con-

535 674 771 728 tineatur
793 673 844 726 itt
870 671 1048 727 faelis.

605 767 694 821 27.
724 767 804 820 Αη
831 776 994 822 metus
1021 764 1288 821 Passionis
1311 767 1366 821 in
1391 764 1616 822 Christo.
1636 765 1988 822 —Timttisse
2017 765 2132 832 tibi,

536 873 571 915 ο
600 859 857 915 hazretice
876 901 890 924 ,
922 859 1182 915 Dominus
1205 860 1390 932 gloriae
1417 859 1724 931 passionem
1755 859 2004 914 videtur?
2029 857 2135 914 Sed

536 957 587 1014 ei
618 957 687 1012 nh
716 957 1032 1027 ignorantia:
1067 955 1228 1025 hujus
1259 971 1500 1012 errorem
1531 967 1584 1011 et
1612 965 1826 1010 satanas
1867 954 2058 1010 Petrus
2082 961 2139 1010 et

529 1050 846 1107 scandalum
872 1061 952 1106 est
982 1051 1000 1122 (
1029 1049 1217 1105 Matth.
1247 1066 1367 1110 ιινι.
1395 1049 1467 1105 25
1489 1051 1531 1120 ).
1574 1048 1643 1104 Ει
1671 1049 1764 1104 ille
1791 1047 2008 1120 quidem
2042 1062 2138 1118 per

535 1144 855 1201 eharitatem
894 1142 1132 1210 Chrisﬁ,
1180 1159 1339 1214 quem
1383 1143 1432 1199 ei
1477 1157 1582 1197 non
1625 1156 1752 1197 caro
1792 1156 1965 1212 neque
2013 1155 2140 1196 san-

535 1237 658 1308 guis
676 1277 692 1303 ,
721 1234 814 1291 sed
840 1234 1000 1290 Pater
1025 1234 1115 1306 qui
1145 1235 1195 1289 in
1223 1234 1376 1291 caelis
1401 1244 1484 1290 est
1507 1234 1876 1300 revelaverat,
1905 1232 2142 1289 detesta—

537 1338 628 1385 tus
658 1329 923 1400 passionis
951 1340 1344 1384 sacramentum
1366 1372 1380 1396 ,
1418 1328 1507 1382 tali
1539 1326 1844 1384 severitatis
1873 1327 2138 1384 sententia

537 1426 890 1480 conﬁrmatus
930 1423 995 1477 ad
1029 1423 1187 1478 ﬁdem
1218 1431 1320 1478 est.
1361 1423 1442 1479 Tu
1485 1423 1610 1491 quid
1652 1423 1949 1479 sectaberis
1988 1423 2138 1494 spei,

539 1518 816 1574 Christum
849 1518 1016 1573 Deum
1049 1518 1324 1589 negando,
1357 1528 1410 1573 et
1439 1526 1640 1574 metum
1670 1519 1720 1573 ei
1754 1518 2019 1588 passionis
2049 1517 2143 1571 ad-

535 1613 748 1670 dendo?
794 1615 949 1668 Anne
989 1613 1196 1680 timuit,
1239 1613 1328 1684 qui
1371 1613 1590 1668 armatis
1631 1613 1698 1667 ad
1740 1611 2141 1684 corripiendum

536 1723 597 1763 se
627 1706 816 1762 obvius
848 1705 1048 1776 prodiit
1078 1704 1260 1776 (Joan.
1288 1721 1451 1772 xvtn,
1480 1705 1570 1778 6)?
1601 1713 1657 1760 et
1686 1705 1737 1759 in
1769 1720 1997 1774 corpore
2023 1704 2140 1774 ejus

2240 489 2315 542 ris
2340 488 2630 553 calumnia,
2656 486 2735 559 (3)
2761 487 2892 541 exiit
2911 484 3050 556 quod
3079 500 3183 539 non
3212 493 3323 552 est,
3350 494 3401 539 et
3425 487 3643 556 sequitur
3662 490 3773 559 qttnd

2239 596 2344 638 non
2373 588 2568 648 exstat,
2592 590 2646 635 et
2671 579 2985 650 rependitur
3005 579 3072 648 (ε)
3098 577 3241 649 quod
3263 578 3502 634 caretur?
3523 578 3777 638 Prudttccus

2243 675 2358 731 lucc
2384 690 2513 746 ergo
2541 690 2724 731 aurem
2757 688 2968 738 manus,
3004 673 3213 728 clavum
3247 672 3434 730 dolet?
3461 683 3512 729 et
3537 677 3679 730 sentit
3701 675 3777 732 sibi

2239 767 2467 835 vulnus,
2514 767 2603 837 qui
2646 766 2805 823 alteri
2844 767 3086 824 dolorem
3118 766 3356 823 vulneris
3395 782 3496 822 non
3534 768 3776 839 relinquit?

2241 859 2676 931 Compungendte
2719 860 2898 916 carnis
2925 868 3069 916 metu
3103 859 3270 915 tristis
3295 867 3406 924 est,
3437 859 3578 930 cujus
3602 863 3779 917 attactui

2249 951 2374 1008 licet
2419 968 2638 1008 carnem
2685 952 2887 1009 donare
2927 963 3051 1024 post
3089 951 3327 1008 rmdem?
3358 951 3504 1018 Quod
3543 953 3583 1007 si
3618 951 3714 1009 brrc
3739 955 3778 1011 in

2251 1046 2454 1102 Christi
2482 1062 2711 1118 corpore
2740 1047 2912 1103 virtus
2941 1047 3042 1102 fttit
3065 1089 3080 1112 ,
3113 1062 3214 1118 qua
3239 1088 3252 1110 ,
3288 1061 3418 1118 rogo
3437 1087 3452 1111 ,
3484 1045 3580 1102 ﬁde
3606 1055 3781 1102 natura-

2244 1138 2370 1197 liter
2401 1140 2478 1213 (ι’)
2511 1140 2754 1197 inﬁrmus
2797 1140 2964 1197 fuisse
2992 1139 3320 1204 defenditur,
3349 1138 3434 1194 cui
3477 1140 3688 1196 naturale
3712 1141 3783 1196 iuit
3818 1153 3821 1156 ‘

2240 1250 2458 1291 omnem
2493 1235 2847 1291 humanarum
2881 1235 3251 1290 inﬁrmitatum
3280 1232 3522 1290 inhibere
3552 1236 3780 1289 naturam?

2311 1328 2403 1384 29.
2437 1328 2518 1382 An
2543 1328 2665 1384 inde
2694 1329 2885 1384 tristis.-
2905 1358 2974 1369 —
3001 1327 3107 1384 Sed
3139 1328 3275 1383 forte
3300 1325 3460 1381 stulta
3489 1335 3635 1396 atque
3660 1327 3780 1399 impia

2243 1423 2597 1493 perversitate
2637 1421 2765 1478 hinc
2801 1422 3029 1478 inﬁrmis
3069 1421 3122 1477 in
3163 1436 3229 1477 eo
3256 1429 3463 1477 natura:
3489 1431 3784 1490 praesumetur

2242 1517 2493 1583 assertio,
2523 1518 2646 1588 quia
2681 1517 2850 1573 tristis
2879 1518 2950 1571 sit
2979 1517 3154 1571 anima
3181 1517 3296 1586 ejus
3323 1531 3492 1587 usque
3515 1515 3577 1571 ad
3605 1527 3782 1574 mortem

2245 1609 2459 1683 (Matth.
2497 1627 2656 1678 xxvi,
2688 1611 2803 1682 58).
2835 1611 3081 1667 Nondum
3112 1620 3163 1664 te
3183 1652 3197 1676 ,
3228 1609 3518 1674 harretice,
3544 1624 3629 1664 cur
3651 1610 3783 1665 virtu-

2245 1716 2350 1760 tem
2381 1705 2510 1761 dicti
2543 1722 2649 1762 non
2681 1705 2980 1777 intelligas,
3013 1721 3202 1776 arguo.
3238 1705 3459 1761 Interim
3497 1714 3659 1761 tamen
3693 1721 3715 1759 a
3747 1714 3784 1762 te

533 1801 822 1855 inﬁrmitas
866 1799 992 1866 fuit,
1034 1798 1100 1853 ad
1141 1799 1295 1869 cujus
1322 1813 1606 1855 occursum
1638 1806 1985 1853 consternata
2019 1812 2140 1866 per-
2167 1793 2216 1853 B
2244 1799 2483 1870 requiro,
2511 1815 2609 1856 cur
2631 1808 2862 1856 exeunte
2887 1800 2952 1855 ad
2984 1799 3342 1870 proditionem
3365 1799 3501 1856 Juda
3526 1815 3620 1854 non
3642 1800 3784 1854 memi-

541 1894 884 1966 scquentium
925 1893 1139 1964 agmina
1180 1893 1568 1955 conciderunt.
1609 1903 1663 1948 et
1692 1892 2027 1961 maiestatem
2062 1891 2143 1947 in-

537 1987 780 2061 gerentis
825 2003 885 2044 se
930 1987 998 2044 ad
1039 1988 1254 2043 vincula
1285 2003 1391 2043 non
1420 1987 1656 2044 ferentes
1685 1986 1844 2060 342
1877 1987 2142 2055 supinatis

542 2081 863 2151 corporibus
889 2079 1239 2137 reciderunt?
1261 2081 1432 2149 Quam
1460 2080 1619 2151 igitur
1648 2080 2012 2135 inlirmitatem
2045 2079 2144 2134 do-

537 2178 796 2231 minatam
827 2174 904 2249 (a)
931 2174 1092 2245 hujus
1121 2173 1336 2245 corpori
1367 2173 1575 2240 credis,
1605 2172 1758 2244 cujus
1802 2179 2004 2228 tantam
2047 2171 2144 2227 ha-

537 2268 657 2325 buit
688 2277 876 2323 natura
908 2267 1202 2322 virtutem?
1779 2281 1782 2284 ’

610 2361 700 2417 :28.
746 2363 824 2415 Αη
853 2360 1067 2415 doloris.
1095 2389 1166 2429 —-_-
1186 2357 1292 2415 Sed
1323 2358 1462 2414 forte
1491 2357 1736 2415 dolorem
1768 2359 2047 2415 vulnerum
2077 2359 2143 2414 ti-

536 2453 692 2508 muit.
721 2453 892 2520 Quem
915 2495 930 2519 ,
965 2467 1130 2524 rogo,
1160 2453 1496 2522 penetrantis
1530 2454 1581 2507 in
1614 2468 1832 2509 carnem
1875 2452 2012 2507 clavi
2046 2455 2144 2506 lta-

539 2547 658 2603 ltuit
685 2545 764 2620 (t)
795 2547 1078 2601 horrorem
1109 2543 1186 2617 (b)
1209 2587 1222 2610 ,
1254 2546 1342 2615 qui
1375 2545 1572 2600 excisae
1603 2545 1748 2599 auris
1779 2560 1998 2600 carnem
2027 2545 2146 2601 solo

538 2640 779 2698 restituit
836 2649 1038 2695 attactu
1073 2638 1224 2712 (Luc.
1275 2654 1417 2703 xxtt,
1446 2639 1577 2710 δην
1609 2638 1834 2708 Expone
1863 2639 2016 2694 nobis
2051 2649 2102 2694 ttt
2125 2681 2141 2708 ,

540 2737 828 2794 dominicae
858 2734 1188 2789 inﬁrmitatis
1215 2743 1476 2801 assertor,
1513 2733 1614 2789 hoc
1646 2733 1697 2786 in
1730 2734 1848 2804 ipso
1875 2735 2143 2805 passionis

538 2838 788 2902 tempore
821 2829 1104 2884 inﬁrmata:
1135 2843 1272 2897 opus
1298 2826 1500 2882 carnis.
1527 2826 1826 2882 Exscrente
1861 2828 2002 2884 enim
2045 2827 2143 2883 Pe-

544 2934 628 2980 tro
655 2934 816 2992 atque
841 2921 1090 2994 adigente
1120 2921 1389 2992 gladium,
1427 2931 1651 2977 truncus
1678 2937 1807 2976 aure
1835 2936 2024 2977 servus
2053 2938 2142 2978 sa-

541 3017 777 3074 cerdotis
803 3014 1071 3070 adstabat.
1105 3013 1386 3082 Quomodo
1422 3012 1499 3086 (2)
1540 3030 1605 3070 ex
1648 3014 1844 3069 decisae
1889 3011 1959 3087 (ε)
1998 3016 2143 3071 auris

541 3110 809 3177 vulnere,
854 3109 1204 3178 contingente
1247 3105 1500 3174 Christo,
1544 3106 1788 3163 restituta
1830 3122 1958 3162 caro
1997 3109 2143 3163 auris

2252 1892 2400 1946 neris
2428 1892 2632 1948 dictum
2666 1892 2864 1950 fuisse:
2901 1892 2950 1947 Ν
2958 1910 3054 1947 nnc
3084 1893 3457 1963 honori/Scalas
3482 1903 3554 1949 est
3579 1893 3698 1965 ﬁlius
3719 1892 3786 1947 lto-

2245 1983 2397 2037 minis
2425 1983 2609 2056 (Joan.
2640 1999 2765 2050 xm,
2795 1985 2910 2057 51).
2954 1984 3010 2041 Si
3037 1986 3179 2041 enim
3220 1987 3402 2057 passio
3430 1986 3783 2042 honoriﬁcatura

2244 2093 2366 2133 eum
2397 2087 2546 2145 erat;
2578 2080 2849 2150 quomodo
2879 2081 3087 2136 tristem
3114 2095 3239 2136 cum
3271 2090 3448 2136 metus
3479 2080 3711 2150 passionis
3731 2077 3784 2135 ei-

2245 2169 2492 2226 feccrat?
2518 2170 2628 2226 Nisi
2665 2171 2802 2227 forte
2834 2181 2942 2228 tam
2985 2172 3372 2228 irrationabilis
3414 2172 3596 2234 fuerit,
3629 2180 3678 2226 ut
3709 2170 3785 2242 pati

2247 2263 2695 2338 timuerit3ﬁ3,
2724 2282 2842 2338 quae
2863 2281 2922 2322 se
2946 2276 3128 2322 essent
3146 2267 3505 2338 gloriﬁcatura
3533 2268 3781 2339 patientem.

2317 2358 2406 2414 50.
2441 2357 2523 2412 An
2564 2360 2774 2414 calicem
2817 2361 3091 2431 transferri
3117 2377 3148 2414 a
3177 2378 3232 2415 se
3261 2372 3496 2430 precatus
3535 2362 3613 2416 sit.
3636 2357 3784 2416 -—Sed

2245 2449 2385 2506 forte
2417 2451 2657 2507 timuisse
2687 2468 2854 2523 nsune
2885 2469 2954 2510 eo
2979 2453 3400 2520 existimabitur,
3434 2463 3492 2510 ut
3514 2452 3784 2510 transferri:

2245 2566 2304 2607 se
2327 2553 2550 2608 calicem
2575 2552 2896 2624 deprecatus
2918 2553 3019 2619 sit,
3040 2551 3258 2608 dicens:
3284 2552 3430 2608 Abba
3453 2563 3606 2621 pater,
3627 2549 3689 2626 (gl
3705 2565 3786 2621 pot-

2257 2645 2429 2700 sibilia
2469 2645 2556 2700 tibi
2596 2647 2768 2700 omnia
2809 2656 2964 2712 sunt,
3006 2648 3228 2718 transfer
3267 2645 3409 2700 hunc
3449 2646 3643 2700 calicem
3678 2659 3703 2697 a
3732 2657 3788 2696 att

2251 2738 2448 2811 (Marc.
2482 2756 2592 2807 xtv,
2620 2740 2736 2810 56).
2772 2739 2836 2797 Ut
2861 2740 2930 2796 de
2954 2741 3166 2796 cmteris
3192 2755 3298 2795 non
3328 2740 3634 2805 calumnier,
3659 2749 3786 2791 nonne

2251 2833 2632 2890 hebetttdinem
2657 2835 2949 2904 impietatis
2973 2845 3077 2891 tua
3099 2837 3178 2890 vel
3204 2833 3333 2890 hinc
3354 2835 3685 2906 coarguisses,
3701 2828 3787 2899 quia

2246 2927 2490 3000 legeras:
2535 2928 2775 2983 Reconde
2813 2928 3044 3000 gladium
3082 2938 3223 2982 tuum
3261 2929 3314 2982 in
3347 2929 3542 2983 thecam
3559 2944 3576 2980 :
3600 2923 3786 2986 calicem,

2247 3040 2395 3093 quem
2426 3023 2562 3077 dedit
2590 3024 2716 3077 nti/ti
2747 3022 2922 3086 Pater.
2957 3039 3058 3077 non
3089 3022 3254 3076 bibant
3284 3021 3437 3076 illunt
3476 3019 3647 3091 (Joan.
3673 3028 3788 3078 mu.

2249 3115 2384 3187 ii)?
2407 3116 2688 3184 Quomodo
2712 3116 2856 3171 enim
2890 3131 2988 3179 per
3016 3115 3251 3186 patiendi
3285 3124 3490 3171 metum
3524 3106 3790 3168 transfertis

543 3203 666 3259 est?
693 3199 850 3258 Unde
889 3200 1032 3255 inter
1083 3199 1337 3255 fluentem
1382 3197 1694 3269 sanguinem
1752 3208 1806 3254 et
1861 3210 1981 3270 post
2035 3199 2150 3271 ipsa
2177 3190 2223 3254 C
2257 3223 2315 3264 sc
2346 3208 2423 3281 (Ιι)
2447 3210 2853 3280 deprecaretur,
2880 3208 3025 3282 quod
3053 3224 3152 3281 per
3176 3207 3589 3281 dispensationis
3609 3199 3790 3263 studium

612 3321 694 3387 (i)
728 3318 996 3374 Terrorem
1023 3316 1078 3371 itt
1107 3332 1210 3372 ms.
1243 3316 1442 3372 Veron.

617 3322 660 3387 Η
728 3321 996 3374 Terrorem
1023 3321 1078 3371 itt
1107 3332 1210 3372 ms.
1243 3321 1442 3372 Veron.

617 3321 697 3465 (ἐζ
718 3389 1116 3446 Excisw.Pattlo
1136 3388 1765 3459 post,descendentis,non
1788 3387 2142 3446 discindentis.

616 3511 691 3583 (a)
727 3507 868 3564 Editi
889 3549 902 3571 ,
934 3507 1088 3583 hujus
1117 3506 1365 3583 corporis.
1394 3503 1512 3583 Non
1540 3512 1698 3583 negat
1726 3503 2016 3583 incidisse,
2046 3507 2141 3583 sed

548 3575 863 3639 dominatum
889 3575 1112 3634 esselite
1141 3578 1255 3646 ipsa
1275 3585 1473 3631 nostra:
1502 3575 1843 3631 inﬁrmitates
1873 3578 1924 3630 in
1956 3575 2144 3633 Cirris-

552 3667 664 3711 tum
692 3653 761 3706 ita
792 3649 1126 3715 inciderunt,
1153 3658 1210 3702 ιιι
1236 3664 1418 3702 earum
1447 3662 1664 3717 semper
1681 3647 1933 3703 dominus
1961 3649 2142 3704 fuerit.

626 3724 700 3798 (b)
730 3720 961 3786 Excusi,
994 3732 1272 3776 terrorem:
1301 3719 1631 3789 castigantur
1661 3735 1726 3775 ex
1757 3721 2145 3777 vetustioribus

551 3814 685 3854 mss.

623 3869 694 3938 (ο)
728 3867 784 3938 In
816 3865 1058 3936 pluribus
1086 3879 1215 3918 mss.
1237 3904 1254 3928 ,
1283 3862 1467 3938 excisa:
1486 3863 1627 3938 auris
1644 3863 1855 3938 uulnus.

628 3934 707 4024 ζᾱ)
733 3934 991 4024 Plerique
1020 3951 1149 4024 mss.
1181 3950 1302 4024 cultu
1335 3935 1596 4024 vulgatis,
1609 3934 1999 4024 descendentis.
2028 3935 2153 4024 ’Ξει-

628 3955 707 4024 ςα)
737 3955 991 4062 ΙἺΕΙῚΊΙΙΟ
1020 3955 1149 4018 "ISIS.
1181 3955 1302 3989 CUI"
1336 3955 1596 4018 vmgutls,
1620 3955 1992 3990 aescenactttts.
2039 3955 2148 3990 Iel‘

550 4014 790 4070 lertanus
818 4025 897 4065 cor
922 4025 1020 4071 ex,
1055 4005 1417 4061 discendentts.
1463 4006 1629 4076 Magts
1667 4007 1844 4076 placet
1886 4021 2007 4062 cum
2040 4007 2148 4062 Re-

555 4085 829 4154 migiauo,
869 4079 1223 4154 discindemis.
1273 4077 1509 4154 Deinde,
1550 4078 1605 4130 in
1669 4095 1781 4149 ipsa
1823 4078 2151 4154 trunci_eor-

557 4149 699 4225 poris
726 4149 1136 4225 calumniathoc
1157 4160 1238 4203 est
1261 4190 1276 4214 ,
1308 4163 1374 4204 eo
1401 4149 1518 4217 ipso
1544 4159 1818 4225 momento
1844 4164 1950 4218 quo
1975 4150 2153 4225 ablata

483 4266 488 4271 η
558 4218 690 4282 aure
723 4237 967 4280 truncum
1001 4221 1196 4276 factum
1226 4227 1308 4274 est
1332 4235 1549 4286 corpus.
1579 4218 1865 4274 Calumnia:
1889 4221 2156 4275 vocabulo

558 4298 700 4368 apud
727 4307 974 4350 auctores
1000 4292 1189 4368 media!
1218 4300 1308 4344 aut
1335 4290 1534 4368 inﬁmae
1561 4290 1842 4368 latinitatis
1865 4291 2154 4368 aliquando

562 4361 896 4439 signiﬁcatur
923 4366 1098 4439 actio,
1127 4375 1233 4432 qua
1271 4363 1391 4439 quis
1437 4361 2000 4439 per-juris-formulas
2040 4379 2154 4416 rem

561 4431 873 4509 qﬁampiam
898 4434 1113 4509 auferre
1140 4431 1451 4509 Contendit,
1482 4431 1968 4509 aliquandoaulem
1999 4448 2157 4509 plena

564 4501 650 4568 vel
681 4501 844 4565 multa
864 4548 880 4575 ,
912 4519 1015 4576 qua
1046 4503 1344 4576 damnatur
1359 4501 1452 4576 qui
1481 4503 1745 4576 actionem
1762 4503 1976 4576 injuste
2008 4505 2163 4558 insti-

561 4586 686 4638 tuit.
734 4573 907 4635 Prima
932 4573 1156 4631 ratione
1196 4573 1514 4643 intelligitur
1556 4573 1608 4626 itt
1653 4573 1793 4628 PSaI.
1825 4576 2072 4637 'cxxxvn,
2103 4593 2156 4628 ιι.

569 4655 673 4717 15;
706 4665 849 4727 nunc
879 4665 1008 4703 vero
1039 4662 1136 4717 pro
1162 4660 1320 4727 paena
1353 4644 1672 4712 simpliciter
1697 4657 1987 4727 usurpatur
2011 4664 2034 4727 :-
2055 4647 2157 4702 nisi
2185 4667 2241 4727 D

573 4715 695 4794 quis
721 4721 874 4794 malit
900 4736 1018 4794 eam
1043 4715 1233 4794 vocari
1260 4718 1458 4794 justam
1489 4730 1702 4786 poenam
1733 4715 1929 4772 Christi
1962 4717 2161 4788 injuste

571 4789 624 4850 et
649 4791 1089 4864 periculumuiam
1123 4789 1372 4855 impetiti.

645 4859 719 4938 (ρ)
753 4863 891 4920 Editi
918 4904 931 4929 ,
963 4879 1060 4933 quo
1090 4872 1328 4915 curetur:
1371 4859 1731 4917 renitentibus
1773 4859 2168 4931 antiquioribus

570 4952 704 4992 mss.

651 5015 722 5086 (Ῑ)
765 5014 984 5068 Fatetur
1009 5011 1242 5086 Hilarius
1283 5010 1417 5065 infra
1459 5026 1512 5064 η.
1561 5010 1658 5073 65,
1699 5008 2006 5071 Christum.
2052 5028 2166 5065 cum

577 5104 644 5142 ex
662 5085 1051 5157 dispensatione
1103 5085 1252 5157 homo
1293 5093 1461 5157 esset,
1501 5092 1724 5157 maneret
1765 5092 1934 5157 tamen
1971 5099 2034 5138 ea:
2071 5100 2168 5157 tu:

575 5175 718 5214 TURA
754 5153 889 5210 Deus
915 5197 929 5221 ,
952 5153 1187 5208 'euntdem
1207 5194 1222 5220 ,
1270 5169 1332 5207 ea:
1371 5154 1666 5220 inﬁrmitate
1709 5154 2014 5221 cruciﬁxum
2036 5195 2050 5219 ,
2080 5155 2167 5224 qui

578 5247 642 5285 ea:
670 5243 900 5283 \‘lnTU'I‘E
926 5225 1019 5280 Dei
1047 5227 1264 5278 uiueret:
1291 5234 1342 5275 ut
1371 5241 1486 5278 cunt
1517 5224 1791 5298 inﬁrmitas
1822 5236 1951 5279 esset
1978 5241 2043 5279 ex
2064 5229 2173 5298 for-

579 5319 662 5355 ma
691 5301 821 5355 servi
841 5341 854 5360 ,
888 5308 934 5352 et
960 5312 1169 5351 unum
1196 5307 1418 5348 maneret
1449 5312 1512 5349 ea:
1542 5292 1635 5346 Dei
1678 5299 1880 5364 forma;
1922 5313 2023 5350 non
2060 5292 2173 5350 am-

581 5374 787 5443 biguum
820 5379 945 5424 esset
972 5371 1024 5422 in
1043 5385 1151 5443 _quo
1181 5376 1496 5443 saerttntento
1525 5377 1783 5443 etpassus
1823 5378 1951 5443 esset
1972 5409 1988 5434 ,
2021 5379 2067 5422 et
2099 5369 2169 5443 ui-

581 5436 752 5497 ueret:
793 5451 845 5495 ut
882 5457 1002 5494 cum
1035 5436 1087 5492 in
1133 5437 1304 5492 eodem
1345 5448 1470 5490 esset
1497 5446 1541 5489 et
1571 5436 1844 5504 infirmitas
1872 5438 1940 5490 ad
1970 5439 2172 5506 passio-

581 5532 695 5567 nent
716 5556 729 5572 .
760 5524 805 5566 et
835 5513 901 5566 ad
930 5514 1085 5566 vitam
1114 5509 1208 5564 Dei
1237 5523 1467 5567 vmrvs:
1503 5523 1604 5559 non
1634 5507 1780 5576 alius
1815 5524 1874 5560 ac
1915 5509 2110 5562 divisus
2137 5526 2171 5563 a

577 5603 632 5639 se
660 5595 820 5644 esset,
847 5585 933 5651 qui
961 5592 1011 5637 et
1041 5592 1313 5650 pateretur,
1347 5590 1394 5651 et
1417 5581 1627 5651 uiueret.
1661 5577 1777 5643 Quo
1807 5594 1869 5632 ex
1905 5579 2022 5651 loco
2050 5581 2167 5634 elli-

583 5657 750 5710 citur:
782 5654 836 5708 1⁰
862 5649 1114 5709 virtutem
1138 5668 1260 5722 qua:
1288 5654 1338 5706 in
1365 5649 1566 5706 Christi
1593 5665 1823 5722 corpore
1852 5650 1942 5703 fuit
1965 5691 1981 5716 ,
2012 5652 2169 5705 intel-

585 5725 850 5796 ligendam
880 5740 1000 5779 esse
1025 5721 1358 5796 divinitatem
1379 5767 1393 5790 ,
1425 5722 1567 5793 quod
1594 5721 1703 5792 jam
1732 5735 2068 5796 supra_nttm.
2095 5723 2167 5778 25

581 5791 920 5858 observatum
954 5804 1066 5859 est;
1108 5793 1166 5848 2'
1193 5791 1463 5850 Christum
1494 5791 1642 5849 recte
1672 5791 1850 5862 negari
1893 5791 1981 5849 hic
2010 5803 2162 5848 natu-

2325 3326 2401 3398 (⁸5)
2437 3326 2578 3382 Exit.
2613 3326 2845 3395 Deinde,
2881 3344 2982 3400 quo
3011 3336 3238 3383 curetur.

2249 3507 2428 3563 raliter
2458 3507 2726 3564 inﬁrmttm
2750 3551 2764 3575 ,
2795 3524 2916 3565 cum
2949 3508 3194 3564 inﬁrmus
3224 3507 3295 3562 sit
3328 3514 3530 3563 tantum
3559 3513 3611 3561 ut
3644 3502 3790 3575 homo.

2252 3595 2427 3652 neque
2456 3581 2656 3636 Hilario
2682 3573 2759 3636 ex'
2775 3592 2963 3636 natura
2991 3583 3061 3634 sit
3082 3581 3274 3652 homo,
3303 3581 3402 3636 sed
3423 3581 3577 3644 Deus,
3599 3573 3790 3652 utietiqm

2254 3669 2308 3706 ιι.
2329 3642 2402 3707 ἑὲ
2423 3655 2834 3716 annotavitnus;
2860 3653 2917 3708 '5'
2943 3668 3046 3705 non
3068 3642 3272 3706 Christi
3293 3653 3536 3720 corpori,
3561 3642 3645 3703 sed
3665 3642 3793 3720 Verbo

2253 3723 2308 3778 itt
2331 3739 2560 3793 corpOre
2583 3727 2816 3779 manenti
2843 3724 2928 3778 hic.
2947 3723 3177 3778 adscribi
3205 3717 3504 3779 naturalem
3526 3717 3790 3793 edendorum

2255 3783 2641 3852 miraculorum
2664 3796 2915 3851 virtutum
2938 3837 2952 3861 ,
2987 3795 3127 3850 unde
3157 3795 3510 3850 conﬁrmatur
3535 3789 3660 3864 quod
3684 3783 3793 3864 ιι.μῆ

2256 3868 2541 3938 probatum
2565 3877 2680 3933 est;
2705 3869 2761 3922 4°
2781 3856 3054 3922 Christum
3083 3867 3401 3923 naturaliter
3419 3876 3474 3923 et
3491 3856 3713 3938 ex'fortua
3728 3856 3793 3911 Dei

2259 3934 2532 3993 inﬁrmum
2558 3955 2664 3994 non
2689 3939 2761 3993 ita
2784 3939 2870 3993 hic
2892 3939 2960 3993 ab
2985 3939 3187 3993 Hilario
3211 3940 3423 4007 negari,
3448 3941 3534 4007 qui
3556 3951 3614 3991 ex
3636 3934 3795 4007 dispenj

2261 4009 2472 4065 satione
2497 4023 2546 4065 ct
2575 4026 2639 4065 ex
2667 4010 2838 4065 forma
2861 4010 3002 4064 servi
3028 3998 3573 4066 ettmdemvinlirmum
3595 4016 3642 4061 et
3662 3998 3795 4058 credat

2261 4092 2314 4135 et
2343 4081 2618 4150 praedicet.
2649 4081 2758 4138 Nec
2788 4097 3008 4137 movere
3035 4081 3196 4136 debet
3221 4080 3367 4149 quod
3399 4082 3472 4134 ait
3499 4092 3674 4150 supra,
3698 4071 3794 4150 ΡΨ·

2261 4146 2453 4207 ducens
2484 4153 2592 4207 lucc
2623 4170 2743 4225 ergo
2769 4169 2945 4206 aurem
2971 4170 3156 4225 manus
3184 4146 3395 4225 clavum
3415 4146 3585 4206 dolet?
3607 4146 3796 4210 Figunle

2264 4225 2408 4278 enim
2451 4241 2634 4278 manus
2675 4223 2905 4279 sumitur
2946 4240 3043 4294 pro
3085 4223 3264 4278 Verbo
3313 4224 3470 4295 cujus
3512 4232 3589 4278 est
3621 4227 3794 4295 uiantis,

2265 4297 2420 4364 quasi
2445 4297 2738 4359 diceretur,
2770 4295 2852 4350 An
2885 4288 2960 4351 ex'
2981 4311 3143 4350 manu
3180 4295 3306 4350 lassa
3339 4288 3522 4362 dolet,
3553 4291 3632 4364 qui
3658 4288 3796 4344 eadem

2265 4382 2426 4422 manu
2457 4369 2694 4424 excisam
2725 4383 2912 4422 aurem
2944 4367 3231 4424 restituere
3261 4367 3470 4436 potuit?

2337 4465 2413 4538 (ς)
2455 4467 2607 4524 Unus
2647 4467 2816 4523 codex
2855 4468 3089 4524 Sorbon.
3136 4477 3190 4522 et
3228 4468 3371 4524 alter
3409 4467 3555 4524 Colb.
3584 4465 3624 4521 si
3646 4458 3796 4538 omnia.

2266 4533 2379 4593 etcf
2395 4533 2778 4605 Carnutensis,
2806 4539 2850 4593 si
2878 4540 3117 4608 possibile
3141 4550 3235 4597 est.
3267 4544 3492 4608 transfer
3509 4557 3540 4594 a
3558 4554 3628 4592 me.
3644 4533 3799 4589 calicem

2265 4611 2442 4683 istum.
2479 4612 2552 4665 De
2581 4611 2769 4683 iisdem
2804 4609 2982 4683 verbis
3021 4610 3280 4683 adversus
3322 4611 3550 4683 Arianos
3585 4608 3800 4683 dispulit"?

2265 4679 2683 4752 Chry~0stnmus
2710 4682 2776 4738 T.
2808 4699 2861 4744 t.
2893 4682 3082 4737 homil.
3113 4682 3185 4737 32
3213 4683 3318 4737 ait:
3356 4682 3452 4736 Illi
3489 4676 3680 4752 quidem,
3703 4676 3797 4752 ᾂὶυίσ

2276 4747 2450 4807 uitatis
2490 4755 2773 4808 orationem
2816 4770 2922 4808 esse
2961 4754 3169 4809 dicunt:
3201 4769 3293 4807 nos
3323 4763 3487 4809 autem
3516 4769 3614 4808 esse
3636 4747 3798 4802 dicunt!

2276 4824 2692 4892 dispensationis.
2737 4825 2873 4880 Tum
2917 4827 3109 4893 prohat
3147 4824 3422 4881 Christum
3464 4824 3682 4893 noluisse,
3707 4832 3728 4870 a
3757 4824 3798 4893 st

2276 4888 2498 4969 calicem
2533 4897 2844 4963 transferri,
2878 4888 3034 4967 quem
3067 4905 3216 4951 tanto
3259 4897 3435 4953 studio
3473 4888 3800 4969 exoptarithtli

2277 4965 2493 5022 Petrum
2525 4984 2646 5022 eum
2679 4985 2708 5024 a
2739 4983 2798 5024 se
2840 4963 3224 5036 deprecantem
3267 4978 3506 5023 satanam
3548 4963 3795 5034 appellari“

2278 5054 2452 5105 neque
2476 5041 2730 5094 incertam
2755 5039 2856 5109 ipsi
2881 5040 3043 5095 fuisse
3064 5039 3240 5094 Patris
3262 5056 3321 5095 ca
3347 5041 3414 5094 de
3435 5037 3493 5095 re
3514 5039 3797 5109 Voluptatem,

2273 5125 2393 5181 quae
2426 5111 2704 5181 prophetis
2735 5106 2896 5165 etiam
2928 5110 3088 5180 longe
3117 5123 3243 5166 ante
3275 5110 3595 5182 praecognita
3621 5106 3771 5160 fueral-

2347 5225 2426 5297 (It)
2458 5227 2511 5280 ln
2547 5243 2648 5280 ms.
2684 5226 2855 5283 Vatic.
2896 5227 3012 5283 bas.
3057 5237 3114 5284 et
3147 5227 3268 5283 aliis
3309 5227 3605 5289 nonnullis,
3631 5217 3797 5297 raliter!

2277 5286 2677 5374 deprecaretur:
2717 5299 3006 5374 glnssema.
3056 5301 3177 5355 Mox
3209 5302 3276 5374 ⁸ἰιι
3319 5286 3540 5370 vulgaliS
3567 5286 3793 5374 .jlﬂ’Pi’fj

2276 5360 2604 5442 Concinnitts
2636 5371 2685 5425 in
2717 5360 2848 5425 inss.
2879 5371 3110 5441 implere.
3143 5371 3224 5426 Ad
3262 5373 3364 5428 hoc
3403 5360 3798 5442 porro’festiuavii

2275 5452 2490 5494 summo
2531 5439 2809 5496 charitalis
2841 5439 3021 5496 studio
3044 5485 3058 5509 ,
3091 5461 3208 5498 cum
3240 5444 3294 5497 id
3319 5445 3372 5498 in
3406 5439 3463 5498 se
3490 5441 3797 5509 consumam?

2275 5519 2374 5585 tur,
2413 5512 2549 5585 quod
2578 5513 2646 5564 ad
2674 5516 2891 5585 salutem
2934 5507 3161 5569 nou-ram
3207 5519 3399 5585 perpeti
3443 5519 3546 5578 ipse
3583 5507 3794 5585 voluisset,

2277 5571 2586 5657 utha'bvtnr
2615 5593 2770 5657 tract.
2799 5583 2941 5639 Psal.
2972 5601 3081 5652 uv,
3112 5605 3167 5641 ιι.
3201 5571 3266 5642 i5
3291 5571 3340 5641 et
3372 5571 3523 5657 paulo
3544 5590 3675 5657 ante:
3701 5571 3794 5657 εαξη

2275 5655 2489 5707 salutem
2517 5655 2688 5730 generi
2716 5657 2944 5730 humano
2972 5650 3206 5730 suscepta
3235 5650 3404 5712 crucis
3428 5650 3788 5730 morte‘dortarelt

2273 5741 2373 5778 nou
2408 5736 2570 5793 potest
2600 5728 2759 5782 videri
2787 5726 3163 5785 sacramentum
3191 5731 3286 5785 Itoc
3315 5743 3507 5801 magnae
3539 5726 3709 5799 pietatis
3730 5727 3792 5766 ατ·

2270 5813 2422 5865 guere
2451 5811 2514 5852 ac
2543 5812 2812 5855 recusare.
