3988 6332
170 324 280 386 569

1406 332 1495 390 DE
1533 331 1912 393 TRINITA'I‘E
1950 335 2152 395 LIBER
2195 338 2261 396 X.

3379 353 3485 411 370

173 441 459 500 festinaret
497 443 765 514 implere?
802 444 919 501 Non
961 445 1104 502 enim
1146 448 1434 514 convenit,
1474 446 1549 523 (a)
1583 459 1636 506 ut
1666 451 1774 523 pati
1802 454 1853 514 Α
1879 460 1936 509 et
1963 453 2105 525 quod
2137 454 2409 513 inﬁrmum
2440 467 2553 529 est,
2586 461 2749 518 sumit
2787 478 2852 519 ex
2895 463 3269 522 imbecillitate
3300 442 3485 524 terro-

169 536 376 601 nollet,
407 536 488 610 (1)
519 538 607 608 qui
640 539 746 608 pati
774 539 957 596 vellet.
989 540 1201 597 Etcum
1232 542 1339 612 pati
1367 557 1491 598 eum
1519 544 1659 599 velle
1686 559 1780 601 co-

167 644 500 703 gnosceres;
536 630 842 701 religiosius
899 631 1073 688 fuerat
1125 631 1253 688 dicti
1297 633 1369 706 (b)
1412 634 1779 707 iniutolligen-

167 724 304 781 tiam
329 723 613 789 conﬁteri,
640 739 799 796 quam
839 726 915 796 (ο)
943 726 1010 781 ad
1039 726 1091 782 id
1122 726 1302 799 impia:
1329 729 1573 786 stultitiae
1598 730 1781 790 furore

167 833 553 890 prorumpere,
585 827 642 875 ιιι
667 832 790 876 cum
819 835 1096 878 assereres
1138 837 1205 878 ne
1249 832 1524 895 pateretur
1564 840 1776 894 orasse,

167 928 334 986 quem
364 914 475 984 pati
508 913 647 969 velle
675 913 1042 985 cognovisses.

250 1007 343 1063 51.
370 1006 449 1062 An
474 1006 777 1062 derelictum
799 1024 853 1063 se
876 1019 1185 1080 conquestus
1210 1010 1296 1065 sit.
1329 1039 1398 1051 —
1422 1010 1526 1068 Sed
1550 1054 1565 1079 ,
1592 1013 1778 1082 credo,

170 1109 224 1159 te
265 1101 334 1157 ad
374 1102 663 1173 impietatis
698 1113 802 1158 tute
841 1118 1072 1174 pugnam
1113 1105 1271 1159 etiam
1311 1105 1455 1161 dicto
1494 1105 1779 1163 dominicae

163 1196 318 1252 vocis
341 1196 578 1253 armabis
600 1215 613 1252 :
632 1195 796 1261 Deus,
830 1195 968 1253 Dens
994 1214 1154 1264 meus,
1177 1215 1335 1265 quare
1361 1215 1438 1253 me
1463 1198 1781 1268 dereliquisti

172 1288 380 1364 (Marc.
407 1304 502 1354 xv,
531 1288 660 1361 54)?
686 1289 816 1345 Post
838 1290 1218 1346 contumeliam
1246 1291 1390 1346 enim
1415 1292 1614 1359 crucis,
1642 1291 1780 1348 forte

166 1383 542 1455 dignationem
573 1383 642 1437 ab
668 1398 735 1439 eo
762 1384 969 1453 paterni
1000 1383 1186 1439 auxilii
1215 1384 1495 1441 existimes
1522 1386 1781 1441 recessis-

159 1491 256 1542 se.
287 1486 344 1532 et
371 1477 496 1532 hinc
521 1476 781 1532 desolata:
810 1474 1138 1532 inﬁrmitatis
1162 1491 1275 1531 sua:
1305 1478 1578 1549 querelam
1610 1481 1780 1535 exsti-

159 1570 319 1627 tisse.
338 1567 395 1626 Si
419 1568 512 1624 tibi
535 1567 714 1638 itaque
737 1568 790 1624 in
813 1565 1029 1624 Christo
1048 1577 1392 1640 contemptus
1413 1577 1469 1624 et
1490 1568 1779 1625 inﬁrmitas

167 1671 226 1717 et
253 1676 390 1717 crux
415 1660 743 1716 contumelia
768 1669 880 1725 est;
909 1669 1221 1730 oportuerat
1248 1669 1303 1717 te
1326 1659 1456 1716 dicti
1487 1660 1647 1732 hujus
1675 1661 1777 1716 im-

159 1768 468 1812 memorem
493 1769 600 1810 non
626 1753 826 1809 fuisse:
868 1750 1052 1807 Verum
1077 1753 1194 1808 dico
1216 1754 1375 1820 vobis,
1402 1754 1589 1808 amado
1637 1753 1778 1809 vide-

1881 562 2030 613 rem;
2060 557 2113 604 et
2144 550 2402 621 quidquid
2433 553 2836 623 dolet,dolendi
2867 556 2923 612 in
2948 572 3008 614 se
3043 557 3205 617 habet
3231 558 3302 634 (e)
3334 561 3486 621 inde-

1883 644 2200 701 mutabilem
2231 655 2510 716 naturam;
2540 658 2593 704 et
2619 649 2889 722 quidquid
2910 654 3357 712 contumeliosutn
3381 665 3486 727 est,

1881 751 2098 809 semper
2138 738 2462 797 inhonorum
2503 752 2625 799 est:
2667 753 2721 801 lu
2760 761 2888 800 vero
2927 762 3034 818 quo
3063 763 3227 805 sensu
3260 752 3485 808 rationis

1880 827 2173 902 intelligis,
2227 831 2511 889 Dominum
2562 845 2805 891 nostrum
2856 836 3037 893 Jesum
3086 839 3362 897 Christum
3414 842 3484 899 ad

1881 923 2023 994 quod
2057 922 2306 990 festinat,
2340 926 2563 993 timere;
2603 937 2658 983 et
2689 937 3122 988 consternantem
3154 930 3355 1003 fortes,
3403 936 3486 991 in-

1880 1015 2137 1073 ﬁrmitate
2164 1017 2466 1088 trepidare;
2493 1031 2546 1075 et
2571 1020 2794 1077 vulnera
2829 1038 2936 1078 non
2970 1024 3366 1093 permittentcm
3386 1027 3486 1084 do-

1881 1107 2093 1182 lori(f),
2126 1110 2465 1168 vulneratum
2496 1112 2717 1181 dolere;
2743 1123 2798 1171 et
2825 1118 3153 1174 contumelia
3185 1121 3360 1177 crucis
3387 1122 3485 1178 de-

1884 1204 2179 1271 honestari,
2226 1207 2314 1262 cui
2355 1224 2483 1265 crux
2512 1206 2586 1281 (g)
2626 1223 2914 1267 consessus
2951 1211 3018 1266 ad
3063 1212 3231 1269 Deum
3285 1224 3402 1281 est,
3433 1223 3488 1272 et

1882 1300 2090 1356 reditus
2118 1300 2183 1356 ad
2215 1303 2481 1373 regnum?

1953 1393 2042 1451 54.
2069 1393 2389 1450 Descendens
2410 1397 2478 1451 ad
2500 1396 2691 1468 inferos
2711 1417 2743 1454 α
2762 1399 2889 1455 coelo
2910 1416 3011 1455 non
3038 1402 3266 1457 recessit.
3298 1401 3487 1458 Latro-

1883 1489 1963 1543 nis
1990 1488 2098 1544 alia
2118 1532 2132 1553 ,
2165 1490 2271 1544 alia
2301 1490 2659 1545 liazreticorum
2683 1492 2833 1563 ﬁdes.
2866 1522 2938 1534 —-
2964 1493 3070 1549 Sed
3103 1494 3240 1549 forte
3270 1495 3352 1551 vel
3386 1495 3489 1552 hoc

1884 1581 1977 1636 tibi
2008 1581 2253 1637 relictum
2286 1584 2585 1640 occasionis
2616 1584 2794 1653 impia:
2823 1587 3104 1643 arbitraris
3128 1629 3143 1653 ,
3173 1597 3232 1643 ut
3258 1588 3489 1645 descen-

1882 1673 2090 1730 sionem
2116 1673 2182 1730 ad
2209 1674 2411 1731 inferos
2437 1687 2490 1732 et
2518 1675 2687 1747 ipsam
2717 1678 2907 1733 mortis
2929 1677 3169 1734 timuerit
3196 1683 3493 1736 neceSsita-

1885 1773 1993 1821 tem
2017 1808 2030 1833 ,
2062 1765 2189 1821 dum
2225 1766 2275 1821 id
2309 1767 2481 1836 ipsum
2510 1768 2695 1824 testari
2730 1767 2941 1824 videtur
2972 1771 3073 1826 hoc
3101 1770 3278 1827 dicto:
3309 1769 3492 1840 Pater,

159 1851 284 1907 bitis
314 1849 484 1918 [ilium
514 1848 738 1902 hominis
765 1847 1021 1903 sedentem
1050 1864 1082 1903 a
1111 1847 1304 1902 dextris
1334 1847 1561 1914 virtutis,
1601 1857 1648 1903 et
1689 1863 1771 1904 νει
1803 1857 1852 1920 Β
1877 1859 2172 1913 commendo
2218 1860 2272 1914 in
2319 1876 2504 1914 manus
2546 1869 2660 1915 tuas
2703 1859 2782 1934 (Ιι)
2823 1860 3062 1929 spiritum
3101 1878 3270 1918 meum
3319 1862 3489 1935 (Luc.

159 1945 391 2000 nientem
417 1959 529 1999 cum
560 1941 774 1997 nubibus
800 1942 912 1996 coeli
937 1939 1148 2016 (Matth.
1176 1955 1313 1997 xxvr
1330 1982 1345 2007 ,
1367 1939 1484 2012 64).

233 2040 332 2099 3‘2.
363 2039 766 2110 Recapitulatio.
785 2066 856 2080 —-
877 2038 1006 2104 Ubi,
1038 2052 1191 2109 rogo,
1221 2037 1274 2092 in
1302 2037 1554 2108 passione
1580 2035 1777 2092 timor?

160 2133 257 2189 ubi
282 2131 606 2189 inﬁrmitas?
627 2131 716 2188 ubi
743 2131 936 2188 dolor?
958 2131 1046 2187 ubi
1069 2130 1439 2187 contumelia?
1461 2130 1677 2186 Timere
1705 2129 1774 2185 ab

164 2226 348 2299 impiis
382 2226 615 2284 dicitur?
654 2226 761 2284 Sed
794 2228 909 2299 ipse
939 2227 1048 2298 pati
1088 2225 1227 2282 velle
1262 2240 1323 2281 se
1360 2224 1638 2297 prasdicat.
1681 2223 1769 2280 ln-

164 2326 361 2382 lirmus
383 2339 506 2382 esse
534 2323 912 2381 contenditur?
936 2321 1042 2379 Sed
1069 2337 1129 2378 se
1159 2328 1460 2392 potentem.
1489 2319 1618 2376 dum
1643 2334 1773 2375 con-

156 2416 423 2473 sternatis
446 2416 889 2489 persecutoribus
911 2414 1103 2470 obvius
1125 2428 1232 2469 non
1255 2413 1574 2479 sustinetur,
1594 2420 1776 2469 osten-

157 2510 264 2567 dit.
296 2509 493 2567 Dolere
522 2510 745 2566 vulnera
774 2509 957 2566 carnis
984 2508 1263 2580 arguitur?
1290 2505 1395 2563 Sed
1428 2507 1481 2562 in
1509 2522 1598 2573 eo,
1628 2506 1774 2579 quod

157 2618 391 2662 carnem
431 2603 579 2659 auris
620 2602 797 2659 reddit
839 2618 907 2658 ex
946 2602 1192 2665 vulnere,
1220 2615 1348 2656 caro
1380 2600 1496 2671 ipse
1519 2616 1642 2656 cum
1671 2601 1769 2666 sit,

1884 1967 2055 2019 xxtn,
2084 1950 2211 2023 46).
2260 1950 2374 2007 Hoc
2411 1951 2597 2023 legens
2620 1995 2635 2019 ,
2664 1963 2716 2006 ct
2743 1969 2849 2008 non
2892 1953 3232 2024 intelligens,
3275 1964 3367 2010 aut
3405 1955 3493 2026 pie

1880 2047 2185 2110 tacuisses,
2251 2057 2346 2100 aut
2391 2045 2555 2101 etiam
2606 2045 2862 2116 religiose
2909 2046 3317 2119 intelligentiam
3365 2048 3483 2119 ejus

1880 2152 2138 2193 orasses:
2188 2151 2294 2193 non
2346 2138 2518 2208 magis
2566 2154 2663 2209 per
2712 2138 3085 2209 impudentem
3131 2120 3486 2197 assertionem

1878 2231 2044 2287 stulto
2088 2230 2267 2287 lurore
2303 2230 2547 2288 veritatis
2586 2232 2808 2303 iucapax
2853 2235 3151 2306 vagareris.
3187 2233 3346 2291 Anne
3389 2234 3490 2291 tibi

1881 2335 2121 2382 metuere
2149 2324 2417 2381 infernum
2445 2325 2612 2382 chaos
2638 2334 2692 2382 et
2721 2334 2991 2384 torrentes
3017 2325 3264 2383 ﬂammas
3291 2335 3346 2384 et
3371 2341 3490 2383 om-

1880 2436 2002 2477 nem
2032 2434 2310 2492 pusnarum
2338 2419 2606 2475 ultricium
2631 2419 2888 2492 abyssum
2911 2420 3217 2477 credendus
3242 2430 3327 2477 est
3345 2462 3361 2487 ,
3392 2420 3481 2476 di-

1877 2528 2006 2570 cens
2047 2511 2242 2568 latroni
2280 2511 2333 2567 in
2374 2526 2565 2567 cruce:
2610 2511 2772 2568 Amen
2809 2512 2926 2568 dico
2953 2512 3074 2577 tibi,
3104 2511 3257 2567 hodie
3280 2528 3482 2567 mecum

1877 2607 1979 2663 eris
1999 2607 2055 2661 in
2081 2604 2325 2677 paradiso
2356 2604 2521 2675 (Ibid.
2550 2604 2683 2678 ιδῃ
2722 2603 2940 2661 Natura:
2968 2604 3130 2676 hujus
3158 2613 3485 2677 potestatem

152 2708 317 2756 extra
347 2696 621 2755 earnalem
664 2706 841 2752 tamen
886 2705 1131 2750 naturam
1173 2692 1387 2749 dolendi
1418 2692 1653 2749 vulneris
1682 2708 1771 2749 re-
1872 2700 1983 2772 jam
2015 2715 2120 2754 non
2146 2697 2268 2755 dico
2308 2696 2374 2771 (ἕ)
2415 2706 2593 2764 metu,
2636 2696 2730 2754 sed
2772 2713 2874 2753 nec
2911 2698 3135 2754 internae
3157 2696 3321 2772 345
3345 2697 3490 2755 sedis

155 2793 415 2866 peritur:
440 2791 564 2863 quia
592 2788 723 2846 dum
750 2798 807 2846 et
827 2786 993 2863 3M
1018 2802 1179 2843 manu
1209 2796 1452 2843 truncam
1482 2776 1667 2841 aurem
1696 2793 1775 2841 at-

163 2887 371 2958 tingit,
399 2899 592 2941 manus
617 2884 705 2940 illa
731 2883 800 2941 de
823 2896 1053 2954 corpore
1078 2890 1196 2948 est,
1226 2889 1280 2937 et
1306 2880 1431 2935 dum
1459 2895 1651 2936 manus
1676 2893 1774 2935 au-

152 2997 278 3038 rem
319 2978 573 3052 producit
611 2993 675 3035 ex
719 2977 965 3044 vulnere,
1001 2991 1108 3033 non
1140 2989 1262 3033 esse
1298 2990 1489 3031 manus
1521 2974 1610 3030 illa
1646 2988 1772 3030 cor-

153 3075 314 3149 poris
340 3072 681 3144 signiﬁcatur
707 3070 960 3127 inﬁrmis.

230 3169 329 3224 '53.
362 3166 445 3221 An
474 3181 605 3222 crux
627 3166 675 3221 ei
693 3161 1280 3221 contumeliam—Sed
1301 3161 1691 3219 contumeliosa
1721 3162 1773 3218 ei

1875 2794 2101 2865 regione
2143 2792 2473 2861 concludes,
2518 2808 2639 2863 qum
2684 2792 3023 2849 descendens
3064 2792 3131 2848 ad
3173 2792 3410 2858 inferos,
3454 2807 3485 2848 a

1877 2886 2131 2957 paradiso
2163 2902 2268 2942 non
2320 2885 2463 2942 desit
2505 2884 2687 2956 (sicuti
2716 2893 2771 2941 et
2798 2884 3032 2941 hominis
3072 2883 3212 2939 ﬁlius
3257 2884 3486 2956 loquens

1876 2980 1930 3036 in
1965 2979 2156 3043 terris,
2185 2986 2401 3033 maneat
2427 2977 2506 3051 (j)
2534 2978 2664 3032 etin
2695 2974 2884 3048 caelo),
2925 2976 3143 3047 Martyri
3187 2990 3287 3032 suo
3330 2992 3486 3045 para-

1874 3071 2050 3127 disum
2074 3072 2474 3142 promittens,ct
2491 3077 2878 3125 consummata:
2894 3068 3245 3125 beatitudinis
3264 3069 3488 3126 delicias

1878 3165 2168 3237 pollicens.
2210 3162 2325 3219 Non
2365 3162 2526 3218 habet
2565 3162 2708 3219 hunc
2735 3171 2911 3217 metus
2955 3160 3289 3230 corporalis,
3331 3178 3490 3234 pene-

152 3275 288 3318 esse
311 3275 443 3315 crux
475 3257 692 3313 dicitur.
724 3256 922 3329 Atquin
956 3270 1049 3327 per
1076 3255 1215 3311 hanc
1246 3254 1478 3312 hominis
1504 3253 1649 3311 ﬁlius
1681 3272 1773 3311 sea
1799 3286 1845 3351 ρ
1883 3268 2115 3314 trantem
2142 3255 2359 3327 quidem
2388 3254 2594 3311 inferos
2613 3297 2629 3323 ,
2662 3254 2756 3311 sed
2787 3253 2983 3324 ubique
3012 3263 3216 3309 natura:
3241 3270 3354 3311 sua:
3375 3257 3484 3312 vir-

150 3353 297 3412 dere
320 3368 352 3407 a
378 3352 582 3408 dextris
608 3350 820 3407 virtutis
841 3349 1103 3406 videndus
1131 3358 1236 3415 est.
1258 3359 1312 3405 et
1336 3364 1402 3405 ex
1433 3360 1585 3419 partu
1607 3349 1773 3420 virgi-

152 3450 247 3506 nis
277 3447 445 3503 homo
465 3455 622 3503 natus
650 3445 703 3500 in
728 3443 1011 3516 majestate
1035 3459 1131 3500 sua
1152 3459 1273 3499 cum
1295 3442 1417 3500 cmli
1440 3453 1524 3500 est
1546 3442 1777 3501 nubibus

156 3554 447 3599 reversus.
471 3537 588 3594 Non
612 3547 765 3595 tenes
784 3536 1081 3609 irreligiose
1102 3551 1283 3593 rerum
1308 3536 1629 3593 naturalium
1650 3551 1773 3594 cau-

151 3651 295 3692 sas:
340 3643 399 3689 et
436 3632 565 3688 dum
598 3633 890 3695 impietatis
919 3641 1081 3703 atque
1109 3631 1312 3688 erroris
1351 3631 1544 3704 spiritu
1587 3630 1777 3703 plenus

153 3736 572 3788 sacramentum
620 3725 744 3783 ﬁdei
796 3740 902 3781 non
959 3725 1256 3797 intelligis,
1308 3741 1372 3781 ex
1426 3727 1544 3795 ipso
1592 3726 1778 3782 s:rculi

152 3840 338 3884 sensu
396 3819 722 3879 hebetudine
777 3819 1032 3875 hzcretica
1093 3818 1172 3892 (ά)
1225 3818 1550 3890 disproﬁcis.
1608 3817 1779 3876 Omne

150 3919 314 3979 enim
333 3958 352 3984 ,
384 3914 528 3989 quod
555 3914 795 3981 timetur,
827 3913 986 3969 vitari
1016 3926 1238 3969 necesse
1264 3921 1348 3969 cst
1372 3912 1500 3968 dum
1530 3913 1777 3981 timetur;

229 4058 319 4131 (i)
354 4054 507 4124 Quod
532 4052 640 4126 pati
664 4051 830 4107 uellet.

234 4172 323 4248 (a)
350 4172 412 4248 ln
446 4170 594 4240 prius
620 4166 852 4248 vulgatis
875 4209 888 4232 ,
924 4173 976 4220 ut
1006 4165 1116 4238 pati
1143 4163 1271 4219 nolit
1298 4161 1436 4248 quod
1464 4158 1589 4248 pati
1618 4157 1777 4213 velit:

151 4240 316 4320 quod
347 4246 693 4320 immutamlis
718 4240 991 4320 potiorum
1023 4253 1157 4320 mss.
1191 4240 1549 4320 auctoritate.

238 4300 324 4391 (ὁ)
358 4315 449 4372 Sic
477 4300 769 4391 tns._Corb.
785 4310 1075 4391 quomodo
1095 4305 1382 4391 legendum
1406 4300 1780 4391 suspicabatur

152 4376 438 4449 Erasinus
460 4429 476 4454 ,
508 4386 596 4455 qui
627 4400 750 4440 cum
785 4376 915 4437 B’ad.
957 4392 1016 4456 et
1060 4376 1506 4456 pleris_que_mss.
1558 4376 1780 4456 retinuit

148 4447 600 4530 intelligentiam:
627 4456 779 4526 cujus
809 4456 926 4510 loco
956 4447 1172 4524 Lipsius
1197 4447 1395 4507 deinde
1421 4447 1600 4519 posuit
1624 4447 1745 4517 igno
1762 4473 1774 4483 -

151 4534 421 4591 tentiam.

234 4588 319 4678 (ε)
350 4603 443 4658 Sic
470 4615 600 4657 mss.
629 4600 697 4656 At
725 4597 890 4662 editi,
936 4595 1004 4652 nd
1044 4593 1217 4678 intpiaz
1257 4591 1489 4649 stultitim
1516 4588 1778 4660 furorem:

152 4689 216 4736 et
240 4666 389 4731 ὐἷος
409 4717 425 4740 ,
455 4687 784 4745 cognosceres
805 4685 955 4745 ,Anon
984 4666 1327 4745 cognouisses.

233 4748 330 4825 (ἀ)
362 4730 557 4825 luam?)
584 4744 774 4825 codice
809 4730 974 4825 Vatic.
1023 4730 1612 4825 pio-ficistilttttlei
1637 4730 1773 4825 Lini.

153 4803 394 4880 ﬁlii-aius
422 4817 533 4889 jam
564 4816 811 4889 nctavit:
833 4815 922 4884 qui
964 4803 1084 4882 post
1119 4803 1401 4889 Erasmnm
1435 4813 1646 4889 monet,
1682 4803 1774 4858 Hi-

152 4878 371 4952 iarium
400 4878 566 4945 v'erbo
595 4878 925 4955 disproﬁcére
940 4925 953 4945 .
968 4878 1081 4955 ‘pro
1105 4881 1442 4955 degenerare,
1466 4878 1599 4932 alias
1622 4890 1776 4955 usum

152 4947 320 5022 esse.
364 4960 604 5030 Uterque
649 4947 789 5030 haud
818 4947 1244 5030 dubie'respeiit
1274 4952 1325 5006 in
1354 4950 1453 5030 lib.
1478 4964 1535 5030 x_t
1553 4991 1565 5009 .
1595 4964 1651 5003 n.
1688 4947 1777 5030 1.1;.

152 5039 237 5094 ibi
301 5043 481 5090 tamen
518 5022 646 5089 eam
690 5029 800 5085 vim
850 5027 1070 5082 verbum
1102 5022 1233 5079 illud
1267 5037 1372 5079 non
1404 5022 1644 5094 obtinet,
1678 5022 1781 5072 nisi

151 5092 495 5165 accessione
519 5118 712 5159 vocum
738 5102 793 5156 in
818 5114 1017 5171 genere.
1032 5097 1143 5175 llic
1169 5109 1300 5150 vero
1325 5092 1612 5175 disproﬁcit
1656 5104 1779 5175 cum

155 5179 452 5249 adjunctis
480 5183 640 5231 sonat
682 5165 956 5229 recessum
1108 5169 1341 5249 humana
1370 5165 1680 5249 Isapientia:
1724 5170 1783 5249 ut

200 5235 261 5309 ui
299 5250 534 5323 primum
566 5252 902 5323 recesserant
928 5258 957 5296 a
989 5241 1095 5323 ﬁde
1122 5247 1340 5323 propter
1369 5235 1662 5323 humanam
1692 5247 1779 5323 ra-

156 5309 417 5388 tionténn,
445 5319 663 5375 demum
706 5314 955 5371 hmretica
997 5311 1326 5388 hebetudine
1352 5309 1430 5388 _ob
1473 5319 1782 5388 prmeouce-

155 5378 324 5472 ptum
356 5378 668 5472 opinionem
700 5389 769 5443 ab
795 5389 1044 5472 humana
1072 5384 1246 5472 etiamj
1264 5378 1779 5472 ratioiie'dieﬁciant.

244 5449 323 5541 (e)
373 5449 489 5519 Duo
518 5477 586 5517 ex
628 5457 1181 5541 recenti-orilius‘tuss.
1212 5449 1787 5541 dentatalrillent.__i{'et_i-

156 5520 419 5598 nendum
446 5549 572 5590 cum
598 5532 725 5606 aliis
743 5529 1181 5606 indemnatbiliem
1202 5567 1217 5591 ,
1245 5539 1377 5606 gnte
1396 5523 1517 5606 scil.
1546 5536 1576 5576 a
1599 5520 1787 5606 volturi:

159 5592 587 5669 ta‘t'eidemuutri
612 5620 674 5660 ac
694 5602 1088 5676 declin_ari_non
1109 5592 1403 5676 Δρος-ιείῐηρι
1430 5594 1574 5676 enim
1601 5592 1791 5676 deﬁnit

156 5666 518 5753 Augustinus
558 5677 650 5753 lib_.
694 5691 807 5753 xiv,
850 5674 918 5728 de
955 5672 1070 5753 Civ.
1109 5666 1198 5726 Dei
1228 5684 1277 5724 c.
1311 5668 1410 5723 15:
1442 5666 1593 5753 dolor
1618 5666 1789 5753 carnis

159 5736 540 5816 tan7ttmmodo
566 5736 805 5817 o/Tensio'
821 5760 893 5803 est
938 5746 1123 5800 animo:
1148 5759 1211 5798 ea:
1235 5757 1427 5818 carne,
1452 5746 1519 5818 _et
1557 5736 1794 5818 quedam

159 5808 263 5887 Et?
288 5808 406 5896 ejus
434 5808 980 5896 passioneidissensio;
1007 5819 1139 5872 sicut
1161 5814 1351 5896 animo:
1375 5808 1579 5896 dolos.
1600 5848 1614 5863 .
1647 5808 1797 5896 .rdis-

163 5882 357 5959 seruio
407 5882 482 5952 e'st
524 5895 589 5948 ab
640 5895 721 5951 liis
767 5892 918 5949 rebus
965 5904 1080 5961 qute
1128 5887 1275 5945 nobis
1324 5882 1612 5941 nolentibus
1659 5882 1795 5936 acci-

1807 4776 1856 4839 D

1882 3362 1996 3409 tute
2029 3351 2342 3408 distentum.
2385 3349 2450 3404 Et
2490 3357 2737 3405 naturam
2775 3347 2915 3403 hanc
2956 3346 3141 3403 mundi
3170 3347 3482 3415 dominam,

1880 3462 1947 3505 ac
1984 3447 2234 3503 libertate
2272 3442 2532 3516 spiritalis
2575 3442 2794 3499 virtutis
2838 3442 3193 3509 immensam,
3234 3456 3341 3497 non
3380 3442 3486 3498 sibi

1885 3552 2096 3598 terrore
2121 3539 2314 3595 mortis
2340 3538 2602 3609 gehenna:
2628 3535 2796 3592 chaos
2822 3535 3093 3602 vindicat,
3122 3551 3224 3607 qua
3253 3535 3487 3607 paradisi

1884 3634 2091 3691 delicia:
2119 3647 2309 3689 carere
2332 3646 2438 3688 non
2467 3638 2712 3702 possunt.
2744 3628 2983 3685 Futurus
3020 3630 3166 3685 enim
3204 3630 3258 3685 in
3298 3628 3487 3687 inferis

1888 3726 2185 3792 Dominus,
2211 3734 2267 3781 et
2292 3725 2345 3780 in
2374 3723 2624 3795 paradiso
2651 3730 2730 3778 est
2758 3720 2991 3779 futurus.
3035 3722 3236 3779 Deseea
3275 3723 3342 3779 ad
3376 3739 3491 3779 mc-

1889 3828 1999 3877 tum
2029 3834 2202 3890 ptente
2230 3829 2436 3874 natura:
2464 3814 2845 3873 indesccabilis
2870 3815 3205 3885 portionem:
3237 3814 3316 3887 (It)
3341 3826 3395 3871 et
3421 3815 3491 3873 de

1888 3910 2108 3970 Christo
2135 3921 2189 3968 et
2214 3908 2359 3981 apud
2387 3907 2591 3966 inferos
2617 3921 2758 3978 pone
2783 3905 2928 3978 quod
2951 3905 3165 3974 doleat,
3206 3918 3262 3964 et
3301 3907 3356 3963 in
3394 3922 3490 3977 pa.-

1882 4156 2029 4231 dunt.
2072 4156 2183 4231 Hac
2219 4154 2430 4231 ratione
2464 4155 2710 4231 nonnulli
2752 4156 3059 4231 philosophi
3096 4159 3369 4229 explicant
3393 4162 3488 4231 qui

1882 4228 2057 4302 Adam
2102 4230 2364 4302 innocens
2389 4226 2602 4302 doloris
2618 4226 2815 4299 expers
2841 4226 3034 4298 fuerit,
3062 4226 3186 4302 quia
3228 4226 3488 4289 nimirum

1882 4300 2167 4427 damnare
2194 4298 2434 4369 valeret,
2460 4298 2604 4372 quod
2630 4298 2703 4356 ex
2737 4315 2800 4358 se
2838 4314 3022 4359 natum
3064 4298 3210 4360 esset
3242 4304 3488 4361 dolorem

1885 4387 1915 4427 e
1979 4387 2124 4427 cere.

1885 4387 2124 4428 eutcere.

1981 4441 2039 4513 Ῑ)
2072 4443 2130 4499 In
2162 4442 2410 4513 vulgatis,
2436 4441 2618 4498 doleri.

1976 4514 2032 4588 g)
2064 4516 2155 4573 Sic
2191 4515 2567 4590 castigatiores
2606 4530 2738 4571 mss.
2762 4516 2958 4586 quibus
2984 4517 3167 4575 lavent
3193 4519 3362 4590 prima
3392 4521 3494 4575 hu-

1878 4587 2203 4662 jusnumeri
2238 4587 2431 4662 verba,
2460 4596 2514 4662 et
2546 4594 2819 4662 postrema
2847 4606 2900 4644 n.
2927 4590 2963 4646 2
2991 4598 3150 4647 tract.
3194 4587 3346 4662 'psal.
3372 4607 3487 4647 ut.

1881 4660 1940 4718 In
1969 4660 2177 4787 aliquoit
2204 4659 2359 4728 aliis,
2392 4668 2449 4715 ut
2481 4659 2533 4713 in
2558 4660 2811 4733 vulgatis,
2841 4678 3156 4720 consensus:
3186 4659 3347 4720 lectio
3378 4678 3488 4720 non

1886 4748 2119 4787 suernen
2162 4748 2213 4787 a.

1886 4748 2213 4788 sperni-nua.

1918 4748 2636 4877 piliil‘l'l'gzcverogspiritum.
2663 4803 2834 4877 inquit
2854 4804 3230 4863 Theodoretus
3252 4807 3303 4862 in
3330 4807 3482 4863 Dem.

1880 4876 2025 4947 quod
2058 4876 2299 4947 itnnatib.
2332 4874 2701 4947 sitdivinitas,
2730 4874 2914 4947 Ariani
2936 4887 2985 4932 et
3009 4877 3325 4934 Eunomiani
3353 4879 3488 4933 ditii-

1883 4945 2095 5003 nitatem
2126 4945 2391 5017 Unigens'li
2421 4962 2527 5001 esse
2555 4947 2753 5002 dicunt.
2786 4946 3089 5005 Inanimum
3126 4952 3262 5007 enim
3299 4966 3485 5022 corpus

1881 5028 2205 5081 assumptum
2242 5027 2446 5089 putant.
3502 5029 3505 5031 ‘

1961 5090 2023 5160 (i)
2060 5092 2116 5167 In
2137 5089 2405 5167 yolgatis:
2440 5098 2644 5167 metus,-
2673 5097 2731 5146 et
2760 5102 2943 5162 postea
2966 5134 2982 5161 ,
3012 5096 3151 5167 regio
3180 5102 3254 5148 est
3279 5092 3490 5148 conclu-

1886 5164 2029 5217 dens.
2066 5163 2240 5218 Etiam
2272 5160 2361 5236 hie
2391 5160 2843 5236 perspicuumest
2863 5204 2879 5231 ,
2911 5160 3112 5223 natura:
3150 5174 3485 5236 potestatem,

1886 5250 2008 5306 qua:
2037 5251 2069 5306 ει
2088 5241 2244 5306 metu
2274 5231 2547 5306 eximitur,
2584 5232 2920 5306 divinitatem
2952 5231 3200 5305 intelligi.

1962 5314 1977 5373 (
1980 5308 2041 5379 ἢ
2056 5305 2175 5379 Non
2214 5321 2316 5375 qua
2349 5303 2491 5379 ﬁli_us
2513 5304 2780 5379 hominis,
2807 5307 2905 5379 sed
2931 5324 3035 5378 qua
3069 5303 3177 5364 ﬁlio
3216 5307 3310 5379 Dei
3362 5320 3488 5377 per-

1892 5375 2152 5433 sonaliter
2181 5388 2383 5432 uultus.
2412 5375 2795 5446 Respiciuntur
2814 5375 3014 5436 Christi
3038 5380 3200 5435 verba
3221 5375 3376 5433 Joan.
3406 5392 3487 5444 nt,

1896 5448 1986 5505 l5.
2020 5450 2132 5506 lloc
2161 5446 2605 5520 loquendi-modo
2645 5448 2880 5506 Hilarius
2911 5449 3035 5505 dum
3075 5450 3246 5507 solam
3285 5448 3486 5504 divini-

1897 5531 2062 5576 tatem
2090 5522 2158 5578 ab
2189 5520 2441 5576 humanis
2476 5519 2852 5577 aﬂ'ectionibus
2877 5521 3116 5578 vindicat
3139 5564 3155 5589 ,
3206 5520 3480 5578 interdum

1898 5592 2068 5648 videri
2100 5601 2280 5659 patest
2307 5591 2478 5662 ipsam
2501 5594 2663 5648 etiam
2688 5607 2906 5648 carnem
2935 5595 3196 5650 eximere.

1975 5664 2051 5739 (Is)
2089 5663 2258 5739 Yatic.
2292 5664 2407 5739 bas.
2437 5664 2648 5739 codex,
2676 5663 2818 5739 etde
2833 5662 3059 5739 Christo.
3086 5665 3280 5739 Verius
3304 5664 3419 5730 alii,
3435 5673 3494 5739 et

1897 5737 1961 5791 de
1984 5733 2227 5803 Christo,
2258 5737 2377 5793 scil.
2412 5752 2561 5802 pone.
2594 5733 2776 5790 Multis
2819 5736 2993 5794 modis
3050 5736 3139 5793 hic
3168 5738 3402 5794 declarat
3424 5736 3492 5801 li-

1898 5809 1983 5865 dei
2011 5811 2291 5865 catholica:
2318 5806 2597 5871 defensor,
2628 5821 2789 5876 quam
2818 5816 3063 5866 naturam
3093 5811 3225 5867 velit
3266 5811 3335 5865 ab
3384 5809 3487 5876 Ιιιιτ

1896 5880 2467 5940 maniSaﬁ‘cctionibus
2508 5868 2839 5949 hnmunem,
2872 5882 3128 5939 nimii-um
3188 5888 3203 5937 ὲ
3249 5868 3487 5937 naturani
