3988 6332
575 331 672 386 Sil
1786 332 2024 389 SANCTI
2065 332 2317 389 iiiiABll
2370 332 2669 390 liPlSCOi‘l
3714 344 3791 399 τὲ

574 447 756 504 radiso
792 447 1037 520 relinque
1072 448 1214 520 quod
1256 455 1463 519 regnet.
1508 446 1671 504 Latro
1708 449 1854 505 enim
1897 456 2069 520 rogat,
2112 456 2171 502 ut
2196 451 2251 513 Α
2279 449 2484 503 tristem
2508 463 2631 509 esse
2658 462 2826 519 usque
2847 448 2911 504 ad
2935 459 3184 522 mortem.
3220 449 3287 525 (ί)
3315 448 3425 507 Non
3451 453 3581 510 enim
3603 453 3792 526 ejusdem

576 539 658 595 sui
686 539 739 595 in
766 554 932 609 regno
958 554 1055 594 suo
1081 541 1410 596 meminerit.
1440 539 1539 607 Et,
1569 540 1757 609 credo,
1787 555 1909 595 eum
1938 541 2003 594 ad
2034 540 2170 595 hanc
2273 540 2685 611 signiﬁcationis
2721 534 2805 596 est
2826 582 2842 606 ,
2897 539 3103 598 tristem
3160 556 3280 597 esse
3328 552 3537 615 propter
3585 558 3792 617 mortem,

575 631 750 689 beatae
775 632 1127 690 confessionis
1149 633 1315 690 ﬁdem
1335 676 1350 701 ,
1377 634 1591 691 auditus
1615 642 1931 691 transeunte
1963 634 2171 706 palmas
2274 643 2327 691 et
2353 635 2561 691 tristem
2595 650 2718 692 esse
2770 651 2939 706 usque
2960 635 3025 690 ad
3055 646 3281 692 mortem
3307 652 3322 692 :
3352 638 3469 715 quia
3509 639 3587 697 ubi
3628 624 3795 719 propter

572 725 729 782 clavo
754 727 983 797 gemitus
1005 726 1280 783 accendit:
1311 734 1368 782 et
1392 743 1615 799 regnum
1650 726 1848 784 Christi
1885 743 1982 798 per
2017 727 2171 784 dolo-
2275 737 2500 781 mortem
2530 726 2746 782 tristitia
2771 739 2852 783 cst
2872 770 2887 795 ,
2920 727 3031 783 illic
3054 729 3167 797 ipsa
3230 745 3374 785 mors
3428 746 3579 785 causa
3619 732 3796 790 tristitia

573 832 689 874 rem
715 818 801 889 (i)
829 818 1086 873 inﬁrmati
1112 818 1187 891 (a)
1221 820 1272 875 in
1299 815 1517 875 Christo
1550 822 1796 891 corporis
1830 819 2039 875 didicit.
2075 818 2171 875 Ille
2275 830 2389 885 est;
2417 819 2505 876 ubi
2538 836 2667 876 vero
2713 821 2927 876 tristitia
2960 837 3130 894 usque
3175 821 3241 877 ad
3285 831 3505 879 mortem
3551 833 3652 893 est,
3689 841 3797 882 iners

571 909 937 980 dignationem
972 912 1373 969 reminiscentis
1399 914 1449 967 in
1476 927 1643 983 regno
1670 912 1937 984 postulat:
1967 918 2024 967 tu
2050 927 2173 967 cru-
2277 930 2384 971 non
2412 915 2520 987 jam
2552 915 2781 971 tristitia:
2802 925 3102 983 estcausa,
3134 915 3228 972 sed
3267 916 3404 972 ﬁnis.
3447 918 3540 985 Qui
3568 934 3677 993 ergo
3721 936 3797 974 non

571 1003 651 1059 cis
674 1011 905 1059 mortem
930 1004 997 1059 ad
1027 1013 1230 1059 metum
1256 1005 1504 1076 deputas.
1551 1005 1811 1061 Dominus
1835 1005 2175 1060 communio-
2278 1022 2499 1081 propter
2529 1020 2791 1075 mortem,
2822 1009 2915 1065 sed
2944 1025 3113 1081 usque
3160 1009 3227 1065 ad
3277 1021 3499 1066 mortem
3528 1011 3675 1068 tristis
3714 1022 3797 1079 est.

572 1110 695 1154 nem
718 1099 768 1152 ei
787 1097 1019 1167 paradisi
1048 1114 1173 1153 tuux
1199 1100 1510 1170 pollicetur:
1542 1107 1595 1154 tu
1614 1101 1881 1157 Christum
1910 1102 1962 1154 in
1990 1098 2175 1155 inieris
2276 1102 2626 1175 quaerendum
2648 1113 2730 1157 est
2758 1103 2899 1160 unde
2924 1104 2989 1158 sit
3016 1104 3204 1158 tristis.
3232 1102 3425 1175 Tristis
3453 1115 3619 1161 autem
3641 1122 3724 1160 non
3746 1106 3802 1159 in-

572 1192 673 1246 sub
704 1193 901 1262 pteuali
931 1200 1138 1248 terrore
1161 1194 1460 1250 concludis.
1507 1193 1744 1250 Diversa:
1770 1196 1881 1265 Spei
1912 1194 2044 1250 ﬁdes
2070 1193 2174 1250 ista
2278 1203 2431 1250 certo
2457 1192 2537 1267 (3)
2583 1210 2757 1266 neque
2818 1193 2893 1267 (g)
2940 1195 3222 1251 indeﬁnito
3272 1195 3513 1265 humana:
3556 1198 3803 1270 ignorantia

574 1295 676 1341 est.
718 1286 1034 1342 Paradisum
1075 1288 1268 1343 meruit
1305 1287 1406 1344 sub
1441 1304 1603 1345 cruce
1642 1290 1805 1356 latro,
1850 1289 2173 1360 pendentem
2280 1296 2556 1358 tempore,
2588 1281 2682 1342 sed
2724 1302 2892 1358 usque
2942 1286 3008 1343 ad
3054 1297 3304 1343 mortem.
3348 1287 3495 1359 Adeo
3537 1274 3692 1344 autem
3724 1305 3803 1347 non

574 1379 852 1437 Christum
882 1381 1163 1439 confessus
1190 1382 1244 1438 in
1272 1397 1473 1453 regno:
1505 1383 1557 1438 in
1591 1397 1765 1454 preme
1799 1382 1877 1458 (b)
1910 1398 2039 1438 vero
2072 1383 2173 1437 do-
2282 1386 2502 1451 prepter
2527 1388 2756 1436 mortem
2786 1388 3035 1451 suscepta
3070 1381 3285 1436 tristitia
3316 1394 3398 1438 est
3420 1423 3437 1451 ,
3462 1388 3520 1453 ut
3541 1382 3607 1439 sit
3629 1380 3805 1440 destitu-

573 1472 691 1528 lore
716 1481 772 1529 et
793 1481 940 1529 metu
970 1476 1160 1530 mortis
1186 1474 1462 1531 Christum
1499 1474 1796 1547 deputans,
1836 1486 1890 1532 et
1922 1475 2176 1548 paradiso
2278 1481 2332 1529 ta
2365 1488 2461 1545 per
2487 1483 2738 1530 mortem.
3430 1458 3438 1464 ’

576 1578 800 1621 necesse
827 1577 909 1622 est
935 1566 1014 1639 (ἓ)
1040 1567 1116 1622 sis
1141 1568 1414 1623 cariturus
1438 1575 1495 1624 ct
1523 1583 1709 1638 regno.
2351 1566 2442 1623 57.
2460 1564 2704 1622 Tristitia:
2724 1563 2915 1621 Christi
2934 1565 3213 1624 causa.Cui
3227 1577 3461 1640 precetur
3477 1566 3665 1624 calicem
3681 1577 3806 1626 ﬁant-

648 1657 737 1715 35.
769 1658 1042 1734 Epilogus,
1073 1661 1222 1731 quale
1251 1658 1443 1717 Christi
1468 1678 1676 1733 corpus.
1710 1692 1781 1704 -—
1824 1662 2050 1719 Collatls
2073 1663 2175 1736 lgi-
2279 1663 2377 1720 ire.
2408 1659 2544 1718 Diue
2578 1660 2769 1718 Christi
2804 1661 3105 1719 voluntates.
3130 1693 3201 1703 —
3228 1658 3296 1719 Et
3317 1672 3374 1718 ut
3399 1676 3605 1719 causam
3631 1661 3804 1719 tristitie

580 1761 664 1808 tur
690 1752 954 1809 dictorum
978 1764 1139 1825 atque
1167 1767 1442 1827 gestorum
1461 1757 1751 1813 virtutibus
1771 1800 1786 1825 ,
1809 1756 2176 1813 demonstrari
2283 1755 2582 1827 intelligere
2604 1756 2906 1837 possimus,
2932 1754 3212 1812 videamus
3243 1755 3370 1827 quid
3400 1754 3537 1811 hanc
3580 1754 3807 1841 professio-

578 1862 683 1901 non
709 1847 1014 1919 ambiguum
1044 1858 1163 1916 est,
1191 1850 1243 1904 in
1266 1859 1458 1906 natura
1514 1849 1631 1922 ejus
1673 1851 1917 1921 corporis
1945 1850 2170 1908 inﬁrmi-
2198 1854 2247 1916 B
2276 1863 2399 1904 nem
2422 1845 2652 1903 tristitiae
2674 1847 2759 1904 vel
2790 1848 3149 1920 praecesserit,
3180 1848 3264 1903 vel
3287 1859 3650 1921 consequatur.
3666 1847 3804 1903 Totins

584 1949 747 1999 tatem
780 1951 986 1998 natum
1010 1957 1287 2015 corporeis
1315 1958 1420 1999 non
1449 1943 1631 2012 fuisse,
1658 1944 1742 1999 cui
1772 1944 1825 2001 in
1857 1946 2056 2003 virtute
2080 1962 2176 2002 na-
2281 1942 2425 1997 enim
2479 1939 2751 2011 passionis
2810 1948 2866 1997 et
2915 1938 3038 1998 ﬁdei
3082 1942 3402 2016 mysterium
3452 1950 3805 2013 consummatum

578 2044 713 2090 tura:
740 2034 903 2091 fuerit
930 2051 1144 2091 omnem
1175 2051 1461 2107 corporum
1484 2036 1756 2108 depellere
1782 2036 2173 2107 inlirmitatem;
2282 2032 2497 2115 pascha:
2526 2048 2682 2090 cmna
2708 2032 2882 2090 fuerat
2915 2049 3011 2106 per
3042 2034 3352 2092 Dominum.
3385 2034 3466 2115 (ἡ)
3503 2034 3710 2108 Postque
3723 2035 3806 2090 uni-

577 2135 635 2181 et
661 2127 967 2198 passionem
986 2129 1146 2183 illam
1169 2169 1183 2195 ,
1214 2129 1339 2184 licet
1368 2128 1513 2184 illata
1540 2128 1757 2199 corpori
1800 2131 1899 2198 sit,
1955 2145 2061 2185 non
2095 2143 2177 2185 ta-
2283 2139 2560 2181 versurum
2589 2125 2642 2181 in
2684 2141 2744 2182 se
2773 2125 3088 2182 scandalum
3112 2125 3270 2183 docet
3297 2122 3516 2200 (Matth.
3542 2141 3651 2182 nrt
3671 2125 3748 2191 .3l
3773 2134 3806 2180 et

578 2236 702 2276 men
723 2229 967 2277 naturam
995 2221 1212 2279 dolendi
1238 2226 1451 2293 corpori
1485 2222 1732 2278 intulisse
1781 2239 1795 2277 :
1838 2223 1963 2294 quia
1991 2238 2181 2296 quam-
2283 2217 2402 2293 52),
2430 2218 2525 2275 sed
2552 2233 2948 2290 prmcessttrum
2971 2233 3032 2275 se
3078 2233 3173 2276 eos
3202 2218 3257 2276 in
3304 2216 3578 2275 Galilaam
3607 2215 3808 2285 promittit

579 2315 666 2368 vis
689 2312 859 2369 forma
885 2315 1131 2386 corporis
1160 2314 1332 2370 nustri
1358 2322 1506 2371 esset
1532 2314 1585 2370 in
1605 2314 1854 2382 Domino,
1870 2329 1975 2370 non
2004 2326 2182 2373 tamen
2285 2311 2448 2386 (Ibid.
2469 2313 2586 2384 53).
2609 2313 2828 2381 Petrus,
2851 2311 3062 2370 czeteris
3084 2312 3207 2370 licet
3234 2311 3678 2380 scandalizaturis,
3697 2320 3810 2367 seta-

578 2404 654 2480 (e)
681 2406 732 2461 in
759 2406 969 2462 vitiosa:
1000 2406 1330 2463 inﬁrmitatis
1379 2414 1578 2463 nostrte
1602 2417 1746 2462 esset
1774 2421 2036 2479 corpore,
2089 2409 2181 2479 qui
2286 2414 2465 2462 tamen
2494 2422 2599 2462 non
2631 2406 3118 2463 scandalizaturum
3144 2407 3416 2463 constanti
3445 2406 3546 2463 ﬁde
3567 2402 3808 2478 spopondit.

581 2514 688 2552 non
734 2508 878 2553 esset
931 2499 983 2553 in
1029 2500 1267 2570 origine,
1322 2497 1466 2570 quod
1512 2513 1581 2555 ex
1630 2507 1897 2570 conceptu
1949 2499 2184 2571 Spiritus
2284 2499 2392 2557 Sed
2420 2499 2680 2555 Dominus
2703 2515 2798 2572 per
2826 2510 3073 2556 naturam
3095 2500 3193 2557 Diei
3242 2516 3349 2556 non
3375 2498 3590 2572 ignarus
3612 2494 3810 2570 gerendo.

581 2592 754 2646 sancti
784 2590 945 2662 Virgo
969 2591 1250 2662 progenuit
1281 2606 1294 2643 :
1328 2589 1470 2661 quod
1502 2590 1628 2647 licet
1668 2606 1830 2648 sexus
1871 2594 1952 2649 sui
2002 2592 2184 2651 ofﬁcio
2286 2611 2406 2651 rum
2426 2637 2441 2662 ,
2473 2604 2555 2651 ter
2582 2609 2704 2651 eum
2737 2600 3054 2667 negaturum
3083 2609 3145 2651 se
3188 2609 3312 2652 esse
3337 2594 3611 2667 respondit
3637 2610 3649 2647 τ
3674 2600 3810 2647 utca-

581 2683 849 2755 genuerit,
885 2697 1064 2739 tamen
1094 2698 1199 2738 non
1223 2690 1455 2739 terrenae
1484 2682 1650 2757 ⁸48
1673 2685 2041 2757 conceptionis
2069 2700 2186 2744 sus-
2286 2698 2527 2745 terorum
2553 2685 2867 2744 scandalum
2892 2687 3285 2769 intelligeretur
3312 2703 3383 2743 ex
3416 2688 3606 2754 Petro,
3631 2697 3730 2740 cum
3749 2679 3810 2738 ille

582 2776 727 2846 cepit
746 2776 1031 2832 elementis
1059 2772 1161 2849 (d).
1194 2773 1391 2831 Genuit
1419 2776 1615 2832 etenim
1646 2792 1711 2831 ex
1743 2792 1802 2832 se
1827 2791 2053 2849 corpus,
2088 2778 2184 2835 sed
2286 2782 2341 2837 in
2372 2790 2479 2836 tam
2501 2796 2666 2853 grave
2693 2781 2812 2837 ﬁdei
2839 2781 3138 2853 periculum
3167 2796 3290 2836 eum
3318 2788 3402 2837 ter
3427 2779 3662 2851 negando
3686 2776 3810 2851 (ἢτοι

582 2868 726 2940 quod
753 2878 1074 2939 conceptum
1104 2875 1251 2925 esset
1277 2883 1345 2924 ex
1372 2867 1613 2939 Spiritu;
1644 2867 1853 2924 habens
1880 2870 2097 2941 quidem
2127 2872 2182 2928 in
2287 2873 2511 2930 cideret.
2542 2871 2680 2929 Tum
2714 2874 2801 2929 ille
2830 2874 3124 2944 assumptis
3152 2872 3349 2941 Petro,
3374 2871 3574 2929 Iacobo
3595 2880 3644 2927 et
3663 2869 3811 2927 Joanne

583 2976 645 3018 se
666 2962 746 3016 sui
770 2962 1020 3032 corporis
1043 2961 1328 3017 veritatem
1345 3000 1359 3026 ,
1385 2961 1481 3016 sed
1507 2975 1612 3014 non
1640 2959 1845 3016 habens
1870 2971 2075 3018 natura:
2100 2963 2185 3019 in-
2287 2966 2452 3042 (Ibid.
2471 2965 2813 3041 '57),duobus
2834 2966 2901 3023 ad
2927 2967 3241 3039 martyrium
3257 2965 3624 3047 “1elcctis,
3640 2972 3685 3021 et
3698 2963 3803 3019 Joan

585 3051 893 3108 ﬁrmitatem
931 3066 945 3107 :
972 3051 1100 3107 dum
1129 3060 1185 3107 et
1210 3066 1408 3122 corpus
1440 3050 1570 3106 illud
1599 3053 1845 3123 corporis
1875 3055 2072 3109 veritas
2102 3063 2187 3112 est
2289 3041 2355 3115 ne
2387 3061 2439 3116 in
2478 3059 2912 3131 praedicationem
2950 3058 3225 3132 Evangelii
3258 3041 3525 3115 ﬁrmando
3548 3101 3563 3127 ,
3585 3056 3813 3113 tristemss

582 3146 723 3217 quod
753 3155 1043 3217 generatur
1064 3160 1129 3201 ex
1159 3145 1399 3215 virgine;
1451 3154 1505 3200 et
1531 3154 1681 3201 extra
1717 3147 1965 3217 corporis
2010 3148 2186 3206 nostri
2290 3165 2461 3223 usque
2484 3138 2556 3206 ad
2590 3161 2816 3207 mortem
2852 3152 3124 3223 professus
3166 3158 3271 3207 est.
3300 3150 3512 3207 Deinde
3535 3160 3810 3243 progressus.

584 3242 953 3297 inﬁrmitatem
979 3248 1064 3297 est
1087 3282 1101 3308 ,
1134 3241 1278 3313 quod
1310 3239 1570 3313 spiritalis
1598 3243 1971 3314 conceptionis
2001 3259 2186 3318 sump—
2213 3248 2259 3315 ο
2289 3246 2466 3301 oravit
2484 3245 2672 3302 dicens
2698 3263 2712 3302 :
2743 3243 2905 3301 Pater
2931 3262 3096 3311 meus,
3123 3244 3169 3301 si
3192 3243 3441 3318 possibile
3465 3239 3566 3313 est,
3592 3249 3766 3297 transeat
3793 3253 3814 3292 ι

579 3334 652 3389 sit
671 3334 974 3388 exordium.
2292 3351 2374 3392 me
2397 3336 2534 3393 colis:
2557 3338 2655 3394 iste
2680 3350 2698 3394 :
2729 3338 2818 3394 sed
2849 3349 3015 3393 tamen
3038 3353 3139 3393 non
3167 3337 3298 3392 sicut
3325 3352 3423 3408 ego
3443 3337 3556 3391 volo
3574 3378 3587 3402 ,
3618 3334 3694 3389 sed
3725 3333 3814 3386 sicut

658 3429 747 3484 56.
778 3427 999 3482 Tristem
1020 3443 1128 3483 esse
1152 3443 1313 3499 usque
1336 3427 1407 3482 ad
1434 3436 1649 3482 mortem
1690 3429 1832 3501 quid.
1858 3459 1929 3472 -—
1947 3430 2055 3487 Sed
2088 3434 2184 3489 uiti
2295 3442 2348 3487 tu
2374 3431 2448 3487 vis
2476 3430 2639 3504 (Ibid.
2664 3431 2779 3506 39).
2807 3432 3063 3489 Transire
3104 3446 3135 3487 a
3159 3444 3220 3488 se
3239 3431 3471 3488 calicem
3495 3438 3662 3503 rogat,
3683 3427 3813 3498 utique

586 3521 874 3579 adversum
901 3520 970 3595 (e)
1011 3521 1321 3592 apostolica:
1347 3520 1469 3576 ﬁdei
1515 3524 2032 3581 demonstrationem
2076 3527 2186 3583 has-
2289 3527 2400 3599 jam
2427 3542 2610 3584 secum
2635 3533 2941 3584 manentem
2980 3544 2994 3581 :
3050 3527 3141 3599 qui
3181 3535 3291 3584 tum
3342 3529 3397 3585 in
3446 3508 3685 3599 sanguine
3723 3519 3814 3578 Novi

586 3615 741 3671 reﬁci
772 3614 1021 3670 videntur
1044 3613 1146 3668 huc
1168 3612 1313 3668 dicto
1345 3631 1357 3666 :
1391 3613 1576 3669 Tristis
1599 3624 1673 3669 est
1695 3617 1874 3672 anima
1895 3634 2005 3672 mea
2028 3634 2187 3690 usque
2296 3620 2629 3677 Testameuti
2661 3636 2759 3692 pro
2783 3622 3074 3677 multorum
3101 3621 3339 3693 peccatis
3387 3619 3466 3701 (j)
3512 3618 3689 3677 eil‘uudi
3726 3631 3814 3668 run-

588 3709 659 3764 ad
682 3719 892 3764 mortem
923 3705 1140 3782 (Matth.
1166 3718 1321 3773 xxvi,
1352 3707 1468 3779 δε),
1497 3718 1551 3763 ut
1575 3709 1846 3779 professio
1890 3711 2005 3782 ejus
2026 3754 2040 3779 ,
2095 3715 2188 3785 qui
2295 3718 2688 3774 summabatur.
2712 3716 2829 3773 Non
2853 3716 2995 3772 enim
3028 3725 3182 3789 rogat
3209 3732 3276 3771 ne
3298 3702 3487 3772 secum
3513 3716 3610 3779 sit,
3642 3712 3813 3769 sedul:

588 3816 651 3858 se
681 3801 890 3857 tristem
914 3801 989 3855 ait
1007 3840 1023 3867 ,
1052 3810 1263 3859 natura:
1290 3799 1658 3856 inllrmitatem
1679 3840 1694 3867 ,
1734 3816 1830 3873 per
1850 3803 2004 3874 cujus
2027 3819 2163 3861 cons

2295 3826 2357 3868 se
2384 3820 2644 3882 transeat.
2672 3809 2878 3867 Deinde
2903 3816 3057 3881 rogat
3098 3824 3166 3865 ne
3192 3807 3447 3866 voluntas
3494 3824 3585 3865 sua
3631 3806 3706 3862 list
3739 3820 3752 3858 :
3780 3808 3815 3856 et

587 3893 839 3951 cientiam
863 3893 1031 3951 tristis
1053 3892 1282 3963 cmperit
1321 3906 1477 3959 esse,
1529 3902 1772 3949 testatur.
1821 3895 1900 3951 Ac
1951 3896 2185 3967 primum
2294 3905 2438 3977 quod
2469 3905 2580 3960 vult
2605 3902 2745 3960 efﬁci
2768 3946 2782 3970 ,
2815 3902 2866 3959 id
2894 3904 3069 3975 ipsum
3097 3901 3323 3959 concedi
3358 3903 3463 3960 sibi
3483 3915 3585 3959 non
3610 3900 3720 3955 vult.
3756 3895 3817 3948 Alt

586 3989 841 4046 humanas
894 3986 1261 4058 intelligentia
1302 3999 1523 4043 sensum
1579 3986 1890 4061 interrogo,
1944 3990 2069 4062 quid
2116 3993 2188 4050 sit
2295 3998 2478 4069 enim,
2505 3997 2612 4054 Sed
2631 4007 2799 4054 tamen
2834 4013 2938 4054 non
2965 3998 3100 4055 sicut
3127 4014 3223 4071 ego
3242 3996 3397 4069 uolo,
3420 3996 3645 4069 “sicut
3677 3990 3812 4051 teris:

588 4202 592 4207 .
775 4151 1098 4236 inﬁnitum,
1130 4149 1295 4211 male.
2374 4158 2460 4234 (3)
2488 4158 2670 4234 Neque
2689 4159 2914 4236 infinito.

659 4151 742 4300 si
769 4151 1156 4284 imm-2

589 4366 770 4424 mundi
797 4363 1082 4428 dominam,
1108 4362 1440 4427 immensam,
1469 4378 1573 4437 qua
1599 4363 2052 4437 paradisittelicite
2094 4382 2184 4422 ca-
2290 4380 2322 4422 a
2344 4363 2564 4425 Christo
2592 4378 2716 4437 esse
2735 4374 3043 4437 susceptam
3064 4407 3079 4432 .
3107 4377 3163 4422 et
3184 4365 3254 4423 de
3280 4380 3445 4422 causa
3472 4364 3720 4437 dumtaxat
3739 4356 3815 4413 dis-

588 4455 702 4521 rere
729 4453 830 4521 non
853 4443 1110 4521 possunt...
1155 4447 1277 4521 qua:
1305 4443 1506 4490 natura
1530 4430 1885 4492 indesccabilis
1910 4438 1965 4493 in
2002 4439 2184 4521 inferis
2288 4446 2619 4521 ceptantern.
2652 4430 3472 4521 ldi_psum'proﬁ;tetur.cap.'15
3497 4438 3547 4494 in
3573 4430 3812 4521 Mattheus!

590 4509 755 4593 simul
774 4518 829 4593 et
847 4503 901 4565 in
921 4503 1163 4588 parudiso
1186 4504 1273 4559 sit.
1357 4572 1404 4593 ῃ
1441 4582 1460 4593 Δ
1534 4575 1547 4593 ι
1705 4576 1743 4593 Π
1784 4578 1818 4593 η

2291 4503 2436 4575 n.1,
2469 4503 2759 4593 etinpsail
2789 4503 3019 4593 ολμςῃ.
3046 4508 3102 4575 8,
3146 4510 3237 4565 ubi
3259 4503 3463 4567 clarius
3514 4506 3715 4593 esplicst
3742 4515 3811 4593 qui.

665 4582 745 4655 (a)
775 4579 866 4635 Sic
921 4572 1145 4645 ’ναιθίρυὶ
1178 4588 1309 4629 mss.
1357 4572 1482 4631 Vat.
1534 4575 1673 4645 bas.,
1703 4576 1859 4634 Coib.
1902 4587 2010 4635 etc.
2043 4580 2183 4641 Editi
2291 4572 2442 4649 parte
2470 4572 2740 4635 tristitiam
2772 4594 2801 4634 a
2826 4572 3040 4643 Christo
3068 4572 3377 4654 susceptam
3406 4572 3593 4650 neget,
3622 4577 3768 4631 dicens
3801 4587 3811 4623 ε

665 4668 756 4717 ro,
816 4592 1136 4720 its/ﬁmum
1189 4647 1243 4702 in
1287 4643 1480 4703 Christi
1514 4662 1750 4720 corpore.
1798 4649 1932 4718 Qua:
1980 4652 2183 4709 irouice
2212 4697 2266 4720 η
2296 4650 2415 4715 Non
2460 4659 2593 4706 enim
2638 4652 2743 4719 ait,
2793 4663 3002 4720 propter
3049 4665 3279 4719 mortem,
3313 4653 3438 4720 quia
3467 4654 3575 4707 licet
3629 4664 3675 4703 se
3729 4659 3811 4720 pug;

591 4643 795 4735 vei-0',“
816 4643 1136 4735 inﬁrmitatis
1189 4647 1243 4702 in
1287 4643 1480 4703 Christi
1514 4643 1750 4720 corpore.
1798 4649 1932 4718 Qua:
1980 4652 2183 4709 irouice
2212 4697 2268 4735 η
2293 4643 2430 4735 Nam
2460 4659 2593 4735 enim
2638 4652 2743 4719 ait,
2793 4643 3279 4735 proptefnntortem,
3313 4653 3438 4735 quiq
3467 4643 3591 4735 licet
3629 4664 3675 4703 ιϐ

595 4697 721 4797 sunt
742 4697 908 4797 dicta.
937 4791 945 4797 _
1050 4791 1057 4797 _
1165 4789 1180 4797 _
1658 4792 1670 4797 _
1804 4697 1846 4718 κ’
2030 4697 2056 4707 ν
2103 4697 2183 4797 Mf
2211 4697 2268 4765 D
2296 4697 2430 4779 sicui
2451 4697 2747 4797 daret,_non
2773 4697 2940 4797 (Sinin
2982 4721 3159 4797 Virtus
3176 4697 3371 4797 sestertia
3398 4725 3614 4797 dolorem
3626 4697 3815 4797 pastionis

584 4834 587 4837 μ
670 4795 746 4880 (b)
769 4793 825 4848 in
861 4791 1095 4880 vulgatis
1112 4789 1550 4880 pmn‘qfqo
1579 4790 1795 4880 dolore;
1826 4802 1882 4849 et
1912 4808 2037 4849 mox
2058 4835 2073 4862 ,
2126 4795 2192 4851 sit
2295 4796 2569 4880 exciperet.
2600 4789 2871 4880 Qui-enim
2921 4789 2971 4849 in
3021 4793 3309 4880 llilarifinis
3329 4795 3544 4880 scriptis
3568 4789 3813 4880 pemin

594 4860 872 4923 cariturus.
895 4860 1263 4919 Cuticinnnior
1287 4870 1373 4918 est
1389 4860 1554 4919 lectio
1582 4878 1713 4922 mss.
2058 4860 2067 4862 ἡ
2296 4860 2508 4921 ηυτίθει
2524 4908 2538 4933 ,
2568 4860 2784 4923 virtutis
2807 4875 3027 4922 internae
3049 4866 3327 4933 vocabulis
3353 4860 3671 4931 divinitatem
3693 4860 3737 4914 in
3759 4860 3811 4910 eis

671 4934 1109 5011 (c)Exc_usi,hic
1139 4934 1345 5011 omisso
1396 4935 1488 5001 in,
1543 4936 2033 5011 tnoxsubjiciunt,
2083 4939 2195 5011 for-
2297 4937 2565 5011 enuntiari
2595 4954 2700 4994 non
2728 4940 2919 5005 nescit.

596 5007 686 5065 ma’
716 5007 844 5063 esset
869 5007 923 5060 in
947 5020 1162 5076 corpore
1185 5007 1275 5077 qui
1301 5022 1404 5061 non
1424 5016 1532 5062 etc.
1560 5009 1893 5080 castigantur
1916 5023 1981 5065 ex
2004 5007 2197 5066 melio-
2354 5009 2573 5082 (ρυλε.
2602 5025 2763 5082 neque
2787 5009 2992 5079 inﬁnito
3012 5051 3025 5072 ,
3058 5009 3143 5065 vel
3171 5022 3330 5079 neque
3355 5009 3410 5064 in
3431 5008 3638 5079 inﬁnito.
3665 5074 3678 5082 _
3732 5071 3739 5082 _

596 5027 682 5065 ma
716 5027 844 5063 esset
869 5027 923 5060 ιιι
947 5027 1162 5076 corpore
1185 5027 1275 5077 ιιιιι
1301 5027 1404 5061 non
1424 5027 1532 5062 etc.
1560 5027 1893 5080 castigantur
1916 5027 1981 5065 ex
2004 5027 2197 5066 meno-
2369 5027 2384 5076 ί
2428 5027 2446 5080 )
2476 5027 2573 5065 ms.
2602 5027 2763 5078 neque
2787 5027 2992 5079 tit/mtto
3012 5051 3025 5072 ,
3058 5027 3143 5065 vel
3171 5027 3330 5079 neque
3355 5027 3410 5064 sn
3431 5027 3638 5079 inpune.

576 5082 745 5155 ribus
775 5092 908 5155 mss.
944 5148 955 5155 _
1174 5146 1189 5155 _
1549 5150 1560 5155 _
1673 5152 1682 5155 _
1722 5090 1725 5091 '
1858 5152 1869 5155 Α
1976 5150 2015 5155 _
2076 5151 2090 5155 _
2300 5027 2424 5155 η(Ιό
2446 5080 2589 5155 Lips.
2614 5089 2668 5136 et
2690 5070 2810 5155 Par.
2826 5091 3114 5155 postquam;
3137 5071 3814 5155 renitentibus‘yetustioriltlls

669 5152 750 5224 (ά)
787 5148 906 5202 Vat.
944 5148 1058 5202 bas.
1086 5146 1295 5224 cades,
1326 5150 1587 5224 _susceptis
1636 5152 1916 5207 elementis.
1975 5150 2183 5209 Eodem
2297 5146 2467 5207 libris.
2492 5146 2608 5207 Mos
2633 5146 2837 5208 eaedem
2867 5146 2999 5209 edit.
3030 5160 3152 5224 post
3182 5153 3270 5208 Er.
3295 5147 3813 5224 scandatisqndismﬂ'

596 5218 762 5281 sensu
790 5234 953 5294 supra
989 5235 1042 5273 η.
1077 5220 1181 5294 is,
1238 5218 1454 5289 legitur,
1482 5218 1729 5294 susceptis
1760 5224 2065 5293 originibus.
2106 5223 2186 5279 ita
2291 5223 2644 5289 dulisandum,
2666 5236 2721 5279 et
2743 5218 3536 5292 intra,scandutizundos:citra
3564 5220 3700 5276 ﬁdem
3717 5224 3810 5294 uls}

593 5304 754 5355 caute
786 5284 1021 5367 Hilarius
1051 5284 1325 5347 Christum
1340 5284 1457 5367 non
1476 5284 1754 5367 communi
1788 5284 1908 5366 lege
1958 5311 2192 5367 cont-ep-
2292 5311 2357 5351 ex
2386 5284 2861 5367 quoruursummo
2885 5284 3155 5367 consensu
3189 5297 3355 5366 liquet
3380 5296 3595 5353 verbum
3609 5284 3812 5347 scandali-

597 5379 710 5450 tum
742 5362 1003 5451 praedicat
1022 5403 1037 5428 ,
1064 5373 1121 5418 ut
1141 5360 1810 5451 sacrm‘Vli‘rgiui‘ntaterni
1841 5360 2062 5422 honoris
2098 5360 2191 5434 ve-
2293 5360 2760 5451 saturumiliiario
2788 5368 3061 5451 passivum
3091 5360 3280 5423 fuisse.

598 5430 811 5493 ritate'tn
841 5433 1099 5489 continuo
1125 5441 1351 5488 asserat.
1381 5430 1569 5489 Genua
1590 5439 1773 5490 etenim
1811 5453 1877 5492 ea:
1902 5452 1956 5492 se
1978 5430 2165 5508 corpus

632 5579 647 5584 _
669 5505 740 5584 (e)
767 5508 912 5584 Lips.
938 5513 995 5560 et
1023 5507 1255 5584 Par._ex_
1273 5503 1485 5559 Erasmi
1536 5509 1776 5584 margine
1796 5550 1809 5573 ,
1840 5511 2173 5584 octingenae:

2366 5435 2433 5584 ἕξ)
2466 5437 2685 5522 Aliquot
2712 5430 2843 5494 mss.
2876 5438 3152 5495 recederet.
3253 5510 3267 5525 .

2394 5510 2447 5581 λ)
2478 5509 2733 5584 Plerique
2756 5525 2894 5584 mss.
2912 5526 3041 5584 cum
3066 5518 3296 5584 vulgatis
3315 5552 3332 5577 ,
3385 5504 3697 5584 eiusdemi”
3718 5512 3813 5584 ξοδ·

669 5505 740 5591 (ε)
767 5508 912 5588 Lips.
938 5513 995 5560 et
1023 5507 1144 5561 Par.
1177 5519 1246 5559 ex
1273 5505 1485 5559 Erasini
1536 5509 1776 5588 margine
1796 5550 1809 5573 ,
1840 5505 2144 5581 evangelicae
2168 5527 2172 5563 :

597 5579 1135 5657 obnuenuhusﬂtnas2
1148 5575 1260 5657 ﬁed
1282 5585 1339 5631 et
1366 5590 1528 5646 supra
1557 5580 1712 5657 tullio
1737 5595 1884 5657 utrm.
1904 5581 1975 5657 26
1996 5579 2160 5648 pra-di

2366 5505 2447 5584 (Ῐ)
2478 5505 2726 5581 Plerique
2756 5525 2887 5565 mss.
2912 5526 3034 5566 cum
3066 5510 3296 5636 vulgatis
3315 5552 3332 5577 ,
3387 5505 3697 5577 standum
3721 5512 3813 5554 m.

2292 5583 2667 5657 wmmaqur.
2699 5579 2899 5657 thitni
2925 5582 3129 5657 codicis
3203 5582 3581 5657 olbertinincc
3606 5589 3695 5657 non
3715 5571 3813 5657 (is:

597 5660 752 5730 catur
776 5648 1063 5737 apostolico
1098 5647 1266 5737 ﬁdes“,
1299 5649 1765 5737 ponetis-ogolica.
1802 5648 2061 5737 Nimirum
2102 5666 2189 5710 re-
2295 5653 2570 5736 maneusis
2596 5647 2932 5737 lirzelerinms
2968 5655 3420 5736 lectionetntqua
3452 5647 3636 5705 'llilarii
3681 5647 3812 5737 aptus:

601 5706 827 5790 spicitur
857 5718 986 5773 illud
1004 5706 1270 5788 Apustoii,
1304 5720 1358 5773 in
1384 5706 1721 5775 similitudine
1744 5721 1966 5777 hominis
1995 5706 2182 5795 factus,
2295 5706 2608 5780 enuntiatur:
2635 5706 2938 5788 sententia,
2972 5706 3089 5779 rem
3134 5706 3249 5795 iam
3274 5706 3595 5779 vincitoatam
3630 5706 3728 5786 qua!
3762 5706 3810 5763 id

601 5801 719 5863 etc.
740 5789 818 5863 (de
832 5804 937 5863 quo
968 5791 1229 5863 hactenus
1256 5791 1588 5863 disputatum
1611 5804 1714 5848 est.
2296 5797 2501 5853 exitum
2523 5794 2919 5863 perdueehatur
2944 5796 3255 5863 signiﬁCare
3276 5796 3536 5851 volentis:
3562 5788 3688 5862 quod
3716 5782 3809 5857 6³1·

598 5801 699 5847 etc.
743 5801 809 5845 ac
832 5804 937 5858 quo
968 5801 1229 5846 hactenus
1256 5801 1588 5863 disputatum
1611 5804 1714 5848 est.
2296 5801 2501 5853 exitum
2523 5801 2919 5871 perdueebatur
2944 5801 3255 5868 signitiCare
3276 5801 3536 5851 volentis:
3562 5801 3688 5862 quoa
3716 5801 3747 5857 ιε

606 5937 655 5959 ἀ.
672 5861 722 5939 (f
736 5859 1018 5959 )Ettdem
1047 5860 1136 5919 hic
1153 5869 1342 5934 aperte
1370 5863 1536 5927 habes
1554 5864 1907 5937 conﬁtentem
1919 5864 2191 5929 tristitiam
2299 5868 2401 5933 lico
2429 5866 2737 5934 diceremus
2758 5906 2775 5941 ,
2804 5869 2894 5944 qui
2917 5869 3149 5937 «enecuit
3175 5868 3238 5939 tte
3259 5883 3313 5927 se
3336 5864 3595 5944 repanda.
