3988 6332
146 294 254 350 575

1345 300 1435 358 DE
1474 300 1850 364 TRINITATI
1891 305 2097 365 LIBER
2152 308 2223 366 Χ.

3349 327 3454 385 574

145 423 205 469 ut
225 412 504 471 voluntate
525 412 709 473 calicis
737 413 1064 487 deprecandi
1092 417 1343 476 humana:
1379 419 1435 476 in
1461 435 1520 478 se
1542 421 1746 479 sollici-
1773 430 1825 489 Α
1851 423 2006 497 (Luc.
2038 442 2154 482 xxii
2173 468 2188 496 ,
2211 427 2277 483 51
2303 401 2487 502 11152).
2513 430 2620 489 Per
2647 435 2788 492 hunc
2825 437 2970 494 enim
3012 438 3233 496 calicem
3282 441 3457 499 domi-

146 505 352 566 tudinis
372 505 684 580 signiﬁcans
703 509 1042 565 consortium
1065 552 1079 577 ,
1135 514 1458 568 sententiam
1485 528 1516 570 a
1541 529 1600 569 se
1629 515 1748 571 uni-

144 611 216 657 ta:
238 601 344 657 sibi
391 603 808 674 communisque
859 617 983 659 cum
1035 603 1194 662 Patre
1243 621 1350 663 non
1411 606 1747 666 discerneret

144 693 466 751 voluntatis.
491 693 562 752 Ut
589 703 771 752 autem
801 710 907 752 non
941 712 1039 765 pro
1071 713 1130 754 se
1157 700 1370 770 precari
1416 699 1750 772 intelligere-

143 795 256 857 tur,
285 796 340 844 et
367 788 506 844 ratio
535 787 855 860 signiﬁcatus
906 791 1203 848 voluntatis
1227 808 1292 848 ac
1321 793 1406 864 (ιι)
1435 793 1748 865 deprecatio

143 897 254 940 non
285 880 600 938 obtinendae
624 890 772 938 eSset
800 883 854 938 iu
886 884 1178 952 absoluto;
1213 887 1314 942 hoc
1340 894 1513 943 totum
1555 889 1747 960 hujus-

139 975 291 1032 modi
323 975 600 1046 petitionis
629 993 741 1033 suae
767 979 936 1048 cmpit
963 979 1190 1036 exordio
1210 1021 1225 1046 ,
1263 979 1422 1037 Pater
1473 999 1642 1049 meus,
1702 984 1750 1040 si

139 1068 385 1138 possibile
410 1079 504 1124 cst.
539 1069 755 1142 Aliquid
780 1086 910 1142 ergo
939 1072 1086 1127 Patri
1120 1075 1468 1145 relinquitur,
1491 1076 1635 1145 quod
1691 1077 1740 1132 ei

137 1177 206 1220 an
240 1161 497 1232 pus‘sihile
518 1169 666 1218 esset
692 1164 958 1220 incertum
991 1164 1100 1219 sit?
1127 1166 1194 1221 Et
1219 1168 1263 1221 si
1292 1166 1421 1222 nihil
1455 1167 1599 1224 Patri
1647 1171 1748 1224 im-

137 1255 404 1328 possibile
428 1265 551 1324 est,
590 1256 997 1328 intelligendum
1025 1268 1111 1316 est
1155 1259 1222 1315 ad
1279 1261 1433 1330 cujus
1480 1263 1751 1318 conditio-

135 1365 266 1407 nem
291 1351 342 1406 id
377 1349 454 1422 (b)
481 1349 726 1421 quod,si
745 1353 994 1424 possibile
1043 1364 1138 1418 est,
1184 1355 1256 1410 sit
1309 1355 1580 1412 relictum.
1619 1357 1750 1413 Post

135 1443 299 1514 hujus
317 1444 464 1500 enim
484 1445 752 1502 orationis
772 1461 992 1518 precem
1025 1450 1270 1518 sequitur
1321 1466 1336 1502 :
1384 1448 1454 1505 Et
1499 1451 1632 1506 uenit
1678 1451 1749 1505 ad

134 1539 425 1610 discipulos
453 1555 606 1605 suos,
635 1547 684 1594 et
711 1540 902 1595 invenit
921 1557 1006 1596 eos
1033 1541 1376 1611 dormientes,
1428 1555 1476 1600 et
1525 1545 1597 1598 ait
1649 1543 1750 1600 Pe-

133 1643 214 1688 tro
237 1676 253 1698 ,
279 1632 408 1690 Non
437 1635 677 1706 potuistis
703 1651 807 1690 una
833 1636 961 1690 hora
987 1637 1202 1708 vigilare
1239 1654 1436 1693 mecum
1461 1638 1486 1692 ?
1528 1638 1751 1712 Vigilate

131 1735 182 1781 et
207 1735 463 1791 orate,ut
491 1743 594 1782 non
635 1727 838 1784 intretis
872 1731 1304 1788 intentationem.
1344 1730 1579 1800 Spiritus
1626 1733 1745 1804 qui-

1853 519 1994 574 nicai
2010 521 2280 591 passionis
2300 525 2547 580 tentandi
2591 542 2784 587 omnes
2838 539 3013 589 erant.
3043 533 3114 590 Et
3155 550 3254 607 pro
3294 536 3455 594 Petro

1851 611 2014 668 Pater
2036 622 2278 685 rogatur,
2306 632 2373 673 ne
2399 618 2616 676 deﬁciat
2637 621 2771 679 ﬁdes
2801 624 2918 696 ejus
2948 643 2962 681 :
2991 631 3052 683 ut
3075 630 3325 700 negantis
3367 633 3453 688 in-

1852 703 2097 763 (inuitati
2118 709 2203 764 vel
2232 708 2391 765 dolor
2416 712 2606 768 saltem
2663 715 2996 786 poenitentiae
3050 735 3159 776 non
3213 722 3450 792 abesset;

1857 794 1931 868 (e)
1951 813 2070 868 qua:
2091 798 2226 856 ﬁdes
2248 800 2301 856 in
2323 816 2390 858 eo
2417 819 2526 860 non
2556 805 2846 878 deﬁceret,
2875 811 3020 883 quod
3042 815 3351 884 pteniteret.

1925 971 2016 1029 39.
2053 973 2155 1042 Qui
2180 977 2341 1032 tristis
2369 995 2533 1050 usque
2562 981 2633 1036 ad
2661 995 2896 1042 mortem.
2927 987 3258 1047 -—Tristitia
3289 991 3453 1064 igitur

1855 1079 2022 1135 usque
2051 1067 2119 1123 ad
2147 1077 2378 1126 mortem
2409 1071 2638 1129 Domino
2666 1083 2784 1131 est:
2814 1080 2937 1149 quia
2980 1082 3031 1136 in
3062 1091 3268 1152 morte,
3301 1096 3453 1143 motu

1853 1168 2014 1216 teri-zu
2061 1161 2166 1217 diei
2209 1166 2485 1231 tenebris,
2517 1167 2840 1228 discissione
2894 1175 3028 1242 veli,
3078 1190 3455 1238 monumento-

1853 1272 1972 1311 rum
2007 1260 2378 1328 reseratione,
2421 1271 2755 1321 mortuorum
2795 1271 3194 1329 resurrectione
3249 1276 3452 1330 conﬁr-

1853 1349 2048 1404 manda
2070 1350 2182 1420 jam
2209 1354 2580 1422 apostolorum
2606 1357 2736 1413 lides
2750 1369 2928 1430 esset,
2953 1379 3111 1434 quam
3139 1375 3196 1421 et
3224 1366 3300 1441 (f)
3326 1385 3454 1426 noc-

1853 1447 2029 1496 turna:
2053 1445 2316 1499 custodia:
2339 1453 2536 1515 terror,
2561 1457 2616 1503 et
2643 1449 2696 1505 in
2718 1450 2946 1524 ﬂagellis
2971 1494 2985 1518 ,
3011 1457 3180 1528 alapis
3200 1500 3214 1525 ,
3242 1461 3413 1529 sputis
3435 1503 3450 1531 ,

1854 1548 2058 1590 corona
2088 1536 2273 1606 spinea
2294 1578 2310 1605 ,
2343 1539 2522 1596 crucis
2549 1556 2716 1598 onere
2737 1585 2753 1611 ,
2786 1552 2843 1600 et
2871 1542 3038 1601 totius
3065 1551 3336 1620 passionis
3364 1553 3449 1609 lii-

1853 1625 2121 1696 dibrium,
2175 1637 2231 1684 et
2279 1638 2557 1700 postremo
2605 1635 2910 1693 maledicta:
2957 1643 3136 1697 crucis
3173 1643 3452 1703 damnatio

1853 1730 2244 1778 commoveret.
2268 1722 2457 1781 Sciens
2478 1726 2640 1797 igitur
2665 1727 2926 1787 Dominus
2955 1732 3072 1790 haec
3119 1738 3299 1793 omnia
3329 1749 3454 1812 post

130 1821 250 1876 dem
278 1829 583 1893 promptus,
635 1838 756 1876 caro
801 1838 920 1878 vero
961 1824 1377 1895 inﬁrma_(lbid.
1409 1824 1480 1882 40
1518 1836 1566 1881 et
1619 1826 1739 1900 41).
1774 1835 1822 1896 Β
1855 1815 2162 1885 passionem
2192 1831 2345 1874 suam
2369 1817 2447 1894 (g)
2479 1821 2842 1893 destitutura,
2889 1826 3012 1883 ideo
3062 1837 3119 1885 et
3163 1847 3338 1903 usque
3381 1836 3450 1892 ad

128 1913 289 1971 Anne
314 1913 496 1970 adhuc
517 1914 758 1972 tristitia:
783 1929 966 1981 causa,
992 1916 1072 1989 (1)
1103 1924 1159 1972 et
1179 1917 1537 1976 transferendi
1559 1920 1746 1976 calicis

129 2009 526 2080 deprecatioin
546 2009 782 2066 obscuro
811 2011 935 2068 est?
963 2011 1188 2082 Vigilari
1237 2012 1384 2070 enim
1435 2027 1621 2070 secum
1669 2015 1742 2071 ob

129 2103 238 2160 hoc
255 2103 416 2174 jubet
436 2111 492 2160 et
519 2108 662 2160 orari
681 2145 698 2172 ,
730 2106 866 2161 nein
888 2108 1248 2164 tentatiouem
1279 2109 1518 2178 intrent,
1544 2111 1740 2180 spiritu

130 2197 356 2270 quidem
387 2205 674 2268 prompto,
701 2198 798 2256 sed
823 2200 1032 2256 inﬁrma
1080 2215 1266 2258 carne.
1308 2201 1444 2258 Nam
1497 2202 1588 2274 qui
1634 2218 1744 2260 non

131 2289 602 2347 scandalizaturos
625 2305 684 2346 se
705 2306 803 2362 per
827 2294 1188 2350 constantiam
1231 2294 1406 2350 ﬁdelis
1451 2297 1742 2353 conscien-

130 2383 226 2439 tia:
245 2383 668 2454 pollicebantur,
703 2385 755 2441 in
779 2387 1040 2442 seandalo
1069 2403 1164 2458 per
1193 2388 1567 2446 inﬁrmitatem
1621 2407 1743 2446 car-

134 2479 223 2532 nis
245 2485 410 2533 erant
465 2477 652 2534 futuri.
677 2477 792 2535 Non
823 2495 954 2552 ergo
977 2481 1076 2536 sibi
1101 2483 1273 2538 tristis
1303 2490 1416 2548 est,
1451 2500 1630 2556 neque
1667 2486 1744 2541 si-

127 2570 183 2626 bi
206 2577 370 2636 orat;
395 2570 489 2626 sed
521 2571 626 2627 illis
651 2586 787 2642 quos
819 2582 1005 2629 monet
1030 2589 1190 2630 orare
1213 2576 1504 2648 pervigiles
1524 2620 1538 2645 ,
1593 2594 1659 2634 ne
1686 2581 1739 2635 in

126 2679 225 2722 eos
247 2663 395 2719 calix
425 2664 694 2735 passionis
735 2666 1012 2721 incumbat
1066 2683 1081 2723 :
1134 2683 1294 2740 quem
1341 2683 1372 2724 a
1414 2684 1476 2726 se
1509 2672 1744 2729 transire

125 2765 254 2814 orat
278 2798 292 2816 .
326 2771 395 2813 ne
419 2756 472 2812 in
499 2757 583 2814 his
610 2757 821 2814 scilicet
850 2767 1086 2816 maneat.

197 2848 378 2924 35.8
402 2851 491 2907 38.
523 2849 630 2906 Cur
649 2852 784 2908 dicat
807 2853 851 2908 si
882 2853 1137 2923 possibile
1164 2861 1268 2910 est.
1299 2884 1372 2898 —-
1397 2854 1606 2913 Idcirco
1635 2873 1734 2914 au-

126 2951 241 3000 tem
280 2944 560 2999 translerri
587 2958 711 3000 eum
732 2985 747 3008 .
780 2945 825 2999 si
852 2943 1106 3015 possibile
1131 2955 1308 3014 esset,
1338 2962 1368 3002 a
1403 2961 1463 3003 se
1493 2957 1744 3019 precatus

126 3044 214 3094 est
248 3036 413 3105 :quia
435 3051 557 3092 cum
592 3036 931 3122 impossibile
953 3036 1070 3094 Deo
1109 3038 1241 3094 nihil
1270 3039 1380 3106 sit,
1435 3040 1576 3096 sicut
1621 3042 1739 3111 ipse

125 3131 245 3185 ait:
282 3125 462 3196 Pater,
492 3130 755 3201 possibilia
777 3130 869 3189 tibi
897 3132 1069 3186 omnia
1089 3141 1206 3186 sunt
1233 3130 1427 3205 (Μαῖα.
1458 3149 1572 3200 ιιν,
1601 3132 1694 3206 56)
1720 3150 1735 3200 ;

126 3223 476 3294 impossibile
503 3231 685 3284 tamen
714 3224 916 3282 homini
941 3233 1028 3282 est
1050 3227 1318 3295 passionis
1363 3235 1576 3284 terrore
1630 3246 1737 3286 non
1765 3239 1811 3303 α

127 3317 319 3385 vinci,
353 3333 454 3374 nec
480 3319 653 3388 possit
680 3318 782 3374 nisi
809 3334 906 3390 per
951 3321 1324 3390 probationem
1382 3322 1516 3380 ﬁdes
1565 3324 1737 3381 nosci.

127 3414 314 3484 Atque
345 3412 470 3469 ideo
499 3420 556 3468 et
585 3428 681 3483 pro
711 3413 1018 3470 hominibus
1039 3423 1098 3470 ut
1143 3415 1306 3472 homo
1350 3416 1465 3472 vult
1511 3419 1740 3475 calicem

128 3507 379 3564 transire
396 3545 414 3572 ,
439 3513 494 3564 et
519 3515 580 3562 ut
600 3505 695 3561 Dei
727 3521 793 3564 ex
827 3507 935 3562 Deo
961 3507 1217 3564 voluntas
1239 3506 1458 3565 eﬁ‘ectui
1495 3517 1741 3580 paternae

128 3598 433 3655 voluntatis
459 3597 532 3670 (c)
568 3598 766 3654 uuitur.
796 3599 848 3653 ld
872 3606 1050 3655 autem
1078 3600 1222 3670 quod
1273 3601 1370 3669 ait,
1407 3603 1453 3656 si
1502 3603 1742 3672 possibile

125 3707 226 3763 est,
260 3693 556 3750 manifeste
607 3694 662 3749 in
716 3708 782 3749 eo
837 3691 1022 3749 docuit
1073 3694 1216 3766 quod
1255 3695 1330 3751 ait
1357 3695 1515 3752 Petro
1563 3696 1742 3753 :Ecre

127 3799 347 3846 satanas
372 3788 640 3860 expetivit,
667 3798 722 3842 ut
743 3804 831 3842 vos
884 3787 964 3860 (ά)
1010 3798 1235 3843 cerneret
1281 3789 1412 3843 sicut
1466 3791 1740 3847 triticum:

128 3900 227 3958 ego
247 3893 429 3939 autem
476 3882 652 3954 rogari
673 3898 769 3954 pro
798 3891 881 3950 te,
929 3890 986 3938 ut
1035 3898 1139 3938 non
1182 3883 1418 3951 deﬁceret
1471 3885 1601 3957 fides
1654 3895 1743 3941 tua

200 4025 285 4098 (1)
314 4023 398 4098 1ηῄ
409 4022 692 4098 anteriori,
725 4021 1046 4098 transeundi;
1079 4037 1229 4078 num.
1249 4021 1342 4093 ιο,
1369 4033 1483 4094 post
1505 4024 1738 4095 transfe-

126 4095 279 4154 rendi
312 4096 491 4151 colicis
514 4095 937 4168 deprecationem.

205 4212 290 4285 (α)
323 4211 488 4265 Solus
516 4208 688 4266 codex
717 4208 839 4264 Vat.
898 4209 1014 4264 bas.
1068 4210 1461 4282 deprecationis.
1514 4211 1737 4267 Rectius

187 4287 262 4337 ii.
295 4283 595 4337 deprecatio
619 4297 720 4336 non
750 4281 1037 4337 obtinendae
1058 4324 1074 4337 .
1130 4283 1352 4337 sunule.
1406 4284 1684 4337 voluntatis
1719 4299 1740 4337 :

128 4281 276 4349 alii,
295 4283 595 4352 deprecatio
619 4297 720 4336 non
750 4281 1037 4338 obtinendae
1058 4324 1074 4348 ,
1130 4283 1352 4353 supple,
1406 4284 1684 4338 voluntatis
1719 4299 1740 4340 :

131 4359 183 4415 id
216 4365 342 4428 est.
376 4354 685 4428 deprecatio
713 4363 894 4409 utnon
921 4355 1270 4423 concedatur,
1295 4353 1438 4428 quod
1469 4356 1637 4412 voluit
1677 4370 1741 4412 ac

133 4427 358 4500 rogavit
395 4436 453 4500 ut
482 4425 664 4500 homo.

205 4496 292 4569 (ὁ)
324 4497 461 4569 Bad.
481 4506 538 4552 et
569 4496 660 4569 Er.
691 4513 812 4553 cum
841 4511 944 4553 ms.
976 4497 1228 4564 Carnut.,
1258 4501 1393 4569 quod
1414 4501 1458 4555 si
1493 4501 1740 4569 impossi-

131 4573 236 4628 bile
263 4568 369 4628 est.
406 4568 541 4642 Tum
571 4568 717 4642 Lips.
755 4585 852 4638 pro
872 4569 949 4633 si,
985 4568 1380 4626 substituit’sibi
1399 4589 1419 4628 :
1445 4568 1742 4642 quaelectio

130 4644 342 4700 exinde
372 4641 628 4696 obtinuit.
657 4640 850 4695 Plures
901 4655 933 4696 e
985 4643 1380 4697 recentioribus
1431 4640 1560 4698 mss.

130 4713 392 4790 possibile
421 4721 510 4767 est.
543 4711 920 4790 Quidamalii”,
953 4714 1542 4790 quodjmpossibileest.
1576 4711 1740 4790 Magis

129 4783 330 4860 placet
357 4801 494 4860 runt
513 4799 646 4860 Itiss.
667 4783 848 4860 Cplb.,
868 4785 1063 4860 _i_'.orl).,
1090 4783 1302 4860 Certim
1357 4787 1501 4860 Prat.
1523 4795 1642 4860 etc.
1663 4783 1744 4840 vid

129 4854 277 4930 quod
312 4855 536 4930 (supple
559 4856 654 4930 ait)
679 4857 724 4908 si
742 4854 980 4930 possibile
1007 4867 1080 4930 est
1107 4871 1127 4909 :
1174 4855 1238 4930 id;
1283 4869 1397 4924 est,
1452 4858 1742 4913 videndum

129 4927 305 5002 quem
327 4927 728 5002 respiciatista
758 4927 1073 5002 deprecatio
1103 4927 1502 5002 conditiouata,
1536 4931 1580 4984 si
1625 4946 1744 5002 pos-

1850 1917 2082 1964 ntortem
2113 1910 2286 1967 tristis
2309 1919 2395 1969 est
2416 1931 2430 1966 :
2458 1921 2515 1970 et
2537 1915 2642 1972 scit
2657 1915 2802 1973 hunc
2820 1919 3044 1977 calicem
3074 1927 3310 1982 transire
3333 1943 3442 1986 non

1849 2014 2031 2072 posse,
2063 1999 2262 2073 (bjuisi
2291 2004 2506 2074 biberit,
2534 2006 2721 2066 dicens
2751 2029 2764 2068 :
2791 2009 2954 2068 Pater
2976 2031 3154 2085 meus,
3210 2033 3313 2073 non
3357 2037 3453 2093 po-

1849 2101 1946 2149 test
1968 2094 2108 2150 culis:
2137 2095 2230 2152 iste
2259 2099 2478 2155 transire
2496 2115 2529 2152 a
2559 2116 2638 2155 me
2667 2103 2768 2158 nisi
2792 2102 2962 2161 bibam
2986 2107 3136 2182 illum
3183 2126 3203 2166 :
3243 2111 3337 2182 ﬁat
3362 2128 3452 2167 uo-

1849 2186 2024 2242 luntas
2051 2197 2141 2244 tua
2165 2187 2384 2258 (Matth.
2419 2206 2583 2261 xxvr,
2611 2192 2706 2268 lit)
2742 2180 3449 2262 :consummataiusesci-

1849 2276 1977 2334 licet
2007 2280 2260 2350 passione
2285 2289 2489 2340 metum
2545 2285 2727 2344 calicis
2766 2293 3158 2361 transiturum,
3207 2299 3301 2368 qui
3345 2299 3449 2356 nisi

1847 2387 1970 2428 eum
2000 2373 2260 2442 bibisset,
2292 2378 2524 2434 transire
2570 2395 2676 2436 non
2699 2391 2888 2452 posset
2936 2401 2950 2440 :
3008 2386 3172 2444 finem
3223 2394 3450 2450 terroris

1846 2465 1964 2537 ejus
1992 2465 2057 2540 (ἱ)
2082 2483 2190 2524 non
2215 2470 2316 2524 nisi
2348 2482 2737 2530 consummatae
2777 2475 2832 2532 in
2867 2493 2926 2534 se
2950 2482 3215 2549 passionis
3239 2491 3450 2543 terrore

1846 2562 2170 2631 succedere;
2201 2568 2326 2635 quia
2355 2575 2477 2635 post
2505 2582 2610 2622 lllOl
2626 2576 2734 2624 tem
2762 2571 2910 2640 ejus,
2939 2569 3018 2644 (2)
3046 2589 3143 2642 per
3187 2577 3449 2636 virtutum

1843 2655 2093 2726 gloriam,
2119 2656 2428 2727 apostolica:
2459 2658 2786 2717 inﬁrmitatis
2799 2664 3106 2720 scandalum
3129 2668 3448 2737 pelleretur.

1915 2747 2006 2804 40.
2028 2745 2132 2804 Cur
2151 2752 2412 2820 apostolos
2441 2754 2666 2808 dormire
2680 2757 2799 2827 jam
2825 2756 2980 2812 sinat.
3033 2789 3103 2800 —
3152 2760 3224 2816 Et
3252 2777 3447 2833 quam-

1845 2855 2008 2912 quam
2039 2843 2090 2897 iu
2115 2857 2180 2898 eo
2203 2843 2348 2915 quod
2371 2845 2482 2910 ait:
2509 2844 2632 2900 Fiat
2659 2847 2896 2903 voluntas
2924 2863 3013 2905 tua
3038 2891 3053 2917 ,
3084 2852 3138 2906 in
3159 2854 3367 2921 calicis,
3394 2857 3446 2911 id

1845 2942 1951 3001 est,
1985 2937 2249 3006 paSsionis
2272 2952 2382 2993 sua:
2411 2939 2687 3002 seandalo.
2719 2943 2992 3010 apostolos
3016 2947 3332 3015 permittens
3353 2965 3452 3020 pa-

1845 3035 2014 3084 terna:
2042 3031 2334 3088 voluntatis
2354 3031 2520 3104 349
2543 3032 2792 3100 arbitrio;
2811 3042 2992 3091 tanien
3014 3039 3177 3102 etiam
3200 3042 3449 3111 repetitas

1844 3123 2008 3178 tertio
2035 3123 2297 3180 orationis
2319 3139 2481 3195 prece
2510 3141 2640 3181 usus
2661 3138 2744 3182 est
2773 3145 2787 3182 :
2814 3137 3100 3200 postquam
3149 3133 3228 3186 ait
3261 3151 3274 3188 :
3302 3133 3444 3188 Dor-

1845 3217 1964 3272 ntite
1983 3220 2131 3290 jant,
2156 3229 2202 3274 et
2227 3221 2528 3291 requiescite
2559 3219 2722 3292 (Ibid.
2754 3221 2870 3295 45).
2927 3223 3049 3281 Non
3102 3226 3248 3283 enim
3286 3236 3444 3285 extra

1847 3311 2074 3367 rationis
2096 3311 2324 3383 alicujus
2344 3313 2572 3370 interna:
2597 3317 2986 3375 conscientiam
3005 3359 3019 3384 ,
3044 3319 3136 3391 qui
3162 3329 3321 3378 antea
3349 3336 3448 3379 eos

1847 3405 2182 3465 dormientes
2210 3409 2578 3494 coarguisset,
2610 3429 2753 3468 nunc
2789 3414 2901 3484 jam
2959 3415 3199 3472 dormire
3254 3425 3311 3474 et
3361 3433 3450 3476 re-

1847 3511 2130 3582 quiescere
2146 3511 2321 3582 jubet.
2351 3507 2458 3565 Sed
2487 3510 2896 3582 intelligentiam
2927 3513 3082 3571 nobis
3109 3515 3282 3572 Lucas
3344 3516 3445 3572 ad-

1848 3603 2172 3660 hortationis
2195 3606 2348 3662 istius
2377 3607 2631 3664 tribuisse
2681 3608 3022 3666 existimatur
3053 3628 3067 3664 :
3096 3611 3187 3682 qui
3216 3626 3338 3666 cum
3365 3610 3448 3666 di-

1849 3700 2054 3768 xisset,
2079 3712 2324 3758 satanam
2372 3703 2646 3773 expetisse
2673 3711 2732 3759 ut
2750 3705 3026 3774 apostolos
3063 3706 3226 3762 modo
3277 3705 3447 3762 tritici

1849 3800 2132 3858 cerneret,
2162 3803 2218 3849 et
2235 3794 2523 3850 Dominum
2555 3811 2652 3867 pro
2682 3797 2786 3853 ﬁde
2812 3797 2994 3867 Petri,
3037 3813 3106 3854 ne
3148 3797 3439 3866 deﬁceret,

1849 3896 2062 3944 oratum
2084 3887 2288 3958 fuisse;
2317 3890 2548 3961 subjecit
2569 3899 2693 3962 post
2720 3893 2946 3950 multam
2978 3893 3189 3950 Domini
3221 3907 3440 3964 precem

1917 4028 2000 4102 (2)
2034 4026 2140 4084 Per
2166 4029 2372 4086 virtutis
2396 4028 2657 4102 gloriam.l

1845 4225 1915 4294 es
1941 4208 2062 4264 aliis
2081 4207 2284 4334 Chriasti
2304 4207 2486 4265 verbis
2513 4207 2773 4266 adversus
2801 4209 3024 4268 eosdem
3054 4210 3274 4271 conﬁcit
3300 4211 3439 4269 Fati.

1848 4294 2025 4334 SllnlIS
2051 4295 2170 4334 can.
2244 4321 2256 4334 .

1848 4294 2025 4338 stinns
2051 4295 2170 4349 cap.
2202 4294 2256 4334 ι.

1921 4351 2004 4427 (d)
2037 4351 2522 4427 Antiquior-codex
2543 4352 2703 4409 Colb.
2749 4363 2803 4427 et
2857 4352 2950 4409 alii
2997 4369 3104 4410 non
3156 4355 3446 4427 deterioris

1849 4424 2274 4490 notaé,ventilet.
2322 4424 2539 4494 Aliquot
2570 4426 2931 4493 recentiores,
2987 4428 3253 4484 cribraret.
3305 4424 3442 4484 Ver-

1850 4499 1982 4572 bunt
2010 4505 2240 4550 cerneret
2261 4511 2474 4551 rursum
2501 4495 2820 4572 liabcsinlra
2846 4512 2996 4553 num.
3028 4499 3118 4566 40,
3141 4499 3232 4555 ubi
3260 4501 3310 4556 in
3327 4503 3445 4572 qui-

1850 4569 2074 4645 busdam
2107 4583 2236 4622 mss.
2265 4583 2293 4621 a
2321 4569 2556 4624 secunda
2577 4581 2738 4625 manu
2769 4585 3053 4642 perperam
3111 4569 3444 4645 adscriptum

1604 4645 1740 4713 quod
1767 4645 1820 4705 Ι)
1845 4653 1926 4695 est
1956 4641 2220 4713 cribrnret.

1917 4713 1989 4784 (ε)
2010 4711 2401 4788 _Sic_plures_a_c
2429 4713 2667 4782 potiores
2689 4725 2817 4788 mss.
2845 4714 3060 4788 Atediti
3083 4757 3096 4777 ,
3129 4717 3252 4788 quia
3283 4717 3432 4785 fides.

1844 4781 1978 4858 Cum
2005 4783 2279 4838 Scultctus
2302 4781 2561 4846 Hilarium
2588 4783 2975 4858 reprehendit,
3029 4781 3174 4858 quod
3221 4781 3438 4844 Petrum

1849 4857 1927 4930 sic
1949 4869 2210 4930 excusare
2233 4866 2482 4920 conetur,
2509 4855 2661 4930 quasi
2685 4854 2953 4911 Christum
3009 4854 3115 4913 non
3185 4861 3392 4930 negarit
3423 4878 3438 4915 :

1849 4927 1966 4982 hinc
1987 4927 2281 5003 verbahnec
2307 4941 2413 4980 non
2445 4928 2724 4997 superiora
2757 4943 2903 4983 num.
2939 4930 3028 4997 57,
3064 4927 3440 5003 proculdubio

129 4997 293 5058 sibilc
322 5010 401 5056 est
425 5009 530 5052 etc.
565 4997 664 5053 Hic
683 4998 827 5054 enim
856 4998 910 5052 id
929 4998 1066 5068 quod
1090 5000 1311 5069 perinde
1340 5011 1421 5057 est
1445 5043 1456 5065 ,
1482 4997 1642 5074 atque
1685 5004 1746 5059 τὸ
1848 4997 2225 5074 noii_at_tendit.

129 5075 488 5131 Graecorum.

209 5146 293 5219 (ε)
336 5146 456 5219 Ern,
490 5140 641 5219 Lips.
675 5149 730 5196 et
758 5141 908 5208 Par.,
936 5142 1167 5219 uitiatur.
1203 5142 1425 5219 Rectius
1461 5141 1594 5199 Bad.
1627 5159 1750 5200 cum

132 5213 278 5274 mss.
307 5217 492 5270 sinitur
520 5229 539 5268 :
567 5214 670 5269 hoc
698 5223 810 5278 est,
859 5221 910 5267 ut
967 5213 1131 5269 homo
1159 5215 1276 5270 vult
1318 5217 1539 5271 calicem
1571 5225 1745 5271 trans-

131 5292 220 5346 ire
245 5332 262 5354 ,
300 5287 402 5342 sed
427 5295 484 5340 ut
534 5287 675 5368 Deus
704 5301 768 5369 es
795 5285 904 5368 Deo
937 5296 1178 5369 paternae
1232 5288 1494 5342 voluntati
1540 5287 1746 5369 uuitur.
1855 5285 2217 5369 Verius“alii,
2249 5285 2592 5369 destitutum,
2622 5287 2872 5369 passive;
2916 5307 2927 5369 ε

1331 5375 1506 5428 neque
1549 5359 1750 5415 habent
1851 5355 2611 5428 scandalizaturum.Nostraz
2641 5357 2758 5413 hinc
2807 5355 2967 5414 lectio
3004 5355 3354 5414 confirmatur
3375 5355 3442 5417 ex

136 5363 364 5434 Duplex
397 5359 560 5434 igitur
599 5358 651 5410 in
704 5356 920 5434 Christo
969 5357 1220 5434 voluntas
1266 5377 1278 5412 :

130 5429 339 5488 Ariani
368 5431 511 5485 unde
531 5443 592 5484 se
619 5429 938 5498 expediant,
969 5430 1057 5499 qui
1081 5443 1202 5484 cum
1225 5443 1331 5485 non
1357 5429 1624 5500 recipiant
1645 5431 1749 5486 nisi

131 5507 394 5566 unicam,
415 5501 553 5555 hanc
575 5500 760 5555 volunt
781 5501 948 5565 ipsius
966 5501 1265 5556 divinitatis
1287 5503 1748 5570 esseorationem,

137 5576 207 5634 Ut
230 5576 390 5630 enim
421 5571 771 5644 luseAdisserit
796 5572 1214 5644 Chrysostonius
1247 5575 1393 5629 hom.
1424 5589 1592 5644 χχιιι,
1613 5573 1673 5628 Τ.
1712 5589 1753 5640 ι,

136 5651 190 5706 si
221 5647 494 5702 divinitas
525 5641 729 5699 Christi
761 5644 863 5698 hoc
885 5641 1092 5710 oravit;
1116 5643 1292 5699 Patris
1312 5655 1368 5700 et
1388 5643 1590 5700 Chriin
1642 5661 1750 5700 non

137 5737 254 5774 una
288 5760 306 5782 ,
345 5718 438 5788 sed
467 5718 739 5788 contraria
779 5713 883 5768 erit
911 5716 1158 5770 voluntas
1212 5735 1224 5770 :
1259 5717 1503 5788 adeoque
1555 5720 1752 5772 frustra

138 5792 282 5850 illud
306 5831 326 5854 ,
362 5787 470 5860 Ego
499 5799 547 5842 et
574 5784 729 5842 Pater
748 5803 910 5840 unum
934 5803 1111 5841 sumus
1132 5828 1167 5860 ,γ
1190 5784 1428 5860 (propter
1461 5787 1753 5844 voluntatis

141 5858 428 5922 unitatem
451 5860 651 5924 dictum
677 5858 1331 5934 interpretantur..Simile
1376 5870 1752 5935 argumentum

1947 5069 1992 5144 ί)
2022 5069 2328 5144 Esemplar.
2359 5068 2621 5144 Cornuti
2641 5081 2908 5127 nocturna:
2927 5073 3132 5144 vigilite.

1948 5139 2003 5214 ᾖ)
2032 5141 2179 5210 Lips.
2208 5149 2261 5196 et
2288 5139 2409 5215 Par.
2462 5157 2528 5215 ex
2584 5142 2791 5198 Erasmi
2838 5139 3084 5215 margine
3112 5187 3126 5214 ,
3183 5145 3436 5202 desitum.

1852 5211 2010 5278 Bad.,
2041 5215 2159 5278 Er.,
2185 5227 2288 5266 ms.
2324 5211 2444 5266 Vat.
2473 5213 2616 5279 bas.,
2649 5225 2704 5270 et
2735 5211 3121 5284 quidam'alii,
3170 5219 3438 5272 destitura.

1855 5285 2067 5358 Verius;
2093 5284 2217 5346 alii,
2249 5284 2592 5358 destitutum,
2622 5287 2832 5358 passive
2858 5305 2872 5353 ;
2920 5288 3192 5358 quomodo
3247 5303 3405 5356 supra
3425 5332 3441 5357 ,

1858 5429 1942 5484 his
1973 5443 2123 5506 nunt.
2151 5426 2220 5482 56
2249 5446 2261 5480 :
2297 5427 2436 5506 Adeo
2465 5441 2635 5506 autem
2657 5445 2755 5484 non
2784 5439 2994 5500 propter
3014 5440 3449 5506 mortemsuscep-

1858 5509 1911 5555 ta
1939 5501 2144 5555 tristitia
2169 5510 2333 5565 est,ut
2362 5500 2427 5554 sit
2467 5501 2704 5556 destituta
2728 5518 2819 5570 per
2842 5511 3076 5558 mortem.

1930 5571 2098 5648 (blla
2116 5572 2357 5648 vulgatis
2373 5613 2386 5637 ,
2410 5572 2521 5648 nisi
2535 5572 2719 5648 biberet
2797 5583 2849 5648 et
2873 5588 2995 5648 mox
3015 5613 3029 5637 ,
3059 5573 3238 5648 sinon
3262 5585 3447 5648 potest.

1863 5643 2196 5717 Concinnius
2227 5645 2278 5717 in
2303 5659 2434 5717 mss.
2467 5645 2567 5700 nisi
2592 5644 2802 5717 biberit,
2833 5645 3007 5717 idest,
3030 5645 3132 5700 nisi
3161 5643 3447 5717 postquam

1865 5715 2058 5771 biberit
2087 5733 2099 5769 :
2133 5730 2196 5770 ac
2227 5714 2447 5781 deinde,
2468 5717 2668 5770 omisso
2698 5715 2762 5780 si,
2792 5716 2869 5770 rei
2903 5715 3063 5787 hujus
3091 5714 3317 5775 scicntia
3344 5721 3452 5776 cla—

1855 5789 1971 5843 rius
1999 5788 2327 5842 enuntiatur.

1945 5858 2011 5932 (ἱ)
2034 5858 2090 5915 lu
2121 5859 2333 5916 excusis
2356 5899 2372 5927 ,
2395 5874 2500 5914 non
2531 5857 2635 5914 nisi
2664 5857 2828 5928 ﬁnito.
2863 5858 3033 5918 Abest
3055 5860 3202 5931 ﬁnito
3248 5879 3278 5920 a
3328 5878 3461 5923 mss.
