3988 6332
535 249 645 307 5ῖό

1734 251 1975 310 SANCTI
2016 251 2269 309 HILARII
2312 252 2617 314 EPISCOPI

3691 275 3769 331 576

538 369 791 443 angelum
858 367 936 444 (α)
996 368 1270 425 adstitisse
1337 368 1732 425 conlortantem
1810 385 1969 437 eum;
2038 371 2491 444 qqupolestas
2516 378 2591 450 (e)
2645 392 2751 434 non
2805 378 3100 436 secundum
3157 390 3362 439 natura:
3384 387 3771 450 consuetudinem

536 463 834 521 assistente
867 477 1025 517 orare
1048 461 1310 531 prolixius
1337 462 1564 531 coeperit
1584 504 1600 529 ,
1626 462 1695 517 ita
1727 471 1785 518 ut
1809 465 1978 534 guttis
2016 479 2141 520 san-

537 560 762 632 guinum
793 556 1039 625 corporis
1065 555 1233 612 sudor
1255 555 1504 611 efﬂueret
1525 555 1680 630 (Luc.
1701 572 1814 612 χιιι
1832 598 1848 625 ,
1875 556 1946 613 45
1976 568 2024 612 et
2049 558 2141 629 44)

538 652 704 708 Misso
734 650 877 706 enim
909 648 974 703 ad
1007 650 1288 706 tuitionem
1316 649 1687 719 apostolorum
1726 652 1937 721 angelo,
1968 658 2023 707 et
2050 667 2145 722 per

542 760 668 802 eum
699 742 1003 798 confortato
1035 741 1296 809 Domino,
1326 757 1395 797 ne
1419 756 1517 812 pro
1544 743 1626 796 his
1646 743 1820 800 tristis
1846 754 2022 812 esset,
2064 744 2143 818 (l)

542 836 655 908 jam
684 835 802 891 sine
826 833 902 907 (ὁ)
936 833 1177 889 tristitia:
1196 843 1341 889 metu
1368 834 1477 889 ait:
1511 834 1743 890 Dorntite
1763 840 1909 910 jam,
1967 846 2012 891 et
2036 853 2145 891 .rc-

546 932 812 1005 quiescile.
836 932 917 987 De
945 932 1137 1001 angelo
1164 930 1383 1003 quidem
1419 930 1703 986 Matthzrtts
1732 939 1789 986 et
1833 932 2042 988 Marcus
2091 939 2149 988 et

544 1030 615 1087 de
636 1030 971 1100 expetitione
996 1030 1195 1085 diaboli
1243 1028 1377 1085 nihil
1425 1029 1591 1085 locuti
1644 1037 1770 1084 sunt
1818 1046 1831 1083 :
1879 1028 1975 1085 sed
2028 1036 2150 1100 post

547 1124 828 1181 tristitiam
854 1123 1049 1178 animm
1066 1164 1081 1190 ,
1110 1130 1238 1194 post
1261 1122 1645 1177 dormientium
1676 1121 2107 1194 obiurgationem
2132 1164 2147 1190 ,

544 1226 673 1288 post
697 1216 1058 1274 transferendi
1079 1216 1265 1272 calieis
1289 1214 1757 1287 deprecationem,
1810 1230 1917 1270 non
1951 1230 2018 1271 ex
2068 1215 2150 1269 ni-

545 1309 664 1366 hilo
677 1308 1065 1367 dormientium
1089 1308 1401 1365 adhortatio
1426 1308 1713 1364 subsecuta
1734 1316 1821 1365 est
1839 1351 1852 1371 ,
1878 1308 1978 1363 nisi
2007 1307 2149 1378 quod

547 1406 948 1462 cumaluturus
971 1404 1040 1459 ab
1068 1402 1150 1459 his
1192 1411 1369 1471 esset,
1399 1411 1455 1458 et
1484 1402 1675 1458 indulti
1705 1402 1899 1472 Angeli
1933 1401 2150 1457 confor-

549 1506 699 1553 tatus
726 1496 965 1569 ausilio,
992 1496 1289 1553 securitate
1336 1495 1409 1569 (c)
1458 1495 1723 1552 custodite
1767 1494 2153 1551 custodiendos

550 1562 904 1665 permitteth
930 1562 983 1644 in
1016 1603 1288 1645 somnum.

623 1685 714 1745 ﬂ.
756 1685 838 1742 De
878 1686 1066 1744 sudore
1101 1688 1372 1759 sanguinis
1415 1695 1460 1742 et
1505 1687 1727 1743 adventu
1769 1685 1942 1758 angeli
1977 1685 2051 1740 nil
2096 1686 2151 1739 in

552 1780 787 1852 pluribus
835 1778 1000 1836 libris.
1092 1777 1388 1848 lnﬁrmitas
1445 1777 1640 1834 Christi
1702 1794 1970 1849 perperam
2038 1777 2158 1832 inde

553 1872 837 1944 colligitur.
885 1901 958 1912 —
1006 1870 1120 1927 Nec
1147 1886 1281 1927 sane
1310 1870 1666 1942 ignorandmn
1696 1886 1726 1925 a
1755 1870 1912 1926 nobis
1950 1878 2054 1933 est,
2102 1877 2159 1924 et

554 1965 610 2021 in
635 1965 830 2037 graecis
871 1973 929 2021 et
968 1965 1024 2020 in
1062 1964 1249 2021 latinis
1283 1964 1562 2020 codicibus
1604 1964 1980 2035 complurimis
2003 2006 2017 2031 ,
2074 1964 2159 2019 vel

552 2061 625 2117 de
650 2060 974 2116 adveniente
997 2061 1195 2131 angelo
1224 2101 1239 2125 ,
1304 2060 1391 2115 vel
1424 2058 1492 2115 de
1537 2058 1738 2115 sudore
1769 2059 2048 2131 sanguinis
2082 2058 2160 2114 nil

553 2153 819 2224 scriptum
851 2152 1099 2223 reperiri.
1149 2151 1561 2224 Ambigentibus
1591 2153 1773 2225 igitur,
1829 2163 2008 2208 utrum
2057 2151 2162 2209 hoc

554 2246 612 2302 in
662 2245 819 2302 libris
862 2245 1030 2301 variis
1062 2255 1151 2300 aut
1201 2244 1363 2312 desit,
1420 2255 1513 2301 aut
1546 2245 1893 2316 superfluum
1939 2245 2011 2302 sit
2056 2246 2163 2318 (in-

555 2346 769 2396 certum
793 2337 939 2395 enim
972 2338 1076 2394 hoc
1104 2338 1260 2395 nobis
1291 2339 1712 2410 relinquitur.de
1758 2338 2073 2395 diversitate
2101 2339 2164 2395 li-

556 2431 825 2502 brorum),
877 2440 1028 2489 certe
1053 2432 1251 2504 siquid
1300 2432 1405 2489 sibi
1446 2449 1513 2491 ex
1544 2437 1647 2490 hoc
1675 2432 1901 2491 haeresis
1942 2435 2153 2492 blandi-

558 2534 669 2592 tur,
700 2534 758 2581 ut
782 2524 1060 2581 infirmum
1086 2524 1357 2591 afﬁrmet,
1406 2526 1498 2582 cui
1524 2541 1660 2597 opus
1682 2526 1843 2583 fuerit
1871 2526 2055 2599 angeli
2085 2527 2164 2602 (2)

558 2614 922 2676 conlortantis
951 2616 1188 2685 auxilio;
1247 2618 1553 2674 meminerit
1583 2616 1902 2675 Creatorem
1942 2619 2167 2691 angelo~

560 2725 682 2767 rum
710 2710 1005 2766 creationis
1029 2724 1143 2766 sua:
1171 2726 1280 2767 non
1308 2711 1522 2783 eguisse
1547 2712 1840 2782 prtesidio;
1868 2723 1981 2768 tum
2012 2713 2168 2770 dein-

562 2802 634 2860 de
660 2803 974 2861 neeessario
1001 2818 1069 2860 eo
1096 2803 1260 2859 modo
1280 2820 1402 2860 eum
1430 2803 1820 2872 confortatum,
1872 2821 1980 2877 quo
2006 2805 2169 2862 modo

560 2906 618 2954 et
640 2896 849 2952 tristem
872 2911 1015 2952 esse.
1046 2894 1132 2969 (ἀ)
1209 2895 1343 2952 Nam
1367 2897 1413 2952 si
1441 2897 1600 2953 nobis
1629 2897 1803 2953 tristis
1834 2908 1938 2964 est,
1983 2898 2035 2954 id
2061 2908 2166 2968 est,

564 3000 789 3064 propter
816 2991 980 3064 350
1007 3007 1108 3047 nos
1135 2992 1302 3047 tristis
1342 2979 1449 3059 es't,
1492 3007 1723 3050 necesse
1751 3004 1835 3050 est
1864 3004 1921 3049 ut
1949 3004 2170 3066 propter

565 3099 668 3140 nos
698 3085 769 3140 sit
797 3084 1138 3140 confortatus
1165 3096 1219 3140 et
1248 3087 1441 3140 nobis:
1496 3087 1621 3158 quia
1652 3086 1745 3159 qui
1764 3086 1832 3143 de
1867 3086 2025 3143 nobis
2073 3088 2166 3144 tri-

2242 470 2449 551 gessit:
2507 486 2682 542 neque
2710 474 2778 528 ad
2805 474 3057 530 hazresim
3089 473 3159 549 (f)
3201 476 3522 534 infirmitatis
3558 485 3777 551 pertinere

2245 560 2355 616 ιιιίο
2407 562 2568 618 modo
2610 566 2849 634 poterit,
2925 568 3067 637 quod
3114 567 3399 624 adversum
3444 569 3668 629 haeresim
3716 577 3773 650 (ρ)

2245 653 2566 726 phantasma
2596 658 2943 714 mentientem
2976 660 3222 731 proficiat
3245 702 3258 724 ,
3318 677 3410 733 per
3436 662 3662 719 sudorem
3687 682 3781 722 san-

2246 748 2450 819 guinis,
2496 751 2563 803 ad
2588 752 2834 821 corporis
2869 753 3177 808 veritatem.
3200 753 3365 819 Igitur
3392 770 3508 811 cum
3532 767 3581 811 et
3609 758 3779 815 tristitia

2250 840 2320 896 de
2347 839 2503 896 nobis
2530 852 2634 907 est,
2701 853 2756 898 ct
2786 845 2961 900 oratio
2990 861 3088 917 pro
3112 846 3273 903 nobis
3294 856 3407 914 est,
3455 864 3557 902 non
3600 863 3780 920 possunt

2249 948 2355 988 non
2383 935 2566 989 omnia
2599 945 2822 1005 propter
2847 951 2947 993 nos
2974 948 3122 1008 gesta
3146 952 3268 994 esse
3291 939 3533 1009 intelligi,
3576 955 3679 996 cum
3700 957 3785 998 om-

2249 1024 2335 1079 nia
2369 1040 2466 1095 pro
2496 1025 2674 1091 nobis,
2707 1028 2903 1098 quibus
2934 1029 3247 1096 timebatur,
3284 1041 3433 1086 orata
3463 1032 3583 1089 sint.

2320 1117 2410 1173 42.
2466 1118 2510 1174 Τ
2514 1120 2773 1185 ristitiam,
2806 1121 2980 1178 colicis
3027 1124 3456 1195 deprecationem,
3485 1134 3588 1182 etc.
3615 1126 3787 1200 Aposto-

2251 1212 2329 1265 los
2354 1221 2605 1281 spectare.
2641 1242 2713 1253 —
2741 1214 3004 1270 Pricstant
3030 1229 3212 1272 autem
3251 1218 3355 1273 sibi
3401 1227 3624 1275 mutuam
3651 1220 3786 1276 Evan-

2248 1305 2386 1377 gelia
2414 1305 2835 1376 plenitudinem:
2891 1307 3017 1363 dum
3045 1311 3153 1365 alia
3193 1327 3260 1367 ex
3293 1310 3436 1374 aliis,
3482 1312 3596 1383 quia
3639 1316 3777 1370 omnia

2254 1398 2413 1454 unius
2440 1399 2678 1470 Spiritus
2729 1400 3045 1471 praedicatio
3089 1403 3192 1468 sit,
3246 1402 3628 1474 intelliguntur.
3677 1405 3788 1461 lianc

2252 1482 2397 1546 enim
2430 1494 2648 1548 tacitam
2678 1493 2747 1549 ab
2769 1493 3022 1550 onmibus
3054 1509 3156 1566 pro
3178 1495 3460 1564 Apostolis
3481 1494 3675 1551 Domini
3702 1511 3791 1551 ora-

2254 1586 2459 1641 tionem
2500 1584 2743 1643 Joannes
2780 1588 3016 1642 maxime
3049 1587 3377 1655 spiritalium
3397 1602 3663 1644 causarum
3686 1603 3772 1661 pra:

2255 1680 2465 1738 dicator
2515 1680 2776 1748 ostendit,
2829 1680 3116 1737 Dominum
3149 1680 3221 1736 ita
3254 1688 3528 1751 precatum
3552 1695 3693 1747 esse,
3734 1679 3792 1736 di-

2187 1761 2234 1822 Β
2261 1789 2393 1830 cens
2419 1791 2432 1827 :
2463 1772 2622 1829 Pater
2650 1783 2845 1839 sancte,
2884 1790 3128 1829 conserva
3158 1790 3243 1828 eos
3273 1776 3327 1829 in
3354 1776 3555 1829 nomine
3571 1783 3665 1829 tuo.
3691 1772 3785 1829 Cum

2261 1883 2422 1921 essem
2467 1883 2582 1920 cum
2608 1866 2680 1921 eis
2702 1908 2717 1932 ,
2764 1880 2858 1937 ego
2894 1865 3238 1920 custodiebam
3277 1881 3365 1920 eos
3394 1867 3448 1920 in
3481 1866 3667 1920 nomine
3703 1874 3790 1919 tuo:

2261 1976 2387 2031 quos
2416 1959 2604 2015 dedisti
2632 1959 2781 2025 mihi,
2839 1968 2885 2014 et
2912 1959 3168 2015 custodiui
3190 1957 3249 2031 (1
3254 1975 3376 2013 οαιι.
3408 1974 3537 2026 xm,
3566 1959 3621 2013 ll
3645 1967 3691 2015 et
3712 1957 3790 2029 l2).

2265 2052 2382 2108 Non
2424 2052 2526 2107 sibi
2555 2051 2740 2124 itaque
2770 2050 2873 2107 fuit
2899 2053 3074 2107 oratio
3105 2051 3220 2118 illa,
3269 2050 3368 2107 sed
3396 2049 3680 2121 apostolis:
3724 2062 3794 2103 nec

2269 2146 2371 2202 sibi
2396 2146 2569 2201 tristis
2595 2156 2717 2212 est,
2774 2145 2867 2216 qui
2916 2159 3076 2201 orare
3102 2160 3199 2201 eos
3248 2160 3318 2201 ne
3341 2151 3610 2201 tententur
3630 2152 3792 2198 monet:

2264 2252 2365 2295 nec
2391 2237 2494 2294 sibi
2524 2238 2755 2308 angelus
2785 2236 3051 2305 mittitur,
3104 2237 3195 2309 qui
3236 2238 3283 2293 si
3311 2237 3495 2306 vellet,
3519 2236 3592 2309 (Ii)
3636 2233 3789 2291 duode-

2264 2330 2371 2388 cim
2418 2330 2590 2386 millia
2644 2330 2920 2402 legionum
2970 2330 3040 2387 de
3090 2330 3246 2388 cmlis
3285 2330 3608 2388 deduceret:
3638 2329 3692 2401 (ὅ)
3727 2342 3794 2382 nec

2266 2433 2487 2497 propter
2516 2430 2745 2480 mortem
2771 2423 2948 2490 timet,
3000 2422 3090 2495 qui
3115 2438 3286 2501 usque
3306 2423 3377 2479 ad
3408 2430 3626 2479 mortem
3651 2419 3796 2475 anxius

2266 2524 2386 2573 est:
2437 2530 2537 2573 nec
2563 2524 2621 2571 ut
2645 2529 2709 2573 se
2734 2524 2973 2571 transeat
3001 2515 3166 2582 calix,
3199 2525 3351 2587 rogat
3376 2532 3393 2582 ;
3426 2514 3518 2572 sed
3547 2529 3576 2569 ιι
3602 2522 3796 2570 astratu-

2268 2613 2348 2668 ire
2384 2611 2607 2668 calicem
2638 2622 2819 2684 rogat,
2849 2611 2939 2680 qui
2967 2619 3147 2666 tamen
3197 2608 3431 2666 transire
3448 2611 3466 2681 (
3469 2608 3519 2683 j)
3539 2623 3635 2664 non
3655 2604 3793 2678 possit,

2268 2704 2371 2761 nisi
2400 2719 2525 2760 eum
2555 2703 2769 2761 biberit.
2846 2702 3105 2759 Transire
3142 2710 3322 2758 autem
3361 2700 3443 2775 (ὅ)
3491 2717 3591 2757 non
3615 2702 3712 2756 loco
3729 2697 3793 2753 de-

2268 2799 2465 2856 cedere
2492 2810 2599 2865 est,
2657 2798 2753 2855 sed
2781 2799 3004 2853 omnino
3028 2814 3135 2853 non
3168 2806 3388 2854 exstare
3413 2814 3428 2852 :
3470 2795 3604 2869 quod
3632 2792 3794 2861 quidem

2269 2893 2445 2964 ipsum
2476 2900 2530 2946 et
2555 2891 2902 2961 evangelicus
2931 2900 2986 2947 et
3010 2891 3347 2964 apostolicus
3367 2905 3548 2948 sermo
3573 2887 3795 2958 significat,

2270 3001 2394 3043 cum
2421 2986 2635 3052 dicitur,
2664 2984 2861 3042 Caelum
2885 2996 2933 3041 et
2961 2996 3101 3043 terra
3130 2986 3426 3053 transibunt
3448 3028 3463 3053 ,
3508 2986 3642 3041 rerba
3674 2991 3797 3039 autem

2269 3098 2384 3138 mea
2403 3099 2508 3137 non
2552 3080 2886 3150 prteteribunt
2909 3078 3107 3154 (Marc.
3141 3095 3261 3146 xm,
3290 3079 3411 3153 51).
3489 3078 3589 3136 Sed
3622 3086 3669 3133 et
3691 3080 3795 3145 Apo-

561 3178 667 3233 stis
692 3187 776 3234 est
804 3186 861 3234 et
884 3177 954 3234 de
982 3178 1138 3234 nobis
1180 3152 1529 3236 confortatus
1548 3190 1633 3237 est
1657 3152 1687 3247 ,.
1717 3195 1781 3237 ea
1830 3181 2168 3238 confortatus
2195 3152 2243 3216 ί)
2275 3177 2447 3234 stolus
2473 3194 2489 3233 :
2526 3175 2662 3231 Ecce
2689 3184 2857 3232 vetera
2882 3152 3217 3242 transierunt,
3249 3184 3302 3230 et
3322 3152 3468 3246 facta
3488 3182 3596 3229 sunt
3621 3170 3685 3245 (lt)
3708 3183 3799 3222 nota

565 3274 653 3325 est
677 3267 994 3326 conditione
1032 3286 1135 3341 qua
1162 3270 1337 3327 tristis
1357 3280 1461 3328 est.
1518 3271 1783 3328 Sudorem
1828 3288 1962 3330 vero
2008 3290 2170 3332 nemo

569 3357 871 3416 infirmitati
898 3360 1122 3418 audebit
1140 3362 1434 3433 deputare:
1482 3365 1606 3435 quia
1654 3374 1711 3421 et
1765 3378 1956 3422 contra
2006 3380 2172 3424 natu-

567 3465 687 3509 ram
715 3461 802 3511 est
826 3452 1026 3511 sudare
1052 3456 1394 3527 sanguinem.
1445 3456 1558 3513 Nec
1579 3457 1868 3516 infirmitas
1892 3469 1995 3530 est,
2026 3462 2171 3534 quod

645 3594 733 3743 iii

651 3785 731 3860 (ᾳ)
762 3785 951 3860 Plures
977 3799 1109 3840 mss.
1135 3785 1409 3860 exstitisse.

648 3856 728 3926 (ὁ)
766 3856 843 3913 Ita
874 3857 1282 3926 praestautiores
1321 3871 1453 3912 mss.
1477 3856 1651 3914 Vatic.
1690 3857 1833 3923 bas.,
1866 3858 2022 3915 Colb.
2065 3870 2173 3916 etc.

577 3926 734 3987 Alter
759 3926 917 4003 Co|b_.
965 3944 1086 4003 cum
1118 3928 1375 4003 Sorbon.,
1422 3929 1697 4003 jam_sine
1743 3930 1952 3986 tristitia
2000 3942 2048 3986 et
2071 3933 2180 3986 sine

578 4012 719 4058 metu
744 4002 837 4055 ait.
877 3998 1040 4084 Corb:
1066 4000 1341 4086 cumanis
1370 3998 1664 4086 nonnullis,
1688 4004 1806 4086 jam
1831 4004 2180 4086 sittetristitia:

581 4086 719 4129 metu
758 4082 943 4139 essent,
988 4072 1079 4126 ait.
1116 4071 1256 4127 Editi
1290 4087 1438 4137 vero,
1487 4075 1603 4139 jam
1655 4071 1766 4128 sine
1791 4075 2015 4130 tristitia:
2039 4085 2179 4130 metu

767 3595 891 3651 Jam
915 3597 1026 3652 sine
1051 3596 1272 3652 tristitia:
1299 3607 1432 3652 metu
1451 3608 1638 3664 essent,
1666 3599 1761 3652 ait.

767 3667 950 3725 Codex
1007 3668 1204 3725 Veron.
1237 3670 1597 3740 confortiantis
1659 3684 1759 3742 pro
1813 3672 2169 3743 confartantis,

579 4146 803 4218 existens
828 4144 924 4200 ait.
989 4144 1143 4209 Quod
1171 4142 1369 4218 deinde
1424 4142 1732 4218 subjicitur,
1782 4145 2014 4200 Dormite
2034 4149 2195 4218 jam,-

583 4217 749 4321 modo
779 4230 890 4321 no.2
915 4215 1516 4321 cristatrapud'bn‘cam
1530 4215 1711 4321 Lini?”
1739 4231 1960 4286 prorsus
2007 4215 2176 4285 aliud,

581 4299 734 4359 puta,
763 4287 890 4359 quid
915 4285 1149 4359 dormitis
1171 4285 1197 4339 Ρ
1224 4286 1441 4359 surgite,
1469 4296 1610 4340 orate
1628 4296 1733 4342 etc.

684 4357 732 4483 9
775 4356 892 4411 Vat.
917 4356 1035 4412 bas.
1067 4374 1169 4412 ms.
1199 4356 1446 4411 custOdis.

723 4427 741 4483 l
769 4428 989 4483 Excusi.
1021 4445 1140 4482 nam
1165 4429 1250 4483 ani
1278 4429 1446 4482 nobis.

723 4427 989 4503 )AExcusi,
1021 4429 1250 4503 namgni
1278 4429 1422 4482 nobis
1442 4444 1461 4482 :
1501 4437 1556 4484 et
1584 4443 1712 4503 mox
1733 4471 1747 4493 ,
1795 4430 1919 4503 quia
1942 4446 2064 4503 ergo
2089 4431 2179 4501 qui

588 4500 653 4556 de
672 4499 850 4566 nobis,
881 4510 991 4554 etc.
1022 4499 1357 4568 castigantur
1393 4500 1711 4554 auctoritate
1748 4499 1878 4558 mss.
1929 4499 2042 4556 Du‘o
2093 4499 2179 4557 hic

2279 3269 2347 3344 (II
2367 3268 2489 3327 Cor.
2522 3285 2579 3337 ν,
2614 3270 2729 3341 l7).
2758 3268 2867 3326 Sed
2895 3278 2948 3325 et
2976 3283 3101 3324 cum
3122 3268 3218 3335 ait,
3249 3268 3418 3343 351
3443 3266 3509 3322 Et
3529 3267 3676 3337 ﬁgura
3688 3262 3799 3335 list

2278 3366 2459 3421 mundi
2509 3364 2746 3419 transibit
2775 3362 2819 3436 (Ι
2845 3360 2966 3418 Cor.
2998 3377 3094 3429 vn,
3127 3362 3240 3434 3i).
3284 3363 3445 3418 Calix
3472 3376 3626 3434 ergo,
3650 3357 3800 3427 dequo

2280 3463 2497 3519 Patrem
2523 3467 2643 3516 orat
2672 3467 2731 3515 ut
2757 3466 3017 3526 transeat,
3063 3471 3170 3512 non
3201 3464 3387 3528 potest
3416 3457 3631 3514 transire
3648 3452 3728 3510 nisi
3748 3447 3802 3503 bi-

2273 3601 2416 3659 sicut
2441 3606 2631 3672 postea
2654 3597 2958 3672 confortiari
2985 3610 3089 3653 non
3114 3599 3489 3670 confortatum.

2350 3670 2457 3749 (3i
2476 3670 2600 3727 Non
2629 3670 2693 3725 de
2719 3670 2852 3725 loco.

2284 3788 2546 3852 claratur,
2576 3785 2669 3840 lib.
2704 3800 2743 3849 ι,
2775 3800 2829 3836 ιι.
2861 3782 2954 3847 '52,
2997 3797 3202 3838 necnon
3235 3782 3330 3840 lib.
3364 3799 3425 3852 tt,
3452 3799 3506 3839 ιι.
3534 3782 3586 3838 6.

2359 3858 2437 3933 (g)
2463 3851 2736 3933 Valentini
2763 3855 2990 3918 scilicet,
3016 3854 3292 3933 bianigltaﬁ
3313 3871 3381 3933 ac
3411 3854 3668 3933 similium.
3692 3851 3797 3909 Eata

2286 3925 2600 3997 det't't'ltujus
2622 3927 2700 3983 rei
2721 3941 2937 3982 causam
2980 3925 3136 3981 all‘ert
3164 3927 3538 3983 'l‘heodoretus
3569 3927 3799 3997 Detnunstr.

2287 4001 2430 4073 quod
2457 3992 2585 4055 unio
2613 4000 2679 4055 sit
2702 3997 2981 4073 inconfusa
3006 3999 3141 4073 n.8,
3167 3998 3256 4073 ubi
3286 3999 3393 4054 hoc
3414 3998 3604 4073 factum
3628 3992 3802 4051 essedo-

2288 4071 2398 4141 cet,
2443 4082 2501 4128 ut
2530 4080 2849 4142 posterorum
2887 4071 2926 4143 ii
2950 4112 2965 4132 ,
2997 4071 3085 4141 qui
3114 4071 3298 4125 anima:
3311 4071 3635 4143 corporisque
3652 4079 3801 4120 assau-

2286 4149 2509 4220 ptionem
2536 4143 2830 4220 crederent,
2880 4142 3398 4220 demonstrationibus
3426 4144 3800 4220 coitﬁrmarmtgﬁ

2287 4208 2374 4285 ξιιιί
2402 4233 2519 4271 vero
2547 4214 2978 4276 contradicereut,
3020 4214 3329 4285 evidentibus
3359 4208 3646 4285 testimoniis
3666 4208 3800 4285 conli-

2288 4283 2537 4350 tarentur,
2576 4285 2775 4361 quibus
2821 4285 3138 4361 prtrmittit:
3202 4284 3314 4340 Etsi
3361 4288 3498 4341 enim
3535 4283 3801 4361 disiuncta

2287 4361 2497 4432 spiritus
2518 4353 2730 4432 aderant
2756 4356 2888 4410 velut
2912 4356 3125 4421 unctio;
3171 4367 3340 4432 tamen
3394 4375 3486 4413 nec
3521 4356 3651 4411 unita
3667 4353 3801 4432 divisi-

2285 4427 2363 4486 tas
2385 4448 2475 4486 nec
2499 4430 2711 4503 spiritus
2739 4444 2927 4503 corpus
2957 4436 3077 4503 tunc
3125 4438 3213 4483 aut
3243 4430 3477 4503 animans
3500 4427 3800 4503 sustentarunt,

2285 4504 2376 4559 sed
2396 4505 2493 4558 hoc
2518 4500 2856 4555 ministerium
2876 4501 3057 4567 angelo
3084 4500 3528 4566 commendarunt,
3545 4508 3595 4554 ut
3611 4507 3651 4552 et
3667 4500 3803 4549 om

589 4572 768 4628 obiter
798 4569 1065 4624 notanda:
1113 4567 1347 4644 primum
1373 4585 1480 4625 non
1501 4569 1780 4644 hominem
1809 4615 1823 4637 ,
1861 4574 1956 4628 sed
1987 4584 2177 4628 crcoto-
2207 4573 2254 4633 Ι)
2279 4585 2326 4628 et
2355 4573 2586 4644 corporis
2609 4570 2960 4643 inﬁrmitatem
2978 4571 3319 4644 ostenderent,
3348 4582 3398 4627 et
3428 4589 3516 4639 per
3528 4567 3802 4644 inﬁniti“!!!

585 4659 693 4698 rem
725 4644 1025 4714 angelorum
1050 4640 1456 4714 aliiinlirmitate
1483 4640 1738 4710 delendi;
1769 4645 2019 4707 alterum,
2053 4645 2172 4700 unl-

589 4714 698 4771 lam
727 4712 1039 4769 de'veritate
1070 4712 1307 4770 tristitia:
1327 4712 1526 4770 ChriSli
1569 4714 1867 4770 secundum
1902 4716 2174 4771 hominem

587 4785 1011 4857 controversiam
1037 4785 1284 4851 moveri,
1333 4787 1456 4857 quia
1504 4783 1573 4840 de
1618 4786 1708 4841 illa
1738 4787 1916 4842 nullus
1938 4787 2179 4855 ambige-

585 4856 710 4923 bat;
742 4855 840 4912 sed
881 4855 980 4910 hac
1005 4857 1168 4912 veluti
1195 4858 1316 4911 data
1345 4855 1363 4921 ζ
1387 4858 1566 4912 statim
1596 4857 1663 4913 de
1692 4874 1854 4914 causa
1887 4866 1942 4914 et
1987 4858 2174 4913 condi-

587 4929 738 4984 tione
768 4927 914 4983 illius
941 4926 1243 4998 disputari:
1301 4939 1356 4983 ut
1391 4943 1453 4984 ea
1498 4929 1749 4985 nimirum
1799 4929 1965 4986 fuisse
1993 4939 2179 4986 osten-

589 4999 767 5064 datur,
796 5015 917 5065 ante
947 5016 1051 5054 non
1079 4999 1365 5054 deduceret
1396 5000 1666 5055 hominem
1701 5002 1812 5057 Deo
1838 5002 2066 5056 unitmn.

666 5068 739 5144 (e)
784 5069 1106 5141 Hippolytus
1135 5070 1706 5144 apudr'l'heudoretum
1738 5074 1804 5128 ad
1834 5074 2039 5129 calcem
2066 5074 2188 5128 Dia-

589 5142 701 5227 log'i
720 5142 803 5210 in,
832 5151 1204 5213 argumentum
1249 5142 1425 5227 simile
1447 5142 1778 5227 conficit-es
1809 5161 1956 5227 aqua
1979 5155 2033 5200 et
2062 5161 2188 5201 san-

629 5212 753 5270 uine
782 5212 915 5286 quae,
930 5223 1051 5284 post
1080 5223 1310 5270 mortem
1336 5212 1532 5268 Christi
1582 5230 1646 5269 ex
1688 5218 1853 5272 latere
1878 5215 2026 5271 illius
2056 5232 2184 5284 pro-

589 5229 900 5341 ﬂuxerunt:
948 5283 1172 5341 Cornus.
1225 5286 1452 5341 quamvis
1481 5286 1701 5340 humano
1731 5304 1873 5341 more
1899 5297 2181 5341 mortuum.

634 5283 900 5342 atterunt:
934 5283 1172 5353 Corpus,
1225 5286 1452 5355 quamvis
1481 5286 1701 5340 humano
1731 5304 1873 5342 more
1899 5297 2182 5356 mortuum,

590 5374 834 5430 magnam
858 5357 911 5412 in
937 5373 992 5412 se
1017 5359 1133 5412 uiue
1156 5358 1257 5411 vim
1281 5356 1640 5430 habetsuauw
1677 5359 1812 5413 enim
1867 5375 1930 5415 ex
1959 5361 2174 5415 mortuis

593 5427 889 5502 corporibus
918 5446 1019 5484 non
1050 5430 1333 5499 proﬂuunt,
1363 5442 1426 5482 ex
1452 5427 1544 5483 illo
1570 5438 1864 5502 manarunt,
1897 5430 2106 5501 sanguis
2126 5440 2177 5485 et

595 5499 769 5571 aqua:
822 5510 880 5555 ut
908 5503 1153 5573 sciremus
1182 5509 1426 5571 quantum
1457 5502 1526 5555 ad
1551 5499 1708 5554 vitam
1738 5500 1904 5556 valeat
1930 5499 2176 5573 potestas,

593 5573 1028 5644 quaeincorpore
1052 5572 1314 5627 habitavit.

670 5640 740 5716 (ί)
770 5640 1015 5716 niurias“.
1052 5642 1380 5716 i”ﬁ_”“i““is
1420 5643 1725 5714 appellatur
1770 5644 1999 5700 Ariana:
2054 5645 2181 5716 quia

595 5705 798 5767 Christi
821 5705 1114 5769 Secundum
1149 5714 1435 5771 humanam
1458 5705 1712 5771 naturam
1757 5705 2092 5781 inﬁrmitates
2115 5715 2184 5775 ad

600 5782 836 5841 divinam
867 5783 1157 5855 referebat,
1183 5796 1240 5844 ut
1260 5787 1315 5844 in
1345 5797 1667 5861 argumento
1690 5786 1916 5862 hujusce
1942 5789 2062 5848 libri
2091 5789 2185 5847 de-

2283 4633 2679 4700 ostenderentur'
2728 4652 2927 4717 natura:
2987 4633 3338 4717 inﬁrmorum.
3385 4633 3449 4700 Si
3472 4633 3628 4701 enim,
3679 4633 3802 4717 inquit

2283 4718 2706 4789 Chrysostomus
2756 4713 2916 4789 Tom.
2951 4728 2991 4778 ι,
3025 4713 3187 4789 Hom.
3221 4730 3399 4770 um:
3452 4722 3560 4785 post
3583 4713 3803 4789 quantiptt

2282 4799 2355 4842 tot
2377 4785 2614 4862 tenuique
2635 4785 2840 4848 dixerit,
2866 4801 3067 4862 carnem
3098 4787 3379 4862 illumnon
3407 4786 3803 4862 assumpsisse“?

2284 4868 2403 4914 sunt
2431 4853 2638 4929 quidam
2669 4872 2933 4922 asserere;
2980 4858 3024 4910 si
3067 4857 3198 4913 nihil
3245 4857 3435 4914 horum
3461 4853 3637 4912 dictum
3658 4853 3801 4925 {uituli

2283 4930 2407 5002 quid
2432 4947 2533 5003 non
2562 4929 2846 5003 dixissent?
3013 4997 3043 5003 _
3084 4999 3117 5003 __
3374 5001 3400 5003 ᾖ
3647 4996 3678 5003 _
3755 4990 3765 5003 .

2368 5002 2446 5071 (Ιι)
2484 5001 2788 5056 Vetustiore
2832 5013 2963 5054 mss.
3003 4997 3157 5056 Colb.
3193 5016 3319 5071 eum
3360 5001 3623 5071 Gerunet
3647 4996 3803 5071 Betui:-

2292 5063 2466 5130 decem
2492 5073 2658 5128 millia
2682 5072 2961 5145 legionum.
3007 5071 3157 5128 Alter
3179 5070 3337 5129 Colb.
3354 5088 3433 5145 ac
3460 5070 3690 5145 Sorbon,
3712 5063 3804 5145 dig-

2292 5145 2455 5201 decim
2484 5133 2754 5216 legiones?
2809 5154 3107 5216 tumnetum
3130 5145 3321 5200 codice
3351 5143 3471 5201 Vat.
3503 5145 3609 5200 bas.
3635 5133 3688 5194 de

2290 5202 2591 5287 angelorum
2614 5214 2905 5270 deduceret.
2932 5213 3142 5270 Videsis
3166 5226 3347 5272 notata
3374 5216 3428 5272 in
3451 5216 3585 5272 Psal.
3604 5227 3695 5274 uv,
3710 5202 3801 5263 n.6.

2365 5286 2428 5360 (i)
2461 5287 2515 5343 In
2539 5287 2767 5357 vulgatis
2796 5328 2810 5352 ,
2846 5302 2939 5360 nec
2966 5298 3174 5356 prapter
3201 5299 3415 5343 mortem
3442 5288 3689 5347 anxietas,
3718 5288 3759 5333 tu
3780 5290 3805 5327 α

2290 5375 2344 5415 sc
2377 5358 2741 5430 transferatur
2786 5358 2927 5414 calix
2953 5371 3098 5430 rogat
3123 5375 3142 5414 :
3191 5361 3342 5416 locus
3368 5359 3578 5416 mutilus
3598 5370 3684 5426 ope
3707 5362 3801 5406 mss.

2282 5431 2594 5487 resarcitus.

2357 5500 2425 5573 (ἰ)
2455 5503 2545 5558 Sic
2568 5516 2698 5573 mss.
2734 5500 2962 5573 At_editi
2988 5543 3005 5567 ,
3039 5519 3146 5557 non
3178 5514 3365 5571 posset,
3391 5503 3491 5558 nisi
3514 5515 3618 5557 eum
3643 5497 3799 5573 biberet:

2359 5565 2437 5645 Ui)
2469 5572 2624 5645 Apud
2656 5573 2771 5636 Er.,
2802 5571 2950 5643 Lips.
2992 5565 3046 5629 et
3084 5565 3239 5641 Puta,
3295 5565 3465 5631 omnia
3500 5588 3632 5645 nepa.
3679 5565 3803 5645 Abesf

2288 5628 2533 5701 omnia;
2568 5628 2695 5717 Βημ.
2729 5628 2785 5700 et
2808 5628 2938 5700 mss.
2994 5628 3128 5702 Tum
3169 5628 3511 5704 so'luscodex
3534 5642 3697 5717 Carna

2291 5727 2336 5773 et
2362 5718 2593 5795 cumait,
2625 5715 2909 5795 Prteterivit
2935 5718 3069 5795 enim
3092 5718 3259 5795 figura
3282 5721 3438 5795 hujus
3457 5714 3635 5773 mundi.
3662 5713 3708 5769 bi
3730 5704 3801 5762 ali‘

2291 5798 2423 5862 quot
2451 5788 2571 5849 aliis
2598 5799 2777 5848 exstat
2804 5789 3060 5861 transivit,
3094 5788 3203 5849 non
3228 5788 3478 5850 transibit.
