3988 6332
171 277 264 336 577

1347 267 1446 357 QE
1478 271 1851 331 TRINITATE
1900 274 2099 333 LIBER
2144 278 2210 335 X.

3333 279 3438 336 578

169 399 341 457 batur:
384 402 437 451 et
462 391 604 466 quod
635 402 755 450 orat
784 393 1085 461 Dominus;
1137 392 1319 466 utique
1351 408 1451 466 pro
1482 393 1566 448 his
1593 401 1733 460 orat,
1764 395 1810 455 Α
1844 410 1965 452 nem
1997 404 2102 464 est,
2157 396 2409 452 humanae
2441 395 2823 468 trepidationis
2851 396 3095 455 anxietas
3122 416 3134 456 :
3186 407 3243 456 et
3281 406 3438 456 extra

168 504 289 564 quos
313 504 427 545 cum
461 487 541 543 bis
588 488 957 558 manensipse
984 487 1256 553 salvavit,
1308 503 1444 557 quos
1490 495 1545 543 et
1590 487 1734 543 Patri

168 582 431 642 salvandos
456 583 690 652 reliquit.
770 581 921 637 Nunc
966 597 1096 638 vero
1118 592 1516 637 sacramentum
1546 582 1736 638 mortis

169 685 479 751 peracturus,
512 673 725 729 Patrem
754 673 836 729 his
865 672 1143 729 custodem
1180 681 1430 743 precatur
1457 691 1468 726 :
1498 682 1553 727 et
1583 671 1737 727 miSsi

171 772 218 830 in
250 786 311 828 eo
342 769 534 841 angeli,
567 769 610 823 si
643 778 819 825 tamen
850 769 921 824 ita
947 780 1052 833 εει,
1083 782 1188 823 non
1212 767 1463 838 ambigua
1494 766 1572 840 (a)
1605 782 1740 837 prae-

168 868 320 924 sentia
361 877 474 932 est;
519 875 573 922 et
619 866 856 923 obtenta:
903 865 1083 937 precis
1135 864 1420 921 manifesta
1466 863 1734 920 securitas

168 973 267 1031 est,
320 978 436 1019 eum
484 976 579 1020 eos
623 971 996 1025 consummata
1047 962 1296 1017 oratione
1325 959 1645 1016 adhortatur
1678 958 1736 1014 in

168 1074 415 1115 somnum.
514 1055 781 1113 Eli'ectum
812 1067 992 1112 autem
1025 1057 1327 1124 impetrata:
1356 1054 1645 1117 orationis,
1681 1060 1738 1109 et

170 1152 444 1214 adhortatus
492 1150 838 1207 dormitionis
891 1150 1284 1217 securitatem,
1345 1149 1458 1222 jam
1510 1153 1563 1203 in
1621 1148 1737 1218 ipso

167 1263 311 1320 opere
336 1244 601 1319 passionis
632 1243 977 1315 Evangelista
1021 1243 1390 1310 demonstrat,
1432 1258 1553 1298 cum
1607 1256 1737 1312 apo-

168 1340 302 1397 stolis
331 1336 596 1399 omttibus,
647 1336 717 1391 de
746 1347 1153 1406 persecutorum
1187 1335 1435 1391 manibus
1465 1333 1736 1408 elapsuris

167 1431 260 1488 ait:
311 1429 376 1486 Ut
403 1428 771 1501 adimpleretur
795 1429 1001 1483 verbum
1030 1428 1168 1500 quod
1198 1427 1439 1495 dixerat,
1493 1428 1738 1499 quoniam

166 1540 273 1596 quos
301 1523 477 1578 dedisti
503 1522 652 1591 mihi,
689 1523 762 1593 (b)
818 1539 922 1577 non
952 1522 1153 1593 perdidi
1183 1523 1263 1596 (i)
1297 1538 1359 1578 ea:
1376 1522 1452 1577 eis
1483 1523 1737 1577 neminem

171 1615 330 1692 (Joan.
361 1630 512 1682 xvnt,
539 1612 618 1687 9).
642 1613 899 1687 lmpletur
923 1614 1064 1671 enim
1101 1629 1195 1686 per
1220 1630 1281 1671 se
1308 1613 1572 1670 orationis
1616 1629 1735 1686 pre-

167 1719 308 1775 catto,
355 1719 406 1765 et
457 1708 594 1764 salvi
634 1723 825 1765 omnes
868 1719 1016 1764 sunt.
1058 1707 1167 1765 Sed
1219 1715 1406 1764 oratur
1435 1707 1619 1774 Pater,
1678 1718 1737 1763 ut

1837 489 2045 546 terreni
2074 497 2159 547 est
2195 492 2444 560 corporis
2475 490 2613 547 mala
2645 535 2662 561 ,
2716 506 2822 547 non
2853 493 3086 549 terrenis
3121 490 3434 549 inchoatum

1836 588 2037 651 carpas
2063 585 2371 654 elementis,
2396 586 2499 642 etsi
2521 587 2786 658 originem
2816 584 2897 660 (d)
2929 587 3025 643 lilii
3058 586 3296 643 hominis
3311 601 3439 643 san-

1836 688 1956 737 ctus
1979 681 2220 752 Spiritus
2246 697 2346 754 per
2377 692 2775 740 sacramentum
2801 682 3176 752 conceptionis
3201 682 3429 739 invexit.

1837 771 2040 845 Nempe
2064 782 2120 831 et
2142 774 2410 831 Altissimi
2442 776 2629 839 virtus,
2657 777 2736 849 (5)
2768 778 3017 833 virtutem
3049 775 3125 848 (ε)
3165 776 3434 847 corporis,

1836 869 1982 938 quod
2007 886 2074 925 ex
2100 869 2459 942 conceptione
2477 869 2712 940 Spiritus
2733 870 2885 943 virgo
2909 869 3164 942 gignebat
3182 912 3197 935 ,
3257 870 3436 927 admi-

1838 962 2001 1018 scuit.”
2049 961 2184 1017 Nam
2236 977 2361 1019 cum
2403 978 2509 1034 per,
2544 964 2832 1019 transfusa:
2880 963 2934 1018 in
2983 977 3179 1035 corpus
3236 963 3434 1020 animae

1835 1055 2193 1123 consortium,
2214 1070 2408 1114 sensus
2437 1057 2658 1112 animati
2689 1057 2933 1128 corporis
2962 1056 3130 1124 vivat,
3162 1067 3218 1114 et
3248 1058 3424 1129 ipsum

1835 1147 1905 1204 ad
1948 1148 2219 1204 illatorum
2260 1149 2509 1206 dolorem
2557 1164 2759 1221 corpus
2808 1150 2991 1206 anima
3040 1151 3257 1221 corpori
3311 1166 3438 1222 per—

1839 1241 2004 1297 mixta
2033 1240 2315 1309 vivilicet;
2366 1258 2486 1314 qua:
2529 1243 2622 1299 ubi
2664 1243 2905 1301 cmlestis
2935 1243 3052 1316 spei
3079 1258 3145 1302 ac
3174 1242 3295 1300 lidei
3323 1258 3436 1301 suae

1840 1332 1999 1390 beato
2029 1335 2233 1403 calore,
2285 1342 2518 1392 terrente
2539 1336 2589 1391 in
2616 1352 2847 1407 corpore
2869 1351 2969 1392 suo
2990 1336 3216 1409 originis
3243 1335 3438 1406 despe-

1837 1427 1915 1482 xit
1943 1428 2249 1495 exordium,
2299 1430 2382 1485 sui
2418 1444 2635 1502 quoque
2662 1444 2855 1485 sensus
2882 1444 2948 1487 ac
2988 1429 3214 1502 spiritus
3239 1445 3436 1501 corpus

1840 1519 2074 1576 efﬁcitur
2104 1522 2156 1574 in
2183 1518 2394 1589 dolore,
2429 1529 2487 1575 ut
2539 1519 2653 1591 pati
2691 1534 2751 1576 se
2801 1520 3011 1577 desinat
3060 1522 3266 1577 sentire
3292 1521 3436 1593 quod

1839 1614 2084 1684 patitur:
2132 1613 2335 1684 etquid
2368 1612 2525 1669 nobis
2551 1613 2621 1670 de
2643 1623 2832 1669 natura
2861 1613 3119 1671 dominici
3167 1615 3437 1686 corporis,
3500 1662 3505 1667 .
3591 1631 3600 1639 ·

1838 1716 1892 1763 et
1920 1705 2306 1763 descendentis
2353 1706 2420 1763 de
2468 1708 2607 1763 coelo
2656 1706 2753 1762 lilii
2784 1707 3021 1764 hominis
3054 1706 3234 1764 adhuc
3257 1722 3439 1764 sermo

166 1807 376 1863 salvatus
403 1819 500 1876 per
527 1819 611 1872 se,
657 1818 802 1860 nunc
826 1803 879 1860 in
910 1803 1128 1860 nomine
1156 1816 1256 1859 suo
1281 1803 1455 1859 salvet
1481 1801 1617 1873 ipse.
1669 1803 1736 1859 Et
1764 1788 1812 1850 Β
1841 1803 1954 1858 sit?
2009 1802 2124 1873 Ipsa
2158 1811 2371 1859 terrena
2417 1817 2645 1875 corpora
2688 1802 2878 1859 timere
2923 1816 2989 1859 ac
3027 1801 3219 1859 dolere
3268 1803 3435 1859 inter-

166 1900 287 1959 adeo
310 1900 518 1967 salvat,
564 1911 622 1956 ut
648 1898 793 1955 Petri
831 1898 965 1955 lides
1006 1898 1326 1971 pmnitentia
1357 1897 1734 1970 subsequente

170 2010 262 2051 non
279 1993 503 2061 deﬁciat,
554 1992 683 2049 licet
706 1992 913 2049 territa.

229 2087 304 2143 ιδ.
332 2084 603 2160 Epilogus.
632 2116 706 2127 —
735 2089 1110 2142 Demonstrata
1151 2085 1335 2156 itaque
1366 2093 1422 2140 et
1453 2100 1484 2140 a
1529 2083 1737 2142 Joanne

170 2179 349 2237 Domini
372 2182 549 2237 oratio
579 2222 595 2247 ,
654 2189 709 2236 et
763 2197 792 2233 a
823 2179 969 2235 Luca
997 2178 1197 2235 diaboli
1224 2177 1541 2250 postulatio,
1588 2186 1641 2233 et
1673 2192 1737 2233 ea

170 2290 272 2347 qua:
315 2275 363 2330 in
392 2272 650 2331 Matthteo
688 2282 849 2345 atque
875 2272 1076 2342 Marco,
1108 2281 1162 2328 et
1189 2272 1407 2329 tristitia
1449 2287 1619 2344 usque
1669 2271 1738 2328 ad

168 2375 367 2422 mortem
391 2377 493 2431 est.
528 2375 587 2422 et
610 2366 786 2423 somni
831 2365 1159 2437 obiurgatio,
1194 2374 1249 2422 et
1289 2381 1502 2420 rursum
1535 2364 1735 2421 adhor-

169 2459 302 2528 tatio,
326 2458 455 2515 nihil
481 2459 851 2531 ambiguitatis
878 2458 1210 2529 relinquunt:
1242 2472 1362 2513 cum
1391 2456 1607 2528 quando
1658 2454 1736 2530 (Ξ)

168 2566 251 2622 per
277 2566 479 2621 precem
509 2550 587 2629 (c)
617 2551 673 2608 in
701 2549 933 2619 Joanne,
964 2567 1069 2623 qua
1098 2550 1248 2608 Patri
1277 2552 1555 2623 apostolos
1587 2566 1738 2607 eom-

168 2642 378 2709 ntendat,
413 2656 468 2702 et
511 2643 747 2700 tristitiae
787 2658 950 2700 causa
1001 2651 1057 2700 et
1083 2643 1399 2700 transeundi
1426 2644 1611 2700 calicis
1637 2644 1735 2700 de-

168 2739 382 2810 precatio
409 2738 659 2796 absoluta
691 2738 803 2804 sit;
839 2754 946 2793 non
977 2753 1007 2794 a
1036 2754 1096 2794 se
1142 2739 1450 2809 passionem
1493 2739 1737 2797 amoveri

168 2831 368 2889 Domino
396 2832 751 2905 deprecante,
775 2831 872 2888 sed
897 2832 1110 2887 Patrem
1141 2840 1197 2888 ut
1225 2832 1506 2904 apostolos
1534 2848 1592 2889 se
1623 2849 1739 2904 pas-

168 2942 277 2982 suro
306 2936 511 2985 tueatur
541 2934 763 2983 orante:
809 2936 862 2982 ct
888 2941 988 2998 per
1010 2925 1210 2982 Lucam
1237 2936 1453 2983 ostensa
1477 2926 1741 2984 adversus

169 3018 416 3078 diabolum
447 3038 636 3096 prece,
682 3022 795 3093 jam
837 3020 905 3078 de
932 3019 1124 3077 fiducia
1178 3022 1327 3078 vetiti
1359 3029 1516 3079 antea
1563 3022 1740 3080 somni

168 3126 334 3171 secura
364 3117 652 3187 permissio
683 3115 774 3170 sit.

227 3206 307 3263 44.
336 3206 573 3264 Christus
597 3208 660 3264 ab
685 3208 923 3264 humanis
945 3208 1081 3264 vitiis
1104 3207 1251 3264 liber.
1283 3207 1479 3264 Sensus
1504 3209 1738 3265 unde.—
1767 3191 1812 3256 C

169 3299 268 3361 Non
286 3313 363 3361 est
399 3304 585 3377 itaque
621 3304 675 3360 in
701 3318 766 3360 ea
789 3311 1001 3371 natura,
1030 3319 1147 3376 quae
1178 3320 1336 3378 supra
1368 3302 1531 3382 352
1572 3306 1744 3364 homi-

230 3439 271 3513 (ι
281 3440 301 3586 ζ
336 3439 418 3497 Ere
445 3442 526 3498 his
554 3441 796 3513 aliquem.

230 3512 278 3584 (2
338 3514 439 3569 Per
460 3530 668 3586 precem
698 3512 791 3569 Ioh

229 3512 301 3586 (2)
338 3514 439 3569 Per
460 3530 668 3589 precem
698 3512 969 3569 Iohannis.

230 3628 300 3704 (a)
326 3630 382 3688 In
426 3628 753 3704 quibusdam
803 3628 1201 3687 recentioribus
1245 3644 1375 3686 mss.
1408 3632 1740 3704 prwscientia

172 3710 250 3758 est.
1620 3724 1623 3731 ’

230 3773 300 3844 (b)
329 3774 422 3831 Hie
463 3774 680 3846 phrasis
727 3785 809 3829 est
838 3788 1011 3843 grarca
1064 3774 1131 3828 ad
1183 3773 1410 3830 verbum
1438 3789 1735 3843 expressa;

172 3847 248 3900 οὐκ
263 3845 496 3905 ἀπώλεσα
521 3848 574 3914 ἐξ
599 3849 765 3903 αὐτῶν
791 3845 1069 3914 οὐδέναξιιι
1091 3846 1318 3917 vulgatis
1336 3861 1397 3901 ex
1408 3858 1600 3916 puncta
1623 3856 1742 3904 erat

173 3918 410 4041 particula
438 3936 542 3974 non
570 3931 757 3973 contra
791 3920 952 3974 fidem
977 3932 1103 3973 mss.
1154 3933 1383 3988 quormn
1415 3920 1470 3973 in
1503 3919 1737 3975 nonnul-

191 3988 249 4041 is.
275 4004 367 4041 pro
398 3992 676 4041 neminem.
704 3990 1002 4041 repositum
1031 3999 1115 4041 est
1142 3991 1382 4041 aliuuem.

191 3988 249 4055 is,
275 4004 367 4059 pro
398 3992 676 4054 neminem,
704 3990 1002 4059 repositum
1031 3999 1115 4044 est
1142 3991 1382 4059 aliquem.

230 4025 249 4055 ι,
309 4005 367 4045 ro
398 4005 676 4054 rtemmem,
704 4004 1002 4059 reposuum
1031 4004 1115 4044 εει
1142 4004 1382 4059 aliquem.

230 4004 306 4134 (ες
360 4061 482 4117 Par.
545 4078 637 4134 per
684 4077 879 4127 precem
945 4061 1182 4134 Joannis.
1262 4060 1549 4134 Editiones
1622 4062 1743 4134 alite

173 4129 251 4202 per
275 4129 464 4201 precem
489 4152 524 4189 a
547 4129 774 4189 Joanne.
827 4133 1044 4188 Reatius
1090 4148 1221 4188 mss.
1252 4132 1306 4186 in
1333 4129 1538 4185 Joanne
1567 4173 1581 4191 .
1639 4132 1742 4190 hoc

172 4212 260 4276 est,
303 4221 419 4274 qua:
457 4214 643 4262 exstat
666 4206 720 4259 in
752 4204 1044 4276 Evangelio
1086 4204 1327 4276 Joannis.
1398 4203 1606 4259 Similis
1657 4216 1741 4261 est

174 4271 404 4348 loquendi
431 4276 628 4333 modus
657 4276 872 4348 Fragm.
898 4271 939 4338 ἰ.
970 4292 1117 4331 num.
1141 4275 1197 4330 2.

233 4344 305 4417 (ἀ)
335 4348 474 4404 Editi
504 4365 627 4404 cum
652 4344 891 4402 ttnovms.
928 4348 1160 4417 Betuig.,
1192 4347 1401 4417 duobus
1420 4344 1599 4417 Coll),
1635 4363 1740 4403 uno

172 4415 380 4475 Sorbon.
415 4421 525 4484 ﬁlio
555 4421 797 4475 hominis.
837 4418 1027 4473 Verius
1051 4415 1315 4473 vetustior
1338 4416 1519 4483 Colb.,
1544 4416 1737 4484 Cnrb.,

174 4486 337 4562 _Vind.,
361 4492 497 4549 alter
526 4493 760 4562 Remig.,
792 4491 1002 4558 Germ,
1035 4491 1179 4545 Prat.
1208 4497 1317 4545 etc.
1345 4489 1440 4559 ﬁlii
1480 4491 1734 4545 hominis:

175 4557 263 4615 hoc
284 4574 364 4618 est
386 4604 400 4626 ,
454 4564 586 4621 licet
604 4557 854 4618 Christus
882 4557 1077 4631 corpus
1107 4561 1305 4617 haheat
1346 4557 1462 4616 non
1509 4564 1739 4617 terrenis

173 4631 460 4690 inchoatum
491 4635 799 4702 elementis,
829 4644 1014 4703 utpme
1042 4634 1195 4703 cujus
1220 4634 1470 4704 princeps
1495 4642 1580 4687 est
1609 4649 1738 4704 sau-

1841 1896 1968 1951 dum
1999 1896 2269 1962 nesciunt,
2316 1897 2455 1968 quod
2483 1906 2538 1951 et
2563 1896 2733 1953 doleri
2765 1911 2986 1954 necesse
3012 1905 3099 1954 est
3125 1905 3179 1953 et
3211 1895 3410 1953 timeri.

1913 1991 2004 2046 45.
2046 1988 2174 2045 Tres
2226 1992 2372 2061 pueri
2401 1990 2643 2062 flammas
2677 2008 2777 2047 non
2821 1993 3021 2047 timent.
3063 1990 3235 2046 Multo
3275 1991 3440 2063 magis

1842 2081 2098 2138 Christus.
2133 2112 2203 2125 --
2228 2084 2424 2155 Quaero
2445 2084 2592 2141 enim
2624 2100 2690 2141 an
2721 2092 2904 2157 pastas
2932 2085 2998 2141 ad
3027 2084 3443 2141 fomenta‘exze-

1841 2177 2054 2234 stnandi
2086 2178 2395 2252 Babylonia:
2440 2180 2681 2236 fornacis
2712 2179 2962 2236 flammas
2984 2179 3243 2236 Israelita:
3286 2178 3437 2250 pueri

1844 2271 2144 2340 timuerint,
2175 2282 2231 2328 et
2253 2284 2431 2329 utrum
2464 2273 2517 2329 in
2548 2272 2678 2329 illud
2711 2272 2780 2348 (Ῑ)
2827 2281 3028 2330 nostra:
3066 2272 3440 2345 conceptionis

1843 2379 2041 2438 corpus
2084 2375 2260 2423 metus
2303 2367 2436 2423 tanti
2485 2368 2623 2441 ignis
2679 2368 2965 2426 incesserit
3020 2366 3184 2441 (Dan.
3210 2366 3436 2439 "1.25).

1841 2443 2038 2526 Quaero
2067 2462 2250 2527 etiam,
2299 2476 2369 2516 an
2408 2459 2490 2536 (4)
2538 2461 2941 2519 circumamhiri
2988 2462 3068 2537 (g)
3105 2476 3164 2518 se
3200 2461 3439 2519 ﬂammis

1843 2554 2137 2613 doluerint.
2167 2555 2274 2613 Sed
2299 2554 2437 2612 forte
2464 2555 2683 2624 idcirco,
2715 2556 2836 2628 quia
2863 2572 2970 2612 non
3000 2557 3107 2613 usti
3134 2567 3282 2625 sunt,
3307 2556 3442 2615 nihil

1843 2649 2061 2706 doleant
2087 2668 2104 2716 ;
2170 2660 2224 2706 et
2252 2658 2364 2706 tum
2392 2649 2593 2707 afuisse
2624 2650 2835 2720 ignibus
2865 2659 3055 2708 natura
3083 2651 3277 2709 urendi
3321 2653 3440 2709 exi-

1843 2745 2170 2802 Slimabillll‘.
2211 2745 2373 2803 Certe
2395 2745 2512 2802 haec
2538 2753 2726 2802 natura
2755 2748 3002 2817 corporis
3031 2755 3171 2816 erat,
3196 2759 3256 2803 ut
3279 2756 3335 2804 et
3358 2748 3443 2805 ttri

1844 2853 1905 2895 se
1937 2839 2177 2905 timeret,
2209 2848 2265 2896 et
2292 2850 2475 2908 posset
2501 2840 2606 2895 uri.
2645 2839 2800 2909 Quod
2838 2840 2882 2895 si
2914 2854 3010 2911 per
3036 2839 3286 2909 spiritum
3317 2839 3443 2897 lidei

1846 2943 2062 2991 terrena
2094 2949 2346 3005 corpora,
2375 2933 2426 2990 id
2450 2944 2532 2989 est
2558 2976 2573 3000 ,
2618 2935 2915 2992 secundum
2946 2935 3220 2992 elementa
3250 2948 3441 2990 causa-

1848 3044 1963 3084 rum
1993 3030 2364 3085 communium
2397 3028 2630 3095 initiata,
2678 3045 2853 3100 neque
2882 3030 2960 3085 uri
2992 3036 3301 3099 potuerunt,
3341 3042 3443 3084 nec

1846 3122 2072 3177 timere:
2118 3136 2237 3192 quae
2280 3136 2410 3192 ergo
2457 3135 2552 3190 per
2583 3119 2741 3177 tidem
2779 3120 2870 3176 Dei
2917 3122 2970 3175 in
2995 3119 3214 3175 homine
3253 3128 3442 3176 contra

1848 3221 2095 3270 naturam
2126 3222 2273 3281 sunt,
2298 3228 2359 3269 ea
2383 3212 2462 3287 (h)
2485 3214 2537 3268 in
2563 3213 2672 3269 Deo
2699 3212 2995 3269 secundum
3026 3212 3275 3268 virtutem
3314 3208 3442 3281 Spié

1847 3308 1984 3365 ritus
2012 3306 2079 3363 ad
2103 3317 2312 3364 natura:
2341 3307 2605 3380 originem
2640 3306 2889 3364 inchoata
2916 3348 2931 3375 ,
2979 3321 3087 3364 non
3114 3314 3243 3363 sunt
3287 3316 3444 3362 natu-

1929 3443 2009 3593 (δὲ
2059 3444 2310 3502 Virtutem
2333 3445 2557 3519 corpori.

1929 3517 1979 3590 (4
2044 3517 2495 3586 Circumamburi;
2548 3519 2557 3573 i

1919 3517 2004 3590 ('4)
2044 3517 2495 3586 Circumamburi;
2548 3519 2600 3573 in
2629 3527 2820 3575 nostro
2849 3518 3058 3575 codice.

1848 3634 2012 3710 uirtus
2034 3634 2287 3710 Altissimi
2315 3635 2561 3710 virginem
2587 3634 2926 3697 obumbravit.
2950 3635 3313 3710 inﬁrmitatem
3333 3640 3445 3710 ejus

1852 3705 2001 3778 (puta
2031 3704 2302 3792 corporis)
2346 3704 2506 3790 veluti
2536 3704 3442 3792 per.umbrautncircttmfusa‘conﬁr-

1848 3793 2014 3851 mans,
2061 3789 2118 3851 ut
2171 3779 2239 3831 ad
2266 3780 2590 3851 sementivam
2623 3778 2846 3835 ineuntis
2868 3778 3118 3851 (Spiritus
3155 3778 3443 3851 efﬁcaciam

1847 3849 2185 3903 substantiam
2214 3850 2534 3920 corporalem
2567 3856 2667 3919 (ex
2695 3865 2755 3905 sc
2797 3850 3089 3918 infirmam)
3124 3849 3311 3905 diuina:
3335 3852 3439 3904 uir-

1848 3922 1971 3975 tutis
2000 3922 2306 3975 inumbratio
2332 3931 2656 3990 temperaret.
2708 3920 2956 3977 Pressius
2981 3937 3129 3976 nutn.
3162 3920 3268 3975 27:
3322 3921 3442 3977 Ini-

1851 3992 1923 4046 tia
1952 3993 2194 4046 nascendi
2218 3992 2446 4064 Spiritus
2472 4001 2677 4064 sanctus
2698 3993 3122 4064 superuenienset
3142 3992 3441 4049 inumbrans

1850 4064 2010 4116 uirtus
2037 4064 2287 4118 Altissimi
2307 4063 2607 4125 moliuntur.
2645 4063 2701 4118 Ιιι
2726 4062 2920 4131 quibus
2937 4062 3169 4133 Spiritus
3197 4072 3436 4133 sanctus,

1850 4133 1901 4188 id
1931 4145 2015 4189 est
2043 4133 2304 4206 Verbum,
2352 4144 2406 4189 et
2427 4146 2482 4190 ιιι
2510 4146 2791 4206 susceptor
2810 4140 3054 4206 corporis
3075 4176 3089 4198 ,
3135 4143 3192 4190 et
3235 4145 3291 4206 ιιι
3321 4151 3439 4190 sus-

1849 4207 1988 4275 cepti
2012 4220 2173 4260 causa
2198 4204 2442 4260 effectrix
2465 4204 2859 4261 consideratur.
2887 4205 3124 4273 Utroque
3146 4205 3305 4260 modo
3327 4207 3440 4261 vir-

1851 4287 1935 4349 tus
1955 4286 2037 4331 est
2058 4278 2323 4349 corporis.
2354 4279 2469 4334 sive
2496 4278 2628 4333 illud
2654 4278 2959 4345 condendo,
2989 4277 3105 4334 sive
3127 4278 3305 4334 divina
3339 4293 3436 4349 per

1848 4347 1976 4402 illud
2006 4348 2303 4408 operando.

1919 4418 1992 4492 if)
2043 4419 2098 4475 In
2142 4418 2330 4475 codice
2363 4420 2483 4476 Vat.
2533 4420 2650 4477 bas.
2686 4432 2878 4477 nostra:
2913 4422 3104 4476 carnis.
3135 4421 3358 4479 Rectius
3385 4422 3436 4478 in

1841 4489 2211 4564 aliis,nostrre
2232 4495 2602 4563 conceptionis.
2659 4493 2808 4549 Alias
2858 4509 2962 4549 non
3001 4494 3432 4564 apparetdiscri-

1842 4578 1965 4619 men
1998 4562 2529 4635 interglsraelitarmn
2562 4574 2617 4621 et
2648 4565 2843 4619 tLhristi
2874 4562 3103 4635 corpus:
3154 4564 3296 4632 quod
3328 4582 3435 4622 nott

1842 4650 2026 4697 carne,
2060 4633 2155 4690 sed
2185 4637 2548 4703 conceptione
2583 4653 2611 4691 a
2645 4636 2802 4692 nobis
2828 4633 3031 4691 distare
3060 4637 3292 4692 Hilarius
3334 4637 3434 4693 do-

1172 4682 1281 4760 verst
1309 4682 1449 4759 lilitis
1479 4703 1733 4772 hominis,
1763 4682 1819 4744 Ῑ)
1844 4682 2157 4762 Eeiés'otét'.
2202 4682 2438 4762 υἱιἇέϊῆ
2462 4682 2611 4764 Ῥέξιιῗ
2640 4682 2842 4774 Inﬁt.
3337 4682 3438 4763 δ’εὲ

173 4789 311 4900 ἔξω
341 4777 574 4900 \Iiirginis
600 4777 765 4833 ﬁlius.
799 4778 930 4833 Cum
956 4777 1040 4832 his
1075 4777 1264 4833 confer
1292 4786 1564 4847 postrema
1587 4793 1734 4833 num.

258 4864 349 4900 ver
371 4865 436 4900 la.

258 4850 436 4904 verba.

233 4917 296 4992 (e)
326 4920 710 4977 Prmdictorum
728 4935 858 4976 mss.
886 4919 1207 4977 auctoritate
1224 4919 1558 4977 restituimus
1578 4920 1741 4975 uirtu-

175 4997 260 5066 tem
276 4994 521 5066 corporis,
547 4994 846 5066 praesertim
868 5006 988 5048 cum
1012 5008 1162 5050 num.
1189 4992 1281 5060 2'5,
1299 4993 1407 5062 jam
1426 4993 1735 5066 legerimus,

182 5058 341 5118 Virtus
361 5058 612 5134 'corporis
642 5064 755 5119 sine
798 5080 949 5120 sensu
980 5079 1143 5133 paena:
1162 5058 1450 5134 vim'pmmc
1470 5058 1523 5116 in
1548 5080 1602 5118 se
1644 5058 1736 5117 deé

174 5134 404 5191 meientis
428 5135 646 5202 excepit,
688 5150 752 5190 ac
781 5150 992 5190 rursum
1018 5151 1166 5189 num.
1194 5134 1287 5202 46,
1309 5134 1544 5190 audituri
1569 5135 1739 5190 simus

172 5210 396 5276 corporis
441 5207 612 5263 nostri
653 5205 931 5277 passiones
959 5221 989 5261 a
1021 5206 1236 5263 Christo
1279 5208 1466 5261 virtute
1503 5207 1738 5278 corporis

174 5278 244 5329 sui
265 5288 557 5348 susceptas.
596 5278 652 5334 In
681 5279 910 5350 vulgatis
935 5287 1116 5334 autem
1144 5295 1208 5334 ac
1226 5279 1467 5345 pluribus
1490 5293 1622 5332 mss.
1645 5294 1739 5333 ex-

175 5357 270 5403 stat
292 5350 525 5405 rirtutem
543 5349 942 5421 corpori,’quod
963 5359 1190 5420 prepter
1219 5350 1439 5405 verbum
1464 5350 1739 5421 admiscuit

176 5432 269 5493 non
292 5423 428 5477 male
457 5430 633 5477 sonat.
686 5421 798 5476 Hoc
820 5419 1022 5493 quippe
1055 5421 1255 5476 dictutn
1286 5435 1407 5475 esse
1435 5419 1646 5477 videtur
1671 5423 1739 5478 de

177 5486 321 5548 Verbi
348 5508 468 5548 eum
493 5505 684 5549 natura
729 5486 909 5550 nostra
922 5486 1322 5557 conjunctione
1342 5532 1357 5555 ,
1407 5507 1531 5563 quae
1559 5492 1650 5547 lib.
1678 5508 1736 5560 tt,

177 5576 226 5615 ιι.
251 5563 339 5631 26,
366 5564 541 5620 fusius
567 5567 645 5622 sic
673 5573 984 5621 enarratur:
1011 5563 1241 5634 Spiritus
1267 5575 1474 5619 sanctus
1497 5563 1560 5618 de
1582 5580 1738 5634 super

175 5635 361 5691 veniens
384 5637 593 5709 virginis
614 5639 859 5693 interiora
876 5635 1217 5708 sanctiﬁcavit
1243 5680 1257 5703 ,
1293 5637 1413 5692 etin
1436 5635 1515 5690 his
1535 5637 1739 5703 spirans

177 5715 359 5763 natura:
386 5725 440 5764 se
464 5708 700 5766 humanis
726 5711 898 5765 carnis
923 5710 1197 5765 immiscuit
1226 5750 1241 5777 ,
1290 5719 1337 5764 et
1365 5709 1419 5762 id
1443 5708 1581 5778 quod
1606 5709 1736 5763 alie-

177 5792 287 5845 πψτη
304 5796 341 5856 tt
349 5796 408 5856 se,
426 5791 559 5856 erat,
583 5782 628 5856 ui
655 5799 751 5856 sua
776 5790 1101 5856 acmotestate
1124 5780 1453 5856 praesumpsit
1465 5795 1492 5856 _:
1508 5791 1656 5856 atque
1680 5789 1736 5835 ut

181 5840 235 5903 rte
258 5840 376 5921 Quid
403 5844 494 5926 per
519 5840 914 5911 imbecillitatem
945 5840 1159 5910 [inmani
1184 5840 1417 5928 corpoiis
1441 5840 1729 5925 dissideret,

1846 4778 1990 4848 ﬁlius
2016 4788 2135 4833 ante
2162 4780 2354 4834 steeula
2383 4797 2614 4845 manens,
2646 4783 2883 4835 humana:
2907 4790 3109 4836 natura:
3138 4780 3313 4835 habitu
3335 4823 3348 4840 .
3382 4783 3437 4836 id

1846 4860 1957 4933 est,
1988 4850 2150 4904 nostri
2187 4852 2418 4922 corporis
2459 4864 2611 4923 atque
2636 4853 2825 4907 anima:
2850 4849 3005 4908 homo
3034 4869 3096 4908 ea;
3122 4863 3274 4925 partu
3310 4851 3432 4908 Vir-

1842 4931 1977 4993 ginis
2001 4931 2169 4993 natus.

1917 4993 1994 5065 (g)
2027 4992 2158 5048 Bad.
2208 5002 2262 5047 et
2293 4993 2379 5065 Er.
2435 4993 2798 5065 circumaduri.
2828 4994 2957 5052 Mss.
3001 4993 3191 5064 Corin,
3216 4996 3436 5053 Pratell.

1847 5064 1953 5141 e_tc.
1991 5105 2031 5141 ,_
2061 5064 2478 5141 circumantburi.
2507 5067 2677 5141 _Tres
2723 5064 2898 5141 Yatic.
2953 5083 3073 5123 cum
3118 5068 3330 5141 Remig.
3380 5080 3437 5127 et

1845 5135 2054 5191 Tltecd.
2076 5176 2091 5197 ,
2148 5136 2473 5192 circumburi.
2506 5138 2668 5195 Vind.
2699 5138 2764 5193 ad
2794 5139 2955 5203 Silv.,
2985 5135 3431 5198 circumconiburi.

1845 5206 2003 5262 Coll).
2035 5223 2099 5262 ac
2146 5208 2327 5267 Germ.
2357 5250 2373 5273 ,
2421 5226 2536 5265 cum
2561 5210 2778 5266 amburi.
2828 5212 2992 5267 Carn.
3023 5213 3244 5266 amburi.
3276 5212 3432 5269 Parvi

1848 5278 2078 5353 interest
2101 5295 2222 5353 quae
2253 5295 2317 5335 ex
2349 5280 2433 5336 his
2463 5282 2781 5339 lectionibus
2806 5285 3143 5353 prmferatur.
3170 5283 3221 5337 Id
3251 5284 3429 5350 ipsum

1848 5348 1920 5404 ita
1949 5350 2000 5405 in
2035 5350 2181 5406 Psal.
2203 5365 2391 5418 chtv,
2424 5370 2477 5407 ιι.
2510 5354 2577 5409 15
2602 5396 2617 5415 .
2671 5348 3014 5410 enuntiatur:
3056 5352 3177 5408 Illis
3219 5348 3433 5410 iuraris

1846 5421 2060 5495 humore
2089 5423 2224 5494 ignis
2242 5433 2575 5492 temperatur,
2599 5426 2693 5481 hos
2718 5437 3008 5483 exarstuans
3026 5425 3158 5495 ignis
3186 5424 3429 5482 amburit.

1841 5490 1984 5575 Ipsa:
2017 5490 2156 5573 intus
2184 5490 2429 5575 extraque.
2447 5490 2674 5575 ﬂamma:
2692 5511 2807 5555 sunt
2832 5541 2846 5562 ,
2894 5490 3114 5575 quorum
3146 5515 3236 5575 pro
3264 5500 3432 5575 diuer-

1839 5567 1992 5641 sitate
2011 5567 2308 5621 meritorum
2323 5579 2372 5624 et
2394 5567 2564 5641 deﬁcit
2589 5590 2621 5627 a
2642 5588 2694 5625 se
2715 5567 2920 5635 natura,
2950 5585 3040 5624 nec
3069 5570 3261 5641 deﬁcit.
3289 5569 3430 5627 Nam

1842 5637 1981 5707 quod
2007 5648 2101 5702 est,
2130 5651 2303 5693 manet
2332 5637 2565 5719 erga'eos
2590 5644 2723 5714 ignis
2748 5658 2857 5719 esse
2884 5658 3011 5712 quos
3039 5637 3175 5711 urit;
3216 5654 3261 5700 ct
3291 5646 3430 5719 quod

1838 5720 2059 5783 nonest,
2095 5727 2296 5767 necesse
2321 5723 2396 5766 est
2418 5714 2474 5767 in
2497 5714 2576 5768 his
2606 5713 2714 5769 esse
2738 5713 2918 5783 quibus
2947 5730 3032 5770 ros
3061 5726 3153 5770 est.

1912 5781 1989 5854 (h)
2018 5783 2176 5854 Apud
2206 5783 2318 5854 ΕΓ..
2348 5783 2497 5853 Lips.
2520 5794 2577 5843 et
2606 5781 2757 5854 Pan,
2784 5787 2836 5843 in
2861 5784 2969 5842 Deo
2990 5786 3212 5846 homine.
3262 5788 3429 5848 Abest

1837 5848 2041 5910 homine
2060 5848 2091 5913 ti
2113 5852 2245 5912 Bad.
2268 5861 2325 5912 et
2351 5848 2481 5913 ms“
2552 5911 2565 5920 ,

2388 6074 2419 6111 /
