3988 6332
563 274 667 330 579

1755 277 2000 338 SANCTI
2039 281 2294 342 “ILABII
2336 285 2640 346 EPISCOP]
3704 309 3780 365 580

561 390 752 448 raliter
777 391 1118 449 aestimanda.
1151 392 1327 450 Vincti
1363 393 1517 466 pueri
1543 395 1596 451 in
1625 395 1808 453 medio
1839 398 1977 470 ignis
2003 411 2160 456 sunt:
2191 404 2241 464 Α
2271 405 2606 476 propositum
2635 404 2860 465 ﬁrmitas
2903 408 2984 483 (5)
3022 409 3266 480 corporis
3294 409 3367 485 (ὁ)
3396 411 3668 486 invehatur,
3699 424 3785 476 ani.

565 483 744 556 ignem
770 499 876 541 non
898 485 1109 555 timent,
1128 485 1212 561 (l)
1234 487 1360 542 dum
1389 487 1552 565 353
1585 489 1659 564 (a)
1673 491 1972 558 scandunt;
2000 491 2162 548 flam-

567 590 684 630 mas
710 592 817 632 non
843 577 1103 645 sentiunt,
1132 579 1260 635 dum
1290 589 1483 646 orant;
1508 582 1588 638 uri
1620 596 1727 638 non
1755 592 2001 654 possunt,
2032 584 2162 641 dum

565 667 618 726 in
651 668 758 740 igni
788 678 933 725 sunt.
957 669 1213 726 Naturam
1242 673 1462 727 susmin
1494 672 1577 728 his
1595 681 1651 730 et
1677 689 1909 746 corpora
1939 687 1995 732 et
2024 675 2163 746 ignis

564 762 793 827 amittit;
847 779 969 820 nam
997 781 1175 834 neque
1203 767 1289 823 illa
1324 779 1577 835 uruntur,
1606 783 1782 842 neque
1811 771 1901 826 ille
1923 770 2066 826 urit:
2107 777 2165 827 et

572 866 748 912 tamen
777 858 829 912 in
852 860 1066 914 cmteris
1094 859 1150 916 in
1185 871 1377 916 natura
1403 879 1495 917 sua
1519 873 1602 918 est
1628 874 1682 917 et
1698 863 1839 936 ignis
1863 875 1916 920 et
1941 880 2158 935 corpus;

566 965 690 1006 nam
730 954 1148 1013 circumstantes
1185 958 1416 1025 ardent,
1462 972 1514 1015 et
1545 975 1717 1030 ptente
1758 962 2058 1020 ministeria
2106 963 2162 1021 in

568 1057 727 1112 pinna
758 1054 903 1099 sunt.
928 1045 1046 1101 Non
1081 1048 1183 1113 vis,
1205 1047 1374 1122 impie
1414 1050 1697 1116 lia-retice,
1745 1063 1797 1108 ut
1837 1052 1914 1126 (2)
1946 1067 2158 1112 transe-

565 1146 697 1192 unte
729 1141 934 1209 palmas
960 1140 1116 1194 clavo
1139 1139 1387 1198 Chri~tns
1419 1159 1526 1198 non
1548 1144 1806 1211 doluerit,
1847 1162 2023 1224 neque
2051 1148 2168 1204 vnl-

568 1247 670 1285 nus
702 1231 834 1286 illud
878 1233 1080 1289 nullam
1114 1236 1469 1292 acerbitatem
1517 1238 1609 1293 teli
1641 1241 2052 1311 compungentis
2080 1241 2165 1297 in-

566 1325 770 1379 tulerit.
800 1325 1080 1397 Interrogo
1104 1344 1204 1384 cur
1237 1329 1564 1402 pueri-ignes
1594 1347 1699 1386 non
1729 1333 2031 1400 timuerint,
2063 1349 2164 1391 nec

569 1416 882 1474 doluerint:
929 1428 1024 1475 aut
1071 1411 1294 1492 quid‘in
1350 1438 1540 1478 eorum
1593 1424 1914 1496 corporibus
1958 1434 2167 1482 natura:

567 1510 751 1577 fuerit,
779 1519 838 1567 ut
865 1523 1114 1568 naturam
1142 1515 1278 1585 ignis
1307 1515 1618 1572 excederet.
1659 1516 1813 1586 Quod
1845 1516 1892 1572 si
1922 1516 1997 1572 illi
2028 1516 2156 1575 ﬁdei

565 1605 767 1672 calore,
797 1614 854 1662 et
887 1608 1024 1662 beati
1061 1609 1301 1680 martyrii
1332 1611 1502 1681 gloria
1537 1610 1730 1668 timere
1761 1613 2008 1667 nesciunt
2040 1628 2166 1684 qua)

569 1699 868 1768 timentur;
923 1701 1172 1758 Christus
1203 1704 1420 1761 etiamsi
1443 1706 1694 1764 vitiorum
1727 1719 2035 1762 nostrorum
2059 1707 2170 1764 ori-

2269 507 2583 572 matumque
2635 517 2832 574 corpus
2883 503 2936 559 in
3012 502 3064 559 id
3118 518 3179 560 se
3243 515 3442 563 tantum
3502 512 3710 578 sentiat,
3745 518 3784 572 in

2268 592 2410 664 quod
2479 591 2674 651 anima:
2719 594 2900 651 studio
2962 611 3378 667 commovetur;
3445 611 3498 660 ut
3541 604 3662 676 quod
3705 608 3784 677 pati

2267 684 2480 740 animus
2545 686 2736 757 gloriae
2799 688 3097 756 cupiditate
3147 690 3222 766 (c)
3284 694 3605 764 contemnit,
3661 697 3702 752 id
3743 716 3787 757 se

2268 778 2376 847 pati
2441 793 2638 847 corpus
2698 780 2877 836 anima
2947 793 3231 852 vegetante
3300 801 3404 842 non
3451 789 3643 844 sentiat.
3696 791 3790 849 "iPC

2268 868 2313 923 si
2356 869 2409 925 in
2460 869 2768 926 hominibus
2800 877 3064 930 naturalia
3096 887 3224 933 sunt
3268 893 3361 948 per
3407 880 3588 936 animae
3626 883 3682 938 ad
3706 885 3789 953 glo-

2269 963 2664 1020 riamardvntis
2691 966 2948 1037 calorem,
2985 979 3041 1024 ut
3084 970 3361 1042 passiones
3419 988 3538 1028 suas
3583 979 3789 1047 nesciant,

2269 1065 2322 1112 et
2383 1057 2605 1113 vulnera
2653 1059 2925 1132 ignorent,
2972 1071 3026 1118 et
3087 1073 3290 1120 mortes
3343 1079 3446 1120 non
3499 1067 3789 1139 intelligant:

2268 1150 2432 1225 355
2481 1153 2738 1210 Dominus
2783 1155 2866 1230 (ἀ)
2911 1173 3039 1212 vero
3059 1160 3243 1230 gloria:
3271 1159 3427 1217 Jesus
3455 1159 3693 1230 Christus,
3728 1181 3794 1222 cu-

2264 1244 2350 1314 jus
2381 1256 2434 1299 et
2472 1244 2679 1302 ﬁmbria
2713 1246 2881 1304 virtus
2910 1259 3015 1317 est,
3059 1250 3215 1323 cujus
3239 1263 3428 1324 sputus
3454 1264 3506 1310 et
3539 1271 3698 1313 Sermo
3729 1275 3795 1314 n2-

2269 1346 2390 1393 tura
2419 1339 2664 1408 corporis
2693 1350 2795 1408 est,
2824 1340 2950 1398 dum
2981 1355 3032 1397 et
3061 1360 3283 1400 mancus
3331 1347 3442 1418 jam
3487 1363 3583 1404 non
3624 1366 3794 1408 mancus

2271 1448 2486 1488 manum
2515 1434 2738 1506 jubetur
2778 1438 3094 1506 extendere,
3144 1451 3196 1494 et
3242 1456 3421 1498 eiectis
3463 1454 3608 1498 natus
3649 1447 3798 1502 nativi-

2272 1528 2396 1583 tatis
2423 1527 2547 1583 vitia
2573 1543 2678 1584 non
2703 1534 2890 1599 sentit,
2937 1543 2991 1588 et
3042 1545 3264 1592 truncus
3311 1551 3441 1595 aure
3486 1555 3583 1594 non
3631 1547 3797 1606 truncus

2272 1627 2374 1684 est,
2419 1619 2470 1675 in
2519 1636 2580 1677 ca
2639 1621 2947 1680 inﬁrmitate
2999 1629 3302 1698 compuncti
3358 1644 3422 1685 ac
3459 1630 3668 1687 dolentis
3711 1647 3797 1689 cor-

2275 1711 2419 1782 poris
2448 1711 2812 1786 deputabitur,
2845 1716 2896 1771 in
2925 1732 3026 1786 qua
3047 1718 3311 1789 gloriosos
3338 1736 3404 1777 ac
3425 1722 3602 1780 beatos
3621 1725 3736 1782 virus
3758 1724 3799 1781 ii-

568 1796 695 1865 gine
715 1804 865 1852 esset
896 1810 1195 1870 conceptus
1223 1843 1237 1867 ,
1295 1809 1477 1858 tamen
1509 1817 1605 1873 per
1645 1819 1860 1859 crucem
1885 1819 2170 1862 mansurus
2201 1807 2246 1867 Β
2274 1804 2360 1862 dei
2391 1823 2502 1862 sua:
2530 1807 2751 1878 spiritus
2779 1822 2885 1864 non
2916 1810 3168 1883 reliquit?

575 1887 733 1954 Deus,
769 1898 826 1945 et
845 1891 1106 1947 mundum
1133 1892 1491 1964 iudicaturus,
1527 1906 1580 1951 et
1603 1912 1696 1952 rex
1717 1904 2041 1954 internarum
2069 1913 2172 1954 sm-

569 1983 812 2040 eulorum
845 1983 1078 2054 iuturus,
1110 1987 1281 2043 tristis
1313 1999 1457 2045 metu
1485 1991 1662 2047 crucis
1683 1993 1867 2047 esset?
1916 2002 1971 2048 et
1995 2001 2172 2049 tanto-

571 2090 690 2130 rum
723 2079 1070 2146 praemiorum
1104 2080 1425 2151 immemor,
1476 2085 1648 2156 turpis
1692 2093 1869 2141 metus
1897 2085 2172 2144 anxietate

569 2170 907 2239 trepidaret?

635 2262 729 2320 46.
773 2263 929 2322 Fidei
953 2267 1027 2322 vis
1056 2269 1125 2324 ad
1143 2270 1419 2325 arcendum
1446 2271 1692 2328 dolorem.
1727 2303 1798 2315 -
1829 2273 2015 2330 Daniel
2045 2289 2172 2346 pro-

567 2354 744 2427 plietre
792 2359 1022 2429 prandio
1059 2362 1326 2432 alendus,
1376 2365 1592 2421 leonum
1638 2365 1812 2421 lacum
1843 2383 1949 2423 non
1992 2369 2166 2423 timet.

565 2447 809 2526 Apostoli
842 2457 978 2513 cmdi
1002 2471 1063 2514 se
1089 2474 1188 2530 pro
1207 2460 1405 2515 Christi
1436 2462 1655 2516 nomine
1684 2472 1739 2518 et
1771 2463 1877 2532 pati
1908 2463 2166 2534 gaudent.

565 2547 734 2604 Paulo
759 2549 947 2606 libatio
969 2567 1067 2607 sua
1090 2567 1291 2608 corona
1311 2555 1536 2623 iustitiae
1561 2564 1664 2611 est.
1691 2554 1999 2610 Desecanda
2028 2556 2167 2612 colla

563 2655 660 2695 sua
695 2644 1112 2711 percussoribus
1138 2661 1262 2701 cum
1287 2646 1510 2718 hymnis
1534 2647 1795 2719 Martyres
1830 2648 2080 2715 tendunt,
2111 2656 2172 2708 et

564 2735 862 2793 mdiiioatos
883 2739 986 2793 sibi
1016 2741 1269 2812 congerie
1298 2740 1567 2814 lignorum
1607 2742 1759 2813 ignes
1785 2757 1907 2797 cum
1940 2743 2166 2798 canticis

564 2831 850 2886 scandunt.
885 2830 1068 2903 Usque
1091 2849 1156 2890 eo
1183 2849 1378 2890 sensus
1407 2835 1550 2901 lidei,
1585 2844 1867 2914 perempto
1897 2835 1950 2889 in
1966 2849 2164 2906 corpo-

564 2921 714 2978 ribus
738 2925 996 2980 naturalis
1019 2925 1350 2982 inﬂrmitatis
1367 2938 1536 2994 metu,
1553 2941 1782 2998 corpora
1809 2929 1922 2998 ipsa
1951 2931 2020 2983 ad
2040 2944 2163 2984 seu-

560 3029 681 3072 sum
711 3031 816 3073 non
853 3019 1123 3076 sentiendi
1180 3021 1389 3078 doloris
1437 3031 1666 3093 emetat,
1715 3032 1772 3078 ut
1817 3037 1916 3094 per
1960 3023 2161 3078 animae

664 3155 718 3217 ι)
759 3155 894 3214 Dum
919 3157 1244 3214 inscendunt.

664 3155 718 3226 ι)
759 3155 894 3214 Dum
919 3157 1244 3214 inscendunt.

635 3155 714 3299 ξε)
761 3223 1128 3285 Transeuntem
1160 3229 1364 3302 palmas
1386 3230 1608 3292 clavum.

565 3395 797 3479 scednnt.
830 3394 994 3479 Corb.
1036 3398 1371 3479 achanimlli
1393 3399 1506 3465 alii,
1544 3398 1825 3479 incedunt:
1852 3394 2061 3479 quibus
2088 3395 2164 3479 l‘a-

566 3474 657 3520 vet
683 3480 834 3521 sacer
861 3473 1039 3526 textus
1063 3509 1077 3534 ,
1110 3468 1375 3526 inducens
1415 3484 1608 3536 pueros
1636 3467 1827 3528 mediis
1852 3467 1905 3524 in
1938 3468 2168 3526 llninniis

569 3539 934 3614 ambulantes.
980 3541 1290 3614 _Antiqni0r
1314 3539 1492 3596 Colb..
1551 3541 1724 3614 ignem
1760 3557 1864 3593 non
1889 3539 2170 3614 timendum

566 3609 832 3664 scindunt.
855 3609 1200 3666 Prii-.l‘erimus
1225 3627 1346 3667 cum
1376 3613 1549 3667 altero
1576 3609 1759 3675 L‘olb.,
1796 3627 1904 3665 uno
1933 3611 2164 3666 Sor-bon.

569 3688 626 3734 et
653 3679 839 3735 Codice
873 3680 993 3738 Vat.
1030 3683 1169 3751 bas.,
1197 3685 1490 3739 scandunt:
1525 3686 1756 3738 maxime
1777 3697 1900 3736 cum
1934 3683 2070 3736 inira
2102 3682 2170 3740 de

571 3751 898 3827 blnrtyribns
926 3770 1140 3810 rursum
1173 3757 1434 3823 legamus,
1480 3755 1765 3827 (adiﬁcatas
1805 3754 1904 3808 sibi
1930 3755 2172 3826 congerie

573 3823 831 3896 lignorum
856 3825 1000 3896 ignes
1030 3843 1142 3881 cum
1172 3828 1385 3882 canticis
1410 3823 1680 3882 scandunt.

640 3894 717 3966 (ι)
761 3896 832 3950 Ita
868 3894 1045 3966 plures
1077 3901 1259 3970 probae
1291 3907 1434 3955 nota:
1474 3914 1606 3956 mss.
1640 3896 1785 3955 Editi
1814 3911 1966 3965 vero,
1997 3897 2170 3968 ﬁrmi-

571 3975 648 4021 tas
670 3970 873 4024 carnari
880 4010 894 4024 .

643 3984 894 4040 :carpart.

643 4035 714 4114 (ο)
758 4039 1022 4097 Vaticanze
1052 4041 1284 4098 basilicae
1313 4058 1439 4108 ms.,
1472 4052 1581 4114 tres
1600 4042 1773 4101 Vatic.
1806 4042 2003 4114 aliique
2033 4056 2171 4097 non-

573 4109 731 4177 nulli,
755 4114 1034 4171 contendit.
1063 4114 1183 4170 Mox
1211 4115 1472 4171 vetustior
1512 4113 1664 4171 Colb.
1691 4157 1707 4184 ,
1736 4109 2045 4181 consentiat,
2074 4127 2174 4185 pro

576 4197 678 4236 nou
700 4187 902 4239 sentiat.

645 4253 727 4329 id)
775 4255 894 4325 En,
924 4256 1071 4328 Lips.
1113 4268 1169 4315 et
1193 4258 1350 4326 Pan,
1395 4274 1527 4313 item
1570 4259 1790 4329 gloriae;
1821 4274 1884 4314 c
1910 4257 2170 4326 subinde,

576 4327 725 4396 cujus
741 4329 816 4401 _in
842 4327 1045 4400 ﬁmbria
1079 4331 1262 4401 :quod
1309 4341 1363 4385 et
1407 4327 1728 4385 liabet—Bad.
1783 4331 2174 4401 reluctantibus

577 4410 707 4472 mss.
741 4397 930 4454 Pus—tea
955 4397 1150 4472 sputus'
1173 4410 1220 4456 et
1257 4417 1422 4456 sermo
1467 4413 1653 4456 natura
1677 4403 1908 4470 corporis
1937 4400 2171 4468 dicitur;

575 4466 704 4544 quia
722 4483 919 4544 corpus
941 4466 1145 4528 natura:
1174 4488 1286 4528 sua:
1317 4474 1621 4544 integritate
1649 4466 1967 4530 destitutum
1994 4466 2172 4531 eidem

577 4540 834 4598 restituit;

653 4610 726 4682 (ε)
767 4611 1023 4671 Nimirum
1063 4632 1131 4688 cx
1163 4615 1400 4687 Virginis
1423 4631 1590 4688 carne
1617 4625 1931 4688 procreatus
1960 4624 2014 4670 et
2051 4625 2173 4687 post

576 4696 772 4777 novem
801 4688 1064 4777 mensium
1093 4687 1586 4777 decursumneditus
1615 4687 1717 4770 est,
1750 4687 2064 4777 qiiiprtctcr
2096 4689 2169 4777 le:
2195 4712 2250 4777 D

576 4767 697 4824 gem
728 4756 1001 4812 hominum
1032 4759 1099 4815 de
1143 4770 1329 4816 sancto
1370 4760 1571 4831 Spiritu
1613 4759 1730 4815 sine
1757 4757 1855 4831 viri
1895 4773 2058 4827 Opera
2089 4769 2173 4822 est

577 4838 900 4904 conceptus.
937 4831 1050 4886 Huc
1093 4832 1220 4888 facit
1255 4828 1569 4904 quod'apud
1621 4828 1974 4900 Epiphaniam
2025 4831 2169 4888 Hier.

577 4897 668 4976 ἶξ).
701 4915 846 4976 num.
879 4902 933 4969 9,
965 4904 1113 4960 aiunt
1139 4897 1376 4974 cpiscoiii
1403 4897 1492 4976 qui
1521 4897 1750 4974 Ancyra
1767 4915 2168 4960 convenerunt:

581 4967 864 5048 ﬂaminum
892 4967 1075 5048 similis
1101 4967 1290 5048 factus,
1317 4967 1366 5030 et
1392 4967 1541 5031 homo
1563 4967 1691 5038 erat,
1712 4985 1760 5030 et
1791 4989 1892 5027 nan
1924 4990 1976 5028 in
2003 4978 2171 5030 omni-

574 5040 669 5125 bus
691 5055 807 5126 .erat
831 5063 848 5100 :
880 5046 1032 5128 homo
1059 5040 1284 5128 quidem,
1311 5056 1558 5128 quatenus
1587 5062 1790 5102 carnem
1828 5048 2050 5128 suscepit
2077 5049 2172 5103 lia-

575 5115 746 5190 ininis,
781 5120 1023 5187 quoniam
1064 5115 1277 5174 Verbum
1305 5115 1424 5173 cara
1465 5120 1654 5190 factum
1679 5130 1794 5184 est;
1839 5115 2167 5176 idem‘autam

573 5187 729 5240 homo
757 5205 857 5262 non
892 5201 1022 5255 erat,
1067 5201 1313 5262 quatenus
1358 5187 1654 5246 steterat-um
1695 5205 1832 5246 more
1880 5202 2034 5245 natus
2063 5208 2166 5249 non

573 5262 765 5330 prerat,
817 5261 914 5317 hac
942 5274 1034 5330 est,
1065 5261 1092 5317 e
1120 5264 1216 5318 viri
1268 5270 1383 5317 satu
1428 5272 1474 5316 et
1513 5264 1773 5334 utriusque
1815 5263 2178 5336 conjunctione

569 5347 726 5387 sexus
736 5375 746 5387 .

645 5407 726 5480 (f)
795 5405 1039 5477 Corporis
1094 5408 1349 5480 virtutem,
1381 5405 1714 5480 divinitatem
1769 5405 2169 5480 intelligendum

573 5477 818 5550 esse'jam
842 5479 1112 5546 diximus;
1141 5493 1311 5549 eaque
1340 5479 1392 5533 in
1415 5479 1671 5549 opinione
1694 5491 1798 5532 non
1823 5477 2170 5537 mediocriter

573 5551 960 5606 eonﬂrmamnr
982 5552 1194 5606 collatis
1220 5551 1368 5605 hisce
1399 5550 1580 5606 verbis
1602 5565 1722 5604 cum
1754 5550 2126 5619 superioribus
2146 5589 2162 5619 ,

574 5619 681 5676 Sed
719 5633 765 5676 et
793 5624 975 5679 uirtute
1005 5635 1203 5678 natura
1233 5637 1340 5676 suae
1365 5639 1544 5691 passus
1569 5632 1660 5677 est.
1695 5621 1748 5675 Id
1781 5624 1924 5676 enini
1959 5623 2030 5677 ibi
2061 5624 2167 5676 uir-

571 5704 676 5749 tute
696 5705 892 5749 naturai
923 5711 1050 5759 sum,
1075 5695 1216 5767 quod
1247 5693 1335 5750 hic
1363 5697 1545 5750 virtute
1581 5694 1809 5767 corporis
1847 5692 1928 5747 sui
1964 5693 2168 5765 signifi-

575 5767 686 5823 cari
721 5768 891 5839 palam
943 5777 1050 5822 est.
1093 5766 1160 5822 At
1204 5782 1325 5821 cum
1359 5784 1543 5838 passus
1591 5766 1776 5822 virtute
1817 5775 2014 5821 natura:
2056 5783 2166 5839 sum

571 5837 913 5911 praedicatur,
945 5848 1000 5894 ut
1043 5849 1091 5909 et
1118 5840 1301 5912 uirtute
1337 5837 1534 5915 natura;
1575 5854 1684 5904 sua:
1725 5846 1876 5911 natus
1912 5846 2021 5912 est,
2053 5837 2163 5900 non

2343 1896 2434 1955 47.
2480 1897 2755 1956 Passiones
2781 1913 2985 1958 nostras
3023 1905 3275 1973 quomodo
3299 1911 3577 1981 susceperit
3596 1908 3793 1967 Christus.

2278 1990 2378 2060 Qui
2405 2002 2611 2063 peccata
2641 2003 2825 2063 portet.
2856 2026 2926 2035 —-
2956 1996 3152 2052 Passus
3183 1998 3346 2070 igitur
3387 2004 3670 2073 unigenitus
3700 2004 3798 2060 Deus

2272 2094 2357 2140 est
2381 2099 2570 2140 omnes
2593 2083 2932 2144 incurrentes
2959 2089 3010 2144 in
3032 2104 3093 2146 se
3112 2093 3421 2162 passionum
3449 2105 3718 2154 nostrarum
3742 2098 3799 2153 in-

2275 2176 2593 2246 firmitates;
2621 2179 2716 2236 sed
2748 2197 2937 2252 passus
2963 2190 3162 2242 virtute
3190 2195 3398 2245 natura;
3427 2204 3556 2260 sua),
3589 2199 3640 2247 ut
3665 2201 3708 2247 et
3727 2194 3800 2247 vir-

2276 2278 2388 2325 tute
2421 2280 2628 2328 natura:
2659 2288 2771 2330 sua:
2802 2282 2957 2331 natus
2992 2286 3077 2332 est
3107 2295 3120 2333 :
3154 2293 3328 2350 neque
3359 2283 3524 2348 enim,
3552 2297 3660 2338 cum
3685 2293 3797 2341 natus

2273 2362 2362 2430 sit,
2393 2379 2499 2420 non
2534 2368 2703 2421 tenuit
2727 2371 3132 2440 omnipotentize
3161 2388 3276 2428 suze
3314 2375 3369 2429 in
3401 2377 3660 2432 nativitatc
3688 2388 3799 2433 natu-

2274 2472 2409 2513 ram.
2439 2458 2572 2514 Nam
2603 2475 2725 2516 cum
2750 2471 2906 2518 natus
2937 2463 3004 2518 sit
3027 2455 3099 2535 (ε)
3131 2467 3246 2538 lege
3277 2465 3579 2538 hominum,
3623 2485 3708 2526 non
3746 2483 3799 2525 ta-

2273 2565 2396 2607 men
2430 2553 2707 2609 hominum
2755 2555 2870 2626 lege
2899 2569 3195 2629 conceptus
3233 2569 3354 2617 est:
3388 2561 3588 2617 habens
3623 2563 3668 2617 in
3691 2578 3736 2618 se
3762 2572 3799 2618 et

2271 2645 2712 2702 constitutionem
2801 2649 3048 2706 humana:
3091 2652 3422 2710 conditionis
3467 2655 3518 2711 in
3554 2666 3718 2728 partu,
3762 2665 3799 2710 ct

2272 2739 2387 2811 ipse
2405 2748 2559 2795 extra
2586 2741 3028 2799 constitutionem
3058 2746 3308 2802 humana:
3321 2747 3635 2804 conditionis
3660 2749 3701 2802 in
3719 2747 3797 2802 ari-

2269 2833 2413 2904 gine.
2444 2832 2751 2890 Secundum
2781 2835 2922 2906 quod
2957 2837 3028 2892 ita
3059 2851 3123 2893 ex
3145 2837 3457 2896 inﬁrmitate
3477 2840 3695 2910 corporis
3711 2852 3798 2894 nas-

2271 2925 2339 2980 tri
2373 2941 2563 2997 passus
2587 2927 2638 2980 in
2661 2940 2893 2999 corpore
2921 2937 3025 2998 est,
3055 2937 3112 2984 ut
3134 2931 3415 3000 passiones
3454 2933 3675 3004 corporis
3701 2945 3792 2985 nos-

2272 3019 2360 3086 tri,
2396 3020 2477 3094 (f)
2510 3021 2754 3093 corporis
2782 3024 2865 3080 sui
2895 3023 3091 3080 virtute
3120 3025 3444 3098 susciperet.
3471 3028 3530 3083 lit
3561 3027 3693 3099 hujus
3713 3023 3798 3081 lidci

2340 3159 2420 3235 (ὅ)
2463 3159 2705 3234 Corpori.

640 3321 716 3393 (a)
759 3323 920 3396 Editi,
948 3325 1314 3381 incenduntur.
1356 3326 1483 3382 Mss.
1515 3324 1680 3382 Carn.
1715 3335 1766 3381 et
1800 3325 2012 3396 Rcmig.
2032 3365 2046 3389 ,
2083 3326 2161 3396 in-
2187 3323 2232 3387 C
2267 3322 2445 3378 minus
2469 3317 2690 3396 evidens
2710 3325 2790 3375 est
2823 3329 3022 3396 natura:
3041 3337 3163 3396 sum!
3190 3322 3433 3377 virtutem
3463 3315 3798 3390 intelligendim

2271 3409 2393 3450 esse
2453 3391 2788 3448 divinitatem
2842 3392 3031 3458 Verbi,
3081 3394 3234 3462 cujus
3263 3397 3464 3452 virtute
3521 3405 3664 3450 natus
3707 3404 3794 3462 esse

2271 3466 2518 3522 Christus
2567 3465 2764 3531 passim
2816 3465 2866 3518 in
2919 3464 3022 3519 hoc
3051 3459 3167 3536 ipso
3198 3465 3334 3522 libro
3385 3469 3651 3524 asseritur.
3689 3459 3799 3536 Quod

2274 3536 2505 3591 maxime
2545 3536 2846 3591 illustratur
2875 3551 2941 3590 ex
2973 3535 3126 3591 tract.
3157 3539 3290 3607 psal.
3324 3553 3600 3604 cxxxvm,
3643 3555 3687 3591 n.
3723 3535 3800 3607 2st

2271 3610 2328 3674 5,
2363 3608 2448 3663 tibi
2499 3607 2726 3675 primum
2754 3610 2830 3662 ait
2875 3607 3109 3664 llilarins
3137 3603 3170 3661 ε’
3195 3609 3374 3677 Neque
3395 3611 3450 3664 id
3493 3603 3677 3678 corpus,
3703 3603 3800 3678 quod

2273 3688 2596 3744 assumptum
2617 3688 2712 3745 est,
2746 3679 2978 3734 virtutem
3006 3694 3206 3737 natura:
3239 3676 3392 3736 antea
3419 3676 3654 3737 manentis
3673 3676 3800 3732 abole-

2273 3753 2377 3815 vit;
2398 3767 2515 3804 eum
2535 3752 2589 3804 in
2615 3766 2675 3804 eo
2699 3766 2932 3832 corpora,
2964 3753 3102 3818 quod
3121 3765 3443 3832 assumptum
3464 3764 3560 3832 est_,
3585 3755 3800 3832 virtus-nfi-

2273 3834 2402 3901 tura:
2439 3832 2592 3901 antea
2612 3824 2876 3901 arguentis
2900 3837 3155 3892 operetur.
3186 3824 3501 3901 Turonum.
3525 3828 3574 3893 ὅ,
3617 3824 3799 3901 subiicil.

2273 3894 2443 3964 itaque
2468 3896 2512 3948 si
2533 3893 2660 3964 quid
2680 3896 2943 3962 inﬁrmum
2971 3913 3034 3950 ex
3055 3912 3268 3966 persona
3293 3900 3408 3966 ejus
3427 3898 3612 3952 dictum
3635 3893 3801 3967 regeri?

2274 3974 2376 4028 tur,
2401 3967 2473 4038 ad
2503 3967 2758 4022 hominem
2784 3968 2966 4038 referri
3005 3964 3274 4038 oportebit.
3313 3964 3500 4037 Quare
3529 3969 3654 4024 hoc?
3682 3964 3799 4033 licit-

2275 4037 2496 4092 rendum
2536 4048 2729 4104 autem,
2762 4037 2952 4108 inquit.
2984 4037 3045 4093 ab
3073 4040 3126 4094 id
3153 4051 3246 4105 est,
3274 4041 3400 4108 quia
3436 4058 3537 4100 non
3567 4039 3801 4095 alienata!

2273 4109 2527 4164 simulatis
2570 4119 2770 4164 natura
2816 4111 3072 4165 hominem
3119 4113 3420 4181 assumpsit.
3456 4113 3512 4169 Si
3540 4122 3695 4167 autem
3725 4119 3800 4160 nati

2274 4182 2465 4236 aliena:
2492 4189 2700 4254 naturae
2726 4190 2821 4236 aut
2847 4183 3112 4238 simulata:
3141 4183 3417 4239 hominem
3442 4182 3718 4254 assumpsit.
3737 4190 3801 4229 ne-

2275 4254 2560 4328 que_etiam
2590 4253 2744 4310 ﬁctas
2764 4258 3000 4328 suscepit
3026 4255 3390 4328 inﬁrmitates.
3415 4259 3481 4311 At
3498 4253 3729 4328 quatenus
3745 4262 3800 4302 cui

2276 4324 2327 4378 in
2356 4322 2627 4380 Christum
2654 4341 2759 4411 non
2789 4327 3107 4411 cadant,‘sic
3136 4338 3317 4411 postea
3338 4322 3568 4411 cfs-plicat
3593 4345 3604 4380 :

2276 4411 2496 4470 namque
2535 4413 2660 4452 cara
2691 4403 2884 4470 factum
2927 4397 3173 4454 habitauit
3203 4401 3255 4453 in
3284 4401 3454 4455 nobis.
3505 4397 3618 4454 Non
3648 4397 3691 4449 in
3715 4397 3800 4470 situt

2273 4460 2701 4540 inﬁrmitatesqué
2738 4471 2906 4542 carnis
2946 4486 3010 4525 ea:
3065 4470 3215 4526 Verbi
3258 4473 3447 4527 virtute
3482 4471 3714 4542 deﬁciens.
3738 4460 3798 4542 ξεί

2275 4551 2477 4614 natura!
2503 4535 2688 4597 nostra:
2711 4541 3034 4614 inﬁrmitates
3066 4543 3216 4596 hama
3257 4556 3412 4599 natus
3440 4535 3697 4598 assumens.
3729 4535 3801 4614 Αξο

2275 4613 2499 4684 sumptio
2529 4622 2700 4669 autem
2742 4613 3054 4684 inﬁrmitatis
3088 4631 3188 4669 non
3234 4614 3351 4683 fecit
3399 4615 3680 4684 inﬁrmum;
3713 4619 3798 4677 eum

2275 4685 2420 4737 aliud
2464 4695 2537 4740 est
2582 4695 2819 4763 naturam
2849 4702 2974 4763 esse,
3028 4685 3171 4739 aliud
3214 4688 3552 4763 assumpsisse
3581 4691 3798 4763 naturam}

2278 4765 2494 4828 alexim
2539 4758 2737 4828 generis
2779 4759 3156 4820 necessitatem,
3197 4756 3474 4814 voluntatis
3514 4756 3708 4828 accessio
3730 4756 3796 4801 tt!-

2282 4825 2405 4904 _Nan
2432 4821 2565 4883 enim
2591 4839 2823 4904 peccator
2860 4829 2988 4904 fuit,
3029 4828 3118 4904 sed
3145 4841 3355 4904 peccata
3395 4829 3626 4904 suscepit.
3667 4821 3799 4904 Neque

2274 4898 2512 4976 inﬁrmus
2545 4897 2732 4976 eaistitit
2757 4942 2772 4967 ,
2805 4897 2894 4954 sed
2921 4902 3136 4970 portavit
3168 4901 3508 4975 inﬁrmitates.
3539 4897 3648 4971 Ipse
3666 4897 3796 4976 sttit".

2275 4964 2553 5049 secundum
2583 4964 2904 5044 prop/telam,
2921 4964 3141 5049 peccato
3181 4964 3358 5049 nostra
3382 4964 3595 5049 suscepit
3622 4978 3660 5022 et
3676 4964 3796 5049 inﬁt:

2277 5044 2476 5124 mitates
2502 5034 2982 5124 ιιοέιισιιὶ-ριιι-ιιιιιξὶ.⁸
3017 5043 3085 5124 Et
3129 5061 3191 5100 ne
3213 5045 3358 5124 quid
3396 5045 3451 5098 in
3496 5034 3798 5124 ἱριρωεῦξξζζιξ

2273 5125 2426 5194 atque
2445 5117 2860 5194 indemutabilem
2875 5116 3196 5194 divinitatem
3207 5117 3430 5194 incidere
3451 5115 3798 5194 existimarclttl;

2271 5179 2492 5261 adjecit:
2525 5190 2592 5247 Et
2610 5205 2702 5244 nos
2741 5186 3046 5261 putabamus
3073 5205 3186 5261 eum
3215 5190 3271 5241 in
3297 5187 3552 5242 doloribus
3569 5198 3678 5239 esse.
3703 5179 3799 5261 Si}?

2282 5257 2414 5340 cepit
2433 5279 2554 5336 ergo
2583 5257 2929 5334 inﬁrmitates,
2961 5263 3080 5332 quia
3116 5259 3269 5315 homo
3293 5261 3547 5340 noscitur;
3573 5264 3616 5340 et

2280 5332 2644 5407 dolere,'quia
2686 5339 2878 5407 patitur
2901 5349 2918 5388 :
2941 5341 3082 5407 caret
3119 5347 3235 5407 vero
3275 5332 3532 5407 doloribus
3568 5332 3685 5407 ipse,
3708 5333 3798 5407 ("ff

2279 5405 2421 5460 Deus
2463 5392 2556 5462 tu:
2607 5392 2738 5461 Vide
2779 5412 2835 5460 et
2871 5404 3289 5478 subsequentia:
3322 5403 3374 5459 in
3422 5392 3617 5478 quibui
3645 5392 3798 5478 “quill?

2276 5486 2506 5544 constat,
2546 5477 2743 5533 Citriin
2777 5486 2984 5532 tantum
3011 5469 3342 5532 divinitatem
3372 5493 3403 5550 ιι
3439 5469 3691 5550 doloribus
3721 5473 3800 5550 υἱέ-

2277 5530 2375 5614 ini,
2399 5530 2696 5605 humanam
2711 5530 2888 5604 autem
2904 5530 3087 5614 lipsius
3110 5561 3352 5602 naturam
3373 5547 3436 5602 iis
3464 5542 3690 5598 omnibus
3710 5530 3799 5586 sub

2277 5566 2370 5614 ini,
2400 5566 2687 5605 nnmanani
2711 5566 2888 5604 autem
2917 5566 2935 5603 ι
2973 5566 3087 5602 stus
3110 5566 3352 5602 naturam
3373 5566 3436 5602 ns
3464 5566 3690 5598 onuuuua
3710 5566 3794 5586 νυν

2265 5622 2359 5690 jici
2384 5665 2398 5686 ,
2439 5623 2631 5693 quibus
2677 5638 2770 5691 per
2795 5636 2856 5677 se
2901 5566 3196 5675 obnoxium
3231 5629 3322 5693 cst
3363 5618 3622 5673 hominum
3645 5620 3794 5693 geniti.

2271 5687 2345 5750 ita
2388 5687 2523 5749 facta
2583 5687 2860 5765 utriusque
2914 5693 3016 5748 loci
3065 5690 3350 5747 collatione
3387 5696 3598 5765 cavetur

2271 5768 2412 5833 lum,
2454 5767 2594 5838 quod
2628 5767 2716 5824 hic
2761 5752 3062 5826 cavendum
3108 5778 3230 5835 esse
3273 5763 3570 5838 superiores
3607 5752 3799 5818 aditum

2266 5845 2608 5902 monuerunt.
