  <div class='ocr_page' id='page_1' title='image "/cluster/home/n/w/nwhite01/storage/ocr_20150623/10/hvd.32044015471279/196.png"; bbox 0 0 3988 6332; ppageno 0'>
   <div class='ocr_carea' id='block_1_1' title="bbox 150 350 244 412">
    <p class='ocr_par' dir='ltr' id='par_1_1' title="bbox 150 350 244 412">
     <span class='ocr_line' id='line_1_1' title="bbox 150 350 244 412; baseline -0.032 0"><span class='ocrx_word' id='word_1_1' title='bbox 150 350 244 412; x_wconf 68' lang='grc'><strong>581</strong></span> 
     </span>
    </p>
   </div>
   <div class='ocr_carea' id='block_1_2' title="bbox 1348 356 2196 420">
    <p class='ocr_par' dir='ltr' id='par_1_2' title="bbox 1348 356 2196 420">
     <span class='ocr_line' id='line_1_2' title="bbox 1348 356 2196 420; baseline 0.008 -7"><span class='ocrx_word' id='word_1_2' title='bbox 1348 356 1434 415; x_wconf 83' lang='lat' dir='ltr'><strong>DE</strong></span> <span class='ocrx_word' id='word_1_3' title='bbox 1474 356 1845 418; x_wconf 79' lang='lat' dir='ltr'><strong>’i‘RlNlTA’l‘E</strong></span> <span class='ocrx_word' id='word_1_4' title='bbox 1883 359 2088 419; x_wconf 80' lang='lat' dir='ltr'><strong>LIBER</strong></span> <span class='ocrx_word' id='word_1_5' title='bbox 2131 362 2196 420; x_wconf 83' lang='grc' dir='ltr'><strong>Χ.</strong></span> 
     </span>
    </p>
   </div>
   <div class='ocr_carea' id='block_1_3' title="bbox 3328 366 3435 423">
    <p class='ocr_par' dir='ltr' id='par_1_3' title="bbox 3328 366 3435 423">
     <span class='ocr_line' id='line_1_3' title="bbox 3328 366 3435 423; baseline 0 -1"><span class='ocrx_word' id='word_1_6' title='bbox 3328 366 3435 423; x_wconf 64' lang='grc' dir='ltr'><strong>5δῆ</strong></span> 
     </span>
    </p>
   </div>
   <div class='ocr_carea' id='block_1_4' title="bbox 153 470 3426 573">
    <p class='ocr_par' dir='ltr' id='par_1_4' title="bbox 153 470 3426 573">
     <span class='ocr_line' id='line_1_4' title="bbox 153 470 3426 573; baseline 0.005 -47"><span class='ocrx_word' id='word_1_7' title='bbox 153 479 342 573; x_wconf 65' lang='lat' dir='ltr'><strong>nostra:</strong></span> <span class='ocrx_word' id='word_1_8' title='bbox 371 470 529 527; x_wconf 79' lang='lat' dir='ltr'><strong>etiam</strong></span> <span class='ocrx_word' id='word_1_9' title='bbox 560 482 745 526; x_wconf 81' lang='lat' dir='ltr'><strong>sermo</strong></span> <span class='ocrx_word' id='word_1_10' title='bbox 774 471 1127 544; x_wconf 73' lang='lat' dir='ltr'><strong>propheticus</strong></span> <span class='ocrx_word' id='word_1_11' title='bbox 1156 473 1307 531; x_wconf 82' lang='lat' dir='ltr'><strong>testis</strong></span> <span class='ocrx_word' id='word_1_12' title='bbox 1333 484 1436 542; x_wconf 89' lang='lat' dir='ltr'><strong>est,</strong></span> <span class='ocrx_word' id='word_1_13' title='bbox 1468 489 1589 533; x_wconf 89' lang='lat' dir='ltr'><strong>cum</strong></span> <span class='ocrx_word' id='word_1_14' title='bbox 1615 477 1729 536; x_wconf 90' lang='lat' dir='ltr'><strong>ait:</strong></span> <span class='ocrx_word' id='word_1_15' title='bbox 1758 478 1811 540; x_wconf 82' lang='grc' dir='ltr'><strong>Α</strong></span> <span class='ocrx_word' id='word_1_16' title='bbox 1839 491 1952 548; x_wconf 89' lang='lat' dir='ltr'><strong>tus,</strong></span> <span class='ocrx_word' id='word_1_17' title='bbox 1984 493 2039 541; x_wconf 91' lang='lat' dir='ltr'><strong>et</strong></span> <span class='ocrx_word' id='word_1_18' title='bbox 2066 483 2255 542; x_wconf 85' lang='lat' dir='ltr'><strong>salutis</strong></span> <span class='ocrx_word' id='word_1_19' title='bbox 2278 493 2476 542; x_wconf 68' lang='lat' dir='ltr'><strong>nostra:</strong></span> <span class='ocrx_word' id='word_1_20' title='bbox 2504 498 2601 559; x_wconf 84' lang='lat' dir='ltr'><strong>per</strong></span> <span class='ocrx_word' id='word_1_21' title='bbox 2634 484 2919 541; x_wconf 76' lang='lat' dir='ltr'><strong>hominum</strong></span> <span class='ocrx_word' id='word_1_22' title='bbox 2939 497 3075 573; x_wconf 72' lang='lat' dir='ltr'><strong>opus</strong></span> <span class='ocrx_word' id='word_1_23' title='bbox 3094 496 3426 567; x_wconf 74' lang='lat' dir='ltr'><strong>memorans,</strong></span> 
     </span>
    </p>
   </div>
   <div class='ocr_carea' id='block_1_5' title="bbox 155 562 1732 639">
    <p class='ocr_par' dir='ltr' id='par_1_5' title="bbox 155 562 1732 639">
     <span class='ocr_line' id='line_1_5' title="bbox 155 562 1732 639; baseline 0.005 -21"><span class='ocrx_word' id='word_1_24' title='bbox 155 562 250 619; x_wconf 73' lang='lat' dir='ltr'><strong>ilic</strong></span> <span class='ocrx_word' id='word_1_25' title='bbox 285 572 491 636; x_wconf 80' lang='lat' dir='ltr'><strong>peccata</strong></span> <span class='ocrx_word' id='word_1_26' title='bbox 510 573 689 619; x_wconf 85' lang='lat' dir='ltr'><strong>nostra</strong></span> <span class='ocrx_word' id='word_1_27' title='bbox 726 574 914 635; x_wconf 85' lang='lat' dir='ltr'><strong>portat,</strong></span> <span class='ocrx_word' id='word_1_28' title='bbox 939 572 988 623; x_wconf 81' lang='lat' dir='ltr'><strong>st</strong></span> <span class='ocrx_word' id='word_1_29' title='bbox 1026 583 1121 639; x_wconf 85' lang='lat' dir='ltr'><strong>pro</strong></span> <span class='ocrx_word' id='word_1_30' title='bbox 1171 566 1317 624; x_wconf 83' lang='lat' dir='ltr'><strong>nobis</strong></span> <span class='ocrx_word' id='word_1_31' title='bbox 1345 567 1485 625; x_wconf 82' lang='lat' dir='ltr'><strong>dolet</strong></span> <span class='ocrx_word' id='word_1_32' title='bbox 1513 586 1533 626; x_wconf 92' lang='lat'><strong><em>:</em></strong></span> <span class='ocrx_word' id='word_1_33' title='bbox 1561 579 1609 626; x_wconf 89' lang='lat' dir='ltr'><strong>et</strong></span> <span class='ocrx_word' id='word_1_34' title='bbox 1638 584 1732 627; x_wconf 88' lang='lat' dir='ltr'><strong>nos</strong></span> 
     </span>
    </p>
   </div>
   <div class='ocr_carea' id='block_1_6' title="bbox 146 658 1730 738">
    <p class='ocr_par' dir='ltr' id='par_1_6' title="bbox 146 658 1730 738">
     <span class='ocr_line' id='line_1_6' title="bbox 146 658 1730 738; baseline 0.006 -25"><span class='ocrx_word' id='word_1_35' title='bbox 146 658 535 714; x_wconf 69' lang='lat' dir='ltr'><strong>existimavimus</strong></span> <span class='ocrx_word' id='word_1_36' title='bbox 561 674 680 714; x_wconf 70' lang='lat' dir='ltr'><strong>eum</strong></span> <span class='ocrx_word' id='word_1_37' title='bbox 706 660 760 715; x_wconf 89' lang='lat' dir='ltr'><strong>in</strong></span> <span class='ocrx_word' id='word_1_38' title='bbox 789 659 1054 717; x_wconf 78' lang='lat' dir='ltr'><strong>doloribus</strong></span> <span class='ocrx_word' id='word_1_39' title='bbox 1081 679 1210 729; x_wconf 86' lang='lat' dir='ltr'><strong>esse,</strong></span> <span class='ocrx_word' id='word_1_40' title='bbox 1240 673 1287 720; x_wconf 87' lang='lat' dir='ltr'><strong>et</strong></span> <span class='ocrx_word' id='word_1_41' title='bbox 1314 663 1369 720; x_wconf 86' lang='lat' dir='ltr'><strong>in</strong></span> <span class='ocrx_word' id='word_1_42' title='bbox 1398 664 1575 738; x_wconf 85' lang='lat' dir='ltr'><strong><em>plaga,</em></strong></span> <span class='ocrx_word' id='word_1_43' title='bbox 1606 677 1653 722; x_wconf 85' lang='lat' dir='ltr'><strong>et</strong></span> <span class='ocrx_word' id='word_1_44' title='bbox 1674 666 1730 723; x_wconf 85' lang='lat' dir='ltr'><strong>in</strong></span> 
     </span>
    </p>
   </div>
   <div class='ocr_carea' id='block_1_7' title="bbox 146 750 1730 831">
    <p class='ocr_par' dir='ltr' id='par_1_7' title="bbox 146 750 1730 831">
     <span class='ocr_line' id='line_1_7' title="bbox 146 750 1730 831; baseline 0.004 -22"><span class='ocrx_word' id='word_1_45' title='bbox 146 752 418 809; x_wconf 68' lang='lat' dir='ltr'><strong>auctione.</strong></span> <span class='ocrx_word' id='word_1_46' title='bbox 449 750 571 824; x_wconf 85' lang='lat' dir='ltr'><strong>Ipse</strong></span> <span class='ocrx_word' id='word_1_47' title='bbox 592 761 760 809; x_wconf 85' lang='lat' dir='ltr'><strong>autem</strong></span> <span class='ocrx_word' id='word_1_48' title='bbox 785 755 1084 812; x_wconf 78' lang='lat' dir='ltr'><strong>uulneratus</strong></span> <span class='ocrx_word' id='word_1_49' title='bbox 1110 765 1185 812; x_wconf 86' lang='lat' dir='ltr'><strong>est</strong></span> <span class='ocrx_word' id='word_1_50' title='bbox 1208 766 1416 831; x_wconf 84' lang='lat' dir='ltr'><strong>prapter</strong></span> <span class='ocrx_word' id='word_1_51' title='bbox 1436 757 1730 831; x_wconf 71' lang='lat' dir='ltr'><strong>iniquitates</strong></span> 
     </span>
    </p>
   </div>
   <div class='ocr_carea' id='block_1_8' title="bbox 145 847 1724 928">
    <p class='ocr_par' dir='ltr' id='par_1_8' title="bbox 145 847 1724 928">
     <span class='ocr_line' id='line_1_8' title="bbox 145 847 1724 928; baseline 0.007 -28"><span class='ocrx_word' id='word_1_52' title='bbox 145 854 353 911; x_wconf 84' lang='lat' dir='ltr'><strong>nostras,</strong></span> <span class='ocrx_word' id='word_1_53' title='bbox 377 855 427 902; x_wconf 76' lang='lat' dir='ltr'><strong>et</strong></span> <span class='ocrx_word' id='word_1_54' title='bbox 446 847 777 927; x_wconf 70' lang='lat' dir='ltr'><strong>infirmitates</strong></span> <span class='ocrx_word' id='word_1_55' title='bbox 801 858 875 906; x_wconf 88' lang='lat' dir='ltr'><strong>est</strong></span> <span class='ocrx_word' id='word_1_56' title='bbox 891 862 1099 924; x_wconf 85' lang='lat' dir='ltr'><strong>prapter</strong></span> <span class='ocrx_word' id='word_1_57' title='bbox 1123 864 1328 922; x_wconf 84' lang='lat' dir='ltr'><strong>peccata</strong></span> <span class='ocrx_word' id='word_1_58' title='bbox 1354 865 1529 910; x_wconf 88' lang='lat' dir='ltr'><strong>nostra</strong></span> <span class='ocrx_word' id='word_1_59' title='bbox 1555 854 1724 928; x_wconf 76' lang='lat' dir='ltr'><strong>(Esai.</strong></span> 
     </span>
    </p>
   </div>
   <div class='ocr_carea' id='block_1_9' title="bbox 143 938 1729 1019">
    <p class='ocr_par' dir='ltr' id='par_1_9' title="bbox 143 938 1729 1019">
     <span class='ocr_line' id='line_1_9' title="bbox 143 938 1729 1019; baseline 0.006 -24"><span class='ocrx_word' id='word_1_60' title='bbox 143 954 255 1007; x_wconf 77' lang='grc' dir='ltr'><strong>ιιιι,</strong></span> <span class='ocrx_word' id='word_1_61' title='bbox 283 939 319 994; x_wconf 65' lang='grc' dir='ltr'><strong>Δ</strong></span> <span class='ocrx_word' id='word_1_62' title='bbox 345 948 398 994; x_wconf 89' lang='lat' dir='ltr'><strong>et</strong></span> <span class='ocrx_word' id='word_1_63' title='bbox 423 938 498 1011; x_wconf 86' lang='lat'><strong>5).</strong></span> <span class='ocrx_word' id='word_1_64' title='bbox 532 938 760 997; x_wconf 76' lang='lat' dir='ltr'><strong>Fallitur</strong></span> <span class='ocrx_word' id='word_1_65' title='bbox 785 957 917 1013; x_wconf 91' lang='lat' dir='ltr'><strong>ergo</strong></span> <span class='ocrx_word' id='word_1_66' title='bbox 944 942 1198 1000; x_wconf 68' lang='lat' dir='ltr'><strong>humana:</strong></span> <span class='ocrx_word' id='word_1_67' title='bbox 1214 945 1587 1003; x_wconf 67' lang='lat' dir='ltr'><strong>aestimationis</strong></span> <span class='ocrx_word' id='word_1_68' title='bbox 1612 947 1729 1019; x_wconf 86' lang='lat' dir='ltr'><strong>opi-</strong></span> 
     </span>
    </p>
   </div>
   <div class='ocr_carea' id='block_1_10' title="bbox 143 1031 1727 1108">
    <p class='ocr_par' dir='ltr' id='par_1_10' title="bbox 143 1031 1727 1108">
     <span class='ocr_line' id='line_1_10' title="bbox 143 1031 1727 1108; baseline 0.009 -27"><span class='ocrx_word' id='word_1_69' title='bbox 143 1031 245 1094; x_wconf 82' lang='lat' dir='ltr'><strong>nio,</strong></span> <span class='ocrx_word' id='word_1_70' title='bbox 280 1041 470 1101; x_wconf 82' lang='lat' dir='ltr'><strong>putans</strong></span> <span class='ocrx_word' id='word_1_71' title='bbox 491 1033 631 1088; x_wconf 87' lang='lat' dir='ltr'><strong>hunc</strong></span> <span class='ocrx_word' id='word_1_72' title='bbox 652 1032 749 1103; x_wconf 91' lang='lat' dir='ltr'><strong>(al.</strong></span> <span class='ocrx_word' id='word_1_73' title='bbox 783 1032 930 1105; x_wconf 85' lang='lat' dir='ltr'><strong>hinc)</strong></span> <span class='ocrx_word' id='word_1_74' title='bbox 950 1034 1138 1093; x_wconf 92' lang='lat' dir='ltr'><strong>dolere</strong></span> <span class='ocrx_word' id='word_1_75' title='bbox 1169 1037 1310 1108; x_wconf 86' lang='lat' dir='ltr'><strong>quod</strong></span> <span class='ocrx_word' id='word_1_76' title='bbox 1345 1038 1563 1105; x_wconf 82' lang='lat' dir='ltr'><strong>patitur.</strong></span> <span class='ocrx_word' id='word_1_77' title='bbox 1595 1039 1727 1095; x_wconf 79' lang='lat' dir='ltr'><strong>Por—</strong></span> 
     </span>
    </p>
   </div>
   <div class='ocr_carea' id='block_1_11' title="bbox 147 1123 1724 1200">
    <p class='ocr_par' dir='ltr' id='par_1_11' title="bbox 147 1123 1724 1200">
     <span class='ocr_line' id='line_1_11' title="bbox 147 1123 1724 1200; baseline 0.007 -23"><span class='ocrx_word' id='word_1_78' title='bbox 147 1131 257 1177; x_wconf 87' lang='lat' dir='ltr'><strong>tsns</strong></span> <span class='ocrx_word' id='word_1_79' title='bbox 279 1123 423 1178; x_wconf 88' lang='lat' dir='ltr'><strong>enim</strong></span> <span class='ocrx_word' id='word_1_80' title='bbox 452 1132 671 1194; x_wconf 77' lang='lat' dir='ltr'><strong>peccata</strong></span> <span class='ocrx_word' id='word_1_81' title='bbox 693 1134 899 1191; x_wconf 90' lang='lat' dir='ltr'><strong>nostra,</strong></span> <span class='ocrx_word' id='word_1_82' title='bbox 926 1128 1136 1200; x_wconf 87' lang='lat' dir='ltr'><strong>peccati</strong></span> <span class='ocrx_word' id='word_1_83' title='bbox 1172 1129 1342 1185; x_wconf 87' lang='lat' dir='ltr'><strong>nostri</strong></span> <span class='ocrx_word' id='word_1_84' title='bbox 1374 1131 1578 1188; x_wconf 87' lang='lat' dir='ltr'><strong>scilicet</strong></span> <span class='ocrx_word' id='word_1_85' title='bbox 1601 1148 1724 1188; x_wconf 83' lang='lat' dir='ltr'><strong>cor-</strong></span> 
     </span>
    </p>
   </div>
   <div class='ocr_carea' id='block_1_12' title="bbox 143 1218 1725 1290">
    <p class='ocr_par' dir='ltr' id='par_1_12' title="bbox 143 1218 1725 1290">
     <span class='ocr_line' id='line_1_12' title="bbox 143 1218 1725 1290; baseline 0.009 -22"><span class='ocrx_word' id='word_1_86' title='bbox 143 1229 233 1285; x_wconf 88' lang='lat' dir='ltr'><strong>pus</strong></span> <span class='ocrx_word' id='word_1_87' title='bbox 255 1228 559 1276; x_wconf 78' lang='lat' dir='ltr'><strong>assumens.</strong></span> <span class='ocrx_word' id='word_1_88' title='bbox 591 1224 770 1273; x_wconf 89' lang='lat' dir='ltr'><strong>tamen</strong></span> <span class='ocrx_word' id='word_1_89' title='bbox 802 1218 917 1288; x_wconf 84' lang='lat' dir='ltr'><strong>ipse</strong></span> <span class='ocrx_word' id='word_1_90' title='bbox 946 1236 1052 1276; x_wconf 89' lang='lat' dir='ltr'><strong>non</strong></span> <span class='ocrx_word' id='word_1_91' title='bbox 1085 1233 1292 1290; x_wconf 78' lang='lat' dir='ltr'><strong>peccat.</strong></span> <span class='ocrx_word' id='word_1_92' title='bbox 1337 1222 1532 1279; x_wconf 85' lang='lat' dir='ltr'><strong>Missus</strong></span> <span class='ocrx_word' id='word_1_93' title='bbox 1572 1241 1725 1282; x_wconf 85' lang='lat' dir='ltr'><strong>nam-</strong></span> 
     </span>
    </p>
   </div>
   <div class='ocr_carea' id='block_1_13' title="bbox 140 1309 1720 1388">
    <p class='ocr_par' dir='ltr' id='par_1_13' title="bbox 140 1309 1720 1388">
     <span class='ocr_line' id='line_1_13' title="bbox 140 1309 1720 1388; baseline 0.008 -26"><span class='ocrx_word' id='word_1_94' title='bbox 140 1322 237 1379; x_wconf 84' lang='lat' dir='ltr'><strong>que</strong></span> <span class='ocrx_word' id='word_1_95' title='bbox 260 1310 406 1364; x_wconf 84' lang='lat' dir='ltr'><strong>estin</strong></span> <span class='ocrx_word' id='word_1_96' title='bbox 427 1309 631 1379; x_wconf 75' lang='lat' dir='ltr'><strong>peccati</strong></span> <span class='ocrx_word' id='word_1_97' title='bbox 652 1311 831 1368; x_wconf 87' lang='lat' dir='ltr'><strong>carnis</strong></span> <span class='ocrx_word' id='word_1_98' title='bbox 856 1312 1207 1370; x_wconf 88' lang='lat' dir='ltr'><strong>similitudine</strong></span> <span class='ocrx_word' id='word_1_99' title='bbox 1227 1332 1242 1380; x_wconf 83' lang='lat'><strong>;</strong></span> <span class='ocrx_word' id='word_1_100' title='bbox 1264 1325 1484 1386; x_wconf 69' lang='lat' dir='ltr'><strong>portans</strong></span> <span class='ocrx_word' id='word_1_101' title='bbox 1502 1318 1720 1388; x_wconf 81' lang='lat' dir='ltr'><strong>quidem</strong></span> 
     </span>
    </p>
   </div>
   <div class='ocr_carea' id='block_1_14' title="bbox 140 1400 1720 1479">
    <p class='ocr_par' dir='ltr' id='par_1_14' title="bbox 140 1400 1720 1479">
     <span class='ocr_line' id='line_1_14' title="bbox 140 1400 1720 1479; baseline 0.008 -23"><span class='ocrx_word' id='word_1_102' title='bbox 140 1400 189 1456; x_wconf 86' lang='lat' dir='ltr'><strong>in</strong></span> <span class='ocrx_word' id='word_1_103' title='bbox 211 1415 370 1458; x_wconf 82' lang='lat' dir='ltr'><strong>carne</strong></span> <span class='ocrx_word' id='word_1_104' title='bbox 400 1413 637 1470; x_wconf 81' lang='lat' dir='ltr'><strong>peccata,</strong></span> <span class='ocrx_word' id='word_1_105' title='bbox 662 1403 756 1460; x_wconf 90' lang='lat' dir='ltr'><strong>sed</strong></span> <span class='ocrx_word' id='word_1_106' title='bbox 788 1415 993 1463; x_wconf 91' lang='lat' dir='ltr'><strong>nostra.</strong></span> <span class='ocrx_word' id='word_1_107' title='bbox 1018 1407 1083 1463; x_wconf 83' lang='lat' dir='ltr'><strong>Et</strong></span> <span class='ocrx_word' id='word_1_108' title='bbox 1109 1423 1209 1479; x_wconf 90' lang='lat' dir='ltr'><strong>pro</strong></span> <span class='ocrx_word' id='word_1_109' title='bbox 1240 1409 1395 1465; x_wconf 90' lang='lat' dir='ltr'><strong>nobis</strong></span> <span class='ocrx_word' id='word_1_110' title='bbox 1417 1409 1588 1473; x_wconf 65' lang='lat' dir='ltr'><strong>doli-t.</strong></span> <span class='ocrx_word' id='word_1_111' title='bbox 1614 1426 1720 1469; x_wconf 90' lang='lat' dir='ltr'><strong>non</strong></span> 
     </span>
    </p>
   </div>
   <div class='ocr_carea' id='block_1_15' title="bbox 139 1493 1722 1572">
    <p class='ocr_par' dir='ltr' id='par_1_15' title="bbox 139 1493 1722 1572">
     <span class='ocr_line' id='line_1_15' title="bbox 139 1493 1722 1572; baseline 0.008 -24"><span class='ocrx_word' id='word_1_112' title='bbox 139 1501 189 1548; x_wconf 89' lang='lat' dir='ltr'><strong>et</strong></span> <span class='ocrx_word' id='word_1_113' title='bbox 212 1493 409 1550; x_wconf 89' lang='lat' dir='ltr'><strong>doloris</strong></span> <span class='ocrx_word' id='word_1_114' title='bbox 429 1495 601 1552; x_wconf 93' lang='lat' dir='ltr'><strong>nostri</strong></span> <span class='ocrx_word' id='word_1_115' title='bbox 625 1496 769 1553; x_wconf 87' lang='lat' dir='ltr'><strong>dolet</strong></span> <span class='ocrx_word' id='word_1_116' title='bbox 790 1512 954 1554; x_wconf 88' lang='lat' dir='ltr'><strong>sensu</strong></span> <span class='ocrx_word' id='word_1_117' title='bbox 982 1518 995 1556; x_wconf 91' lang='lat'><strong>:</strong></span> <span class='ocrx_word' id='word_1_118' title='bbox 1019 1501 1142 1572; x_wconf 91' lang='lat' dir='ltr'><strong>quia</strong></span> <span class='ocrx_word' id='word_1_119' title='bbox 1172 1509 1227 1557; x_wconf 87' lang='lat' dir='ltr'><strong>et</strong></span> <span class='ocrx_word' id='word_1_120' title='bbox 1256 1501 1439 1558; x_wconf 86' lang='lat' dir='ltr'><strong>habitu</strong></span> <span class='ocrx_word' id='word_1_121' title='bbox 1466 1514 1524 1558; x_wconf 90' lang='lat' dir='ltr'><strong>ut</strong></span> <span class='ocrx_word' id='word_1_122' title='bbox 1558 1503 1722 1560; x_wconf 89' lang='lat' dir='ltr'><strong>homo</strong></span> 
     </span>
    </p>
   </div>
   <div class='ocr_carea' id='block_1_16' title="bbox 139 1587 1723 1665">
    <p class='ocr_par' dir='ltr' id='par_1_16' title="bbox 139 1587 1723 1665">
     <span class='ocr_line' id='line_1_16' title="bbox 139 1587 1723 1665; baseline 0.006 -22"><span class='ocrx_word' id='word_1_123' title='bbox 139 1595 373 1657; x_wconf 78' lang='lat' dir='ltr'><strong>repertus</strong></span> <span class='ocrx_word' id='word_1_124' title='bbox 397 1627 412 1653; x_wconf 92' lang='lat'><strong>,</strong></span> <span class='ocrx_word' id='word_1_125' title='bbox 455 1587 664 1646; x_wconf 82' lang='lat' dir='ltr'><strong>habens</strong></span> <span class='ocrx_word' id='word_1_126' title='bbox 701 1591 753 1646; x_wconf 91' lang='lat' dir='ltr'><strong>in</strong></span> <span class='ocrx_word' id='word_1_127' title='bbox 781 1604 844 1648; x_wconf 88' lang='lat' dir='ltr'><strong>se</strong></span> <span class='ocrx_word' id='word_1_128' title='bbox 870 1589 1074 1648; x_wconf 86' lang='lat' dir='ltr'><strong>doloris</strong></span> <span class='ocrx_word' id='word_1_129' title='bbox 1107 1609 1326 1665; x_wconf 84' lang='lat' dir='ltr'><strong>corpus,</strong></span> <span class='ocrx_word' id='word_1_130' title='bbox 1370 1595 1463 1650; x_wconf 85' lang='lat' dir='ltr'><strong>sed</strong></span> <span class='ocrx_word' id='word_1_131' title='bbox 1491 1612 1596 1652; x_wconf 91' lang='lat' dir='ltr'><strong>non</strong></span> <span class='ocrx_word' id='word_1_132' title='bbox 1624 1595 1723 1653; x_wconf 83' lang='lat' dir='ltr'><strong>ha-</strong></span> 
     </span>
    </p>
   </div>
   <div class='ocr_carea' id='block_1_17' title="bbox 138 1680 1719 1760">
    <p class='ocr_par' dir='ltr' id='par_1_17' title="bbox 138 1680 1719 1760">
     <span class='ocr_line' id='line_1_17' title="bbox 138 1680 1719 1760; baseline 0.006 -24"><span class='ocrx_word' id='word_1_133' title='bbox 138 1680 257 1737; x_wconf 88' lang='lat' dir='ltr'><strong>bens</strong></span> <span class='ocrx_word' id='word_1_134' title='bbox 276 1690 522 1737; x_wconf 89' lang='lat' dir='ltr'><strong>naturam</strong></span> <span class='ocrx_word' id='word_1_135' title='bbox 552 1682 793 1752; x_wconf 83' lang='lat' dir='ltr'><strong>dolendi,</strong></span> <span class='ocrx_word' id='word_1_136' title='bbox 815 1684 943 1741; x_wconf 90' lang='lat' dir='ltr'><strong>dum</strong></span> <span class='ocrx_word' id='word_1_137' title='bbox 972 1694 1027 1742; x_wconf 89' lang='lat' dir='ltr'><strong>et</strong></span> <span class='ocrx_word' id='word_1_138' title='bbox 1059 1684 1134 1760; x_wconf 89' lang='lat' dir='ltr'><strong>(a)</strong></span> <span class='ocrx_word' id='word_1_139' title='bbox 1160 1697 1217 1744; x_wconf 94' lang='lat' dir='ltr'><strong>ut</strong></span> <span class='ocrx_word' id='word_1_140' title='bbox 1248 1686 1481 1744; x_wconf 79' lang='lat' dir='ltr'><strong>hominis</strong></span> <span class='ocrx_word' id='word_1_141' title='bbox 1507 1688 1719 1746; x_wconf 84' lang='lat' dir='ltr'><strong>habitus</strong></span> 
     </span>
    </p>
   </div>
   <div class='ocr_carea' id='block_1_18' title="bbox 137 1775 1717 1854">
    <p class='ocr_par' dir='ltr' id='par_1_18' title="bbox 137 1775 1717 1854">
     <span class='ocr_line' id='line_1_18' title="bbox 137 1775 1717 1854; baseline 0.005 -23"><span class='ocrx_word' id='word_1_142' title='bbox 137 1783 226 1842; x_wconf 81' lang='lat' dir='ltr'><strong>est,</strong></span> <span class='ocrx_word' id='word_1_143' title='bbox 254 1783 306 1830; x_wconf 91' lang='lat' dir='ltr'><strong>et</strong></span> <span class='ocrx_word' id='word_1_144' title='bbox 328 1775 484 1848; x_wconf 90' lang='lat' dir='ltr'><strong>origo</strong></span> <span class='ocrx_word' id='word_1_145' title='bbox 512 1791 618 1832; x_wconf 91' lang='lat' dir='ltr'><strong>non</strong></span> <span class='ocrx_word' id='word_1_146' title='bbox 648 1777 885 1834; x_wconf 83' lang='lat' dir='ltr'><strong>hominis</strong></span> <span class='ocrx_word' id='word_1_147' title='bbox 913 1790 1018 1844; x_wconf 85' lang='lat' dir='ltr'><strong>est,</strong></span> <span class='ocrx_word' id='word_1_148' title='bbox 1040 1788 1167 1836; x_wconf 85' lang='lat' dir='ltr'><strong>nato</strong></span> <span class='ocrx_word' id='word_1_149' title='bbox 1196 1795 1263 1837; x_wconf 86' lang='lat' dir='ltr'><strong>eo</strong></span> <span class='ocrx_word' id='word_1_150' title='bbox 1277 1780 1346 1836; x_wconf 90' lang='lat' dir='ltr'><strong>de</strong></span> <span class='ocrx_word' id='word_1_151' title='bbox 1360 1782 1717 1854; x_wconf 77' lang='lat' dir='ltr'><strong>conceptione</strong></span> 
     </span>
    </p>
   </div>
   <div class='ocr_carea' id='block_1_19' title="bbox 1832 575 3430 657">
    <p class='ocr_par' dir='ltr' id='par_1_19' title="bbox 1832 575 3430 657">
     <span class='ocr_line' id='line_1_19' title="bbox 1832 575 3430 657; baseline 0.005 -26"><span class='ocrx_word' id='word_1_152' title='bbox 1832 584 2063 634; x_wconf 89' lang='lat' dir='ltr'><strong>mortem</strong></span> <span class='ocrx_word' id='word_1_153' title='bbox 2091 576 2292 633; x_wconf 89' lang='lat' dir='ltr'><strong>Christi</strong></span> <span class='ocrx_word' id='word_1_154' title='bbox 2323 579 2392 633; x_wconf 90' lang='lat' dir='ltr'><strong>ita</strong></span> <span class='ocrx_word' id='word_1_155' title='bbox 2438 575 2723 655; x_wconf 80' lang='lat' dir='ltr'><strong>significat,</strong></span> <span class='ocrx_word' id='word_1_156' title='bbox 2758 588 2814 633; x_wconf 88' lang='lat' dir='ltr'><strong>ut</strong></span> <span class='ocrx_word' id='word_1_157' title='bbox 2842 590 3006 634; x_wconf 87' lang='lat' dir='ltr'><strong>carne</strong></span> <span class='ocrx_word' id='word_1_158' title='bbox 3034 591 3095 634; x_wconf 88' lang='lat' dir='ltr'><strong>se</strong></span> <span class='ocrx_word' id='word_1_159' title='bbox 3124 576 3340 657; x_wconf 78' lang='lat' dir='ltr'><strong>spoliet,</strong></span> <span class='ocrx_word' id='word_1_160' title='bbox 3374 582 3430 645; x_wconf 78' lang='lat' dir='ltr'><strong>et</strong></span> 
     </span>
    </p>
   </div>
   <div class='ocr_carea' id='block_1_20' title="bbox 1831 672 3428 755">
    <p class='ocr_par' dir='ltr' id='par_1_20' title="bbox 1831 672 3428 755">
     <span class='ocr_line' id='line_1_20' title="bbox 1831 672 3428 755; baseline 0.006 -32"><span class='ocrx_word' id='word_1_161' title='bbox 1831 679 2126 747; x_wconf 75' lang='lat' dir='ltr'><strong>potesmtcs</strong></span> <span class='ocrx_word' id='word_1_162' title='bbox 2154 688 2274 729; x_wconf 90' lang='lat' dir='ltr'><strong>cum</strong></span> <span class='ocrx_word' id='word_1_163' title='bbox 2305 672 2497 731; x_wconf 74' lang='lat' dir='ltr'><strong>litlucia</strong></span> <span class='ocrx_word' id='word_1_164' title='bbox 2537 673 2880 755; x_wconf 75' lang='lat' dir='ltr'><strong>dehonestet,</strong></span> <span class='ocrx_word' id='word_1_165' title='bbox 2924 682 2979 741; x_wconf 84' lang='lat' dir='ltr'><strong>et</strong></span> <span class='ocrx_word' id='word_1_166' title='bbox 3007 674 3074 729; x_wconf 87' lang='lat' dir='ltr'><strong>de</strong></span> <span class='ocrx_word' id='word_1_167' title='bbox 3108 672 3190 735; x_wconf 83' lang='lat' dir='ltr'><strong>his</strong></span> <span class='ocrx_word' id='word_1_168' title='bbox 3237 674 3289 730; x_wconf 93' lang='lat' dir='ltr'><strong>in</strong></span> <span class='ocrx_word' id='word_1_169' title='bbox 3336 691 3428 732; x_wconf 92' lang='lat' dir='ltr'><strong>se-</strong></span> 
     </span>
    </p>
   </div>
   <div class='ocr_carea' id='block_1_21' title="bbox 1831 766 3428 855">
    <p class='ocr_par' dir='ltr' id='par_1_21' title="bbox 1831 766 3428 855">
     <span class='ocr_line' id='line_1_21' title="bbox 1831 766 3428 855; baseline 0.006 -34"><span class='ocrx_word' id='word_1_170' title='bbox 1831 766 2065 836; x_wconf 84' lang='lat' dir='ltr'><strong>metipso</strong></span> <span class='ocrx_word' id='word_1_171' title='bbox 2104 766 2399 837; x_wconf 89' lang='lat' dir='ltr'><strong>triumphet</strong></span> <span class='ocrx_word' id='word_1_172' title='bbox 2426 766 2492 838; x_wconf 91' lang='lat' dir='ltr'><strong>(ll</strong></span> <span class='ocrx_word' id='word_1_173' title='bbox 2526 766 2648 824; x_wconf 88' lang='lat' dir='ltr'><strong>Cor.</strong></span> <span class='ocrx_word' id='word_1_174' title='bbox 2680 785 2815 837; x_wconf 86' lang='lat' dir='ltr'><strong>xm,</strong></span> <span class='ocrx_word' id='word_1_175' title='bbox 2847 767 2927 841; x_wconf 72' lang='grc' dir='ltr'><strong>ὅ).</strong></span> <span class='ocrx_word' id='word_1_176' title='bbox 2976 768 3033 826; x_wconf 88' lang='lat' dir='ltr'><strong>Si</strong></span> <span class='ocrx_word' id='word_1_177' title='bbox 3079 767 3132 826; x_wconf 91' lang='lat' dir='ltr'><strong>in</strong></span> <span class='ocrx_word' id='word_1_178' title='bbox 3177 769 3428 855; x_wconf 77' lang='lat' dir='ltr'><strong>passione</strong></span> 
     </span>
    </p>
   </div>
   <div class='ocr_carea' id='block_1_22' title="bbox 1829 859 3425 933">
    <p class='ocr_par' dir='ltr' id='par_1_22' title="bbox 1829 859 3425 933">
     <span class='ocr_line' id='line_1_22' title="bbox 1829 859 3425 933; baseline 0.002 -18"><span class='ocrx_word' id='word_1_179' title='bbox 1829 873 1925 915; x_wconf 87' lang='lat' dir='ltr'><strong>sua</strong></span> <span class='ocrx_word' id='word_1_180' title='bbox 1958 860 2254 921; x_wconf 85' lang='lat' dir='ltr'><strong>necessitas</strong></span> <span class='ocrx_word' id='word_1_181' title='bbox 2278 875 2380 925; x_wconf 90' lang='lat' dir='ltr'><strong>est,</strong></span> <span class='ocrx_word' id='word_1_182' title='bbox 2413 869 2467 925; x_wconf 85' lang='lat' dir='ltr'><strong>et</strong></span> <span class='ocrx_word' id='word_1_183' title='bbox 2498 877 2603 917; x_wconf 90' lang='lat' dir='ltr'><strong>non</strong></span> <span class='ocrx_word' id='word_1_184' title='bbox 2634 860 2822 918; x_wconf 81' lang='lat' dir='ltr'><strong>salutis</strong></span> <span class='ocrx_word' id='word_1_185' title='bbox 2864 872 2967 917; x_wconf 69' lang='lat' dir='ltr'><strong>tum</strong></span> <span class='ocrx_word' id='word_1_186' title='bbox 2992 859 3191 933; x_wconf 79' lang='lat' dir='ltr'><strong>donum</strong></span> <span class='ocrx_word' id='word_1_187' title='bbox 3220 871 3338 930; x_wconf 88' lang='lat' dir='ltr'><strong>est;</strong></span> <span class='ocrx_word' id='word_1_188' title='bbox 3381 862 3425 918; x_wconf 89' lang='lat' dir='ltr'><strong>si</strong></span> 
     </span>
    </p>
   </div>
   <div class='ocr_carea' id='block_1_23' title="bbox 1828 952 3425 1029">
    <p class='ocr_par' dir='ltr' id='par_1_23' title="bbox 1828 952 3425 1029">
     <span class='ocr_line' id='line_1_23' title="bbox 1828 952 3425 1029; baseline 0.001 -21"><span class='ocrx_word' id='word_1_189' title='bbox 1828 952 1882 1009; x_wconf 90' lang='lat' dir='ltr'><strong>in</strong></span> <span class='ocrx_word' id='word_1_190' title='bbox 1914 968 2075 1010; x_wconf 85' lang='lat' dir='ltr'><strong>cruce</strong></span> <span class='ocrx_word' id='word_1_191' title='bbox 2103 952 2261 1010; x_wconf 91' lang='lat' dir='ltr'><strong>dolor</strong></span> <span class='ocrx_word' id='word_1_192' title='bbox 2288 952 2684 1026; x_wconf 87' lang='lat' dir='ltr'><strong>compungendi</strong></span> <span class='ocrx_word' id='word_1_193' title='bbox 2714 962 2827 1018; x_wconf 85' lang='lat' dir='ltr'><strong>est,</strong></span> <span class='ocrx_word' id='word_1_194' title='bbox 2855 962 2908 1008; x_wconf 91' lang='lat' dir='ltr'><strong>et</strong></span> <span class='ocrx_word' id='word_1_195' title='bbox 2948 970 3052 1009; x_wconf 86' lang='lat' dir='ltr'><strong>non</strong></span> <span class='ocrx_word' id='word_1_196' title='bbox 3081 954 3322 1024; x_wconf 89' lang='lat' dir='ltr'><strong>decreti,</strong></span> <span class='ocrx_word' id='word_1_197' title='bbox 3353 954 3425 1029; x_wconf 90' lang='lat' dir='ltr'><strong>(e)</strong></span> 
     </span>
    </p>
   </div>
   <div class='ocr_carea' id='block_1_24' title="bbox 1827 1046 3429 1125">
    <p class='ocr_par' dir='ltr' id='par_1_24' title="bbox 1827 1046 3429 1125">
     <span class='ocr_line' id='line_1_24' title="bbox 1827 1046 3429 1125; baseline 0.004 -28"><span class='ocrx_word' id='word_1_198' title='bbox 1827 1046 1967 1121; x_wconf 88' lang='lat' dir='ltr'><strong>quod</strong></span> <span class='ocrx_word' id='word_1_199' title='bbox 1990 1047 2041 1101; x_wconf 91' lang='lat' dir='ltr'><strong>in</strong></span> <span class='ocrx_word' id='word_1_200' title='bbox 2073 1056 2125 1102; x_wconf 89' lang='lat' dir='ltr'><strong>te</strong></span> <span class='ocrx_word' id='word_1_201' title='bbox 2157 1062 2304 1103; x_wconf 90' lang='lat' dir='ltr'><strong>mors</strong></span> <span class='ocrx_word' id='word_1_202' title='bbox 2325 1053 2409 1104; x_wconf 89' lang='lat' dir='ltr'><strong>est</strong></span> <span class='ocrx_word' id='word_1_203' title='bbox 2433 1048 2652 1125; x_wconf 61' lang='lat' dir='ltr'><strong>scripta,~</strong></span> <span class='ocrx_word' id='word_1_204' title='bbox 2682 1047 2917 1103; x_wconf 75' lang='lat' dir='ltr'><strong>conﬁsio</strong></span> <span class='ocrx_word' id='word_1_205' title='bbox 2957 1056 3073 1117; x_wconf 87' lang='lat' dir='ltr'><strong>est;</strong></span> <span class='ocrx_word' id='word_1_206' title='bbox 3098 1047 3140 1103; x_wconf 90' lang='lat' dir='ltr'><strong>si</strong></span> <span class='ocrx_word' id='word_1_207' title='bbox 3173 1046 3224 1101; x_wconf 91' lang='lat' dir='ltr'><strong>in</strong></span> <span class='ocrx_word' id='word_1_208' title='bbox 3252 1056 3429 1117; x_wconf 83' lang='lat' dir='ltr'><strong>morte</strong></span> 
     </span>
    </p>
   </div>
   <div class='ocr_carea' id='block_1_25' title="bbox 1826 1126 3425 1213">
    <p class='ocr_par' dir='ltr' id='par_1_25' title="bbox 1826 1126 3425 1213">
     <span class='ocr_line' id='line_1_25' title="bbox 1826 1126 3425 1213; baseline -0.003 -18"><span class='ocrx_word' id='word_1_209' title='bbox 1826 1141 1909 1200; x_wconf 88' lang='lat' dir='ltr'><strong>vis</strong></span> <span class='ocrx_word' id='word_1_210' title='bbox 1932 1138 2120 1213; x_wconf 83' lang='lat' dir='ltr'><strong>mortis</strong></span> <span class='ocrx_word' id='word_1_211' title='bbox 2145 1147 2252 1211; x_wconf 89' lang='lat' dir='ltr'><strong>est,</strong></span> <span class='ocrx_word' id='word_1_212' title='bbox 2284 1148 2465 1200; x_wconf 88' lang='lat' dir='ltr'><strong>etnon</strong></span> <span class='ocrx_word' id='word_1_213' title='bbox 2497 1126 2590 1212; x_wconf 84' lang='lat' dir='ltr'><strong>per</strong></span> <span class='ocrx_word' id='word_1_214' title='bbox 2616 1147 2936 1211; x_wconf 85' lang='lat' dir='ltr'><strong>potestatem</strong></span> <span class='ocrx_word' id='word_1_215' title='bbox 2962 1138 3054 1194; x_wconf 88' lang='lat' dir='ltr'><strong>Dei</strong></span> <span class='ocrx_word' id='word_1_216' title='bbox 3085 1140 3263 1195; x_wconf 87' lang='lat' dir='ltr'><strong>carnis</strong></span> <span class='ocrx_word' id='word_1_217' title='bbox 3289 1155 3425 1197; x_wconf 74' lang='lat' dir='ltr'><strong>esu-</strong></span> 
     </span>
    </p>
   </div>
   <div class='ocr_carea' id='block_1_26' title="bbox 1824 1231 3424 1303">
    <p class='ocr_par' dir='ltr' id='par_1_26' title="bbox 1824 1231 3424 1303">
     <span class='ocr_line' id='line_1_26' title="bbox 1824 1231 3424 1303; baseline -0.003 -15"><span class='ocrx_word' id='word_1_218' title='bbox 1824 1231 1928 1288; x_wconf 64' lang='lat' dir='ltr'><strong>viac</strong></span> <span class='ocrx_word' id='word_1_219' title='bbox 1946 1241 2103 1298; x_wconf 85' lang='lat' dir='ltr'><strong>sunt;</strong></span> <span class='ocrx_word' id='word_1_220' title='bbox 2134 1231 2177 1287; x_wconf 90' lang='lat' dir='ltr'><strong>si</strong></span> <span class='ocrx_word' id='word_1_221' title='bbox 2211 1231 2441 1300; x_wconf 84' lang='lat' dir='ltr'><strong>denique</strong></span> <span class='ocrx_word' id='word_1_222' title='bbox 2488 1247 2638 1288; x_wconf 86' lang='lat' dir='ltr'><strong>mors</strong></span> <span class='ocrx_word' id='word_1_223' title='bbox 2668 1232 2780 1301; x_wconf 87' lang='lat' dir='ltr'><strong>ipsa</strong></span> <span class='ocrx_word' id='word_1_224' title='bbox 2811 1231 2954 1289; x_wconf 82' lang='lat' dir='ltr'><strong>aliud</strong></span> <span class='ocrx_word' id='word_1_225' title='bbox 2988 1239 3091 1298; x_wconf 91' lang='lat' dir='ltr'><strong>est,</strong></span> <span class='ocrx_word' id='word_1_226' title='bbox 3131 1248 3292 1303; x_wconf 90' lang='lat' dir='ltr'><strong>quam</strong></span> <span class='ocrx_word' id='word_1_227' title='bbox 3329 1249 3424 1301; x_wconf 83' lang='lat' dir='ltr'><strong>pu-</strong></span> 
     </span>
    </p>
   </div>
   <div class='ocr_carea' id='block_1_27' title="bbox 1825 1323 3424 1400">
    <p class='ocr_par' dir='ltr' id='par_1_27' title="bbox 1825 1323 3424 1400">
     <span class='ocr_line' id='line_1_27' title="bbox 1825 1323 3424 1400; baseline -0.004 -13"><span class='ocrx_word' id='word_1_228' title='bbox 1825 1336 2030 1387; x_wconf 86' lang='lat' dir='ltr'><strong>tentum</strong></span> <span class='ocrx_word' id='word_1_229' title='bbox 2055 1325 2450 1393; x_wconf 84' lang='lat' dir='ltr'><strong>dehonestatio,</strong></span> <span class='ocrx_word' id='word_1_230' title='bbox 2475 1342 2635 1400; x_wconf 91' lang='lat' dir='ltr'><strong>quam</strong></span> <span class='ocrx_word' id='word_1_231' title='bbox 2657 1326 2872 1392; x_wconf 76' lang='lat' dir='ltr'><strong>fiducia,</strong></span> <span class='ocrx_word' id='word_1_232' title='bbox 2899 1342 3057 1397; x_wconf 85' lang='lat' dir='ltr'><strong>quam</strong></span> <span class='ocrx_word' id='word_1_233' title='bbox 3082 1323 3384 1397; x_wconf 80' lang='lat' dir='ltr'><strong>triumphus</strong></span> <span class='ocrx_word' id='word_1_234' title='bbox 3410 1343 3424 1381; x_wconf 86' lang='lat'><strong>:</strong></span> 
     </span>
    </p>
   </div>
   <div class='ocr_carea' id='block_1_28' title="bbox 1823 1419 3426 1493">
    <p class='ocr_par' dir='ltr' id='par_1_28' title="bbox 1823 1419 3426 1493">
     <span class='ocr_line' id='line_1_28' title="bbox 1823 1419 3426 1493; baseline -0.002 -16"><span class='ocrx_word' id='word_1_235' title='bbox 1823 1420 2072 1479; x_wconf 88' lang='lat' dir='ltr'><strong>adscribe</strong></span> <span class='ocrx_word' id='word_1_236' title='bbox 2101 1419 2490 1493; x_wconf 76' lang='lat' dir='ltr'><strong>inﬁrmitatem,</strong></span> <span class='ocrx_word' id='word_1_237' title='bbox 2525 1421 2568 1477; x_wconf 87' lang='lat' dir='ltr'><strong>si</strong></span> <span class='ocrx_word' id='word_1_238' title='bbox 2597 1419 2668 1481; x_wconf 89' lang='lat' dir='ltr'><strong>ibi</strong></span> <span class='ocrx_word' id='word_1_239' title='bbox 2702 1420 2997 1477; x_wconf 83' lang='lat' dir='ltr'><strong>necessitas</strong></span> <span class='ocrx_word' id='word_1_240' title='bbox 3024 1427 3106 1475; x_wconf 86' lang='lat' dir='ltr'><strong>est</strong></span> <span class='ocrx_word' id='word_1_241' title='bbox 3134 1426 3187 1475; x_wconf 90' lang='lat' dir='ltr'><strong>ct</strong></span> <span class='ocrx_word' id='word_1_242' title='bbox 3213 1431 3426 1493; x_wconf 84' lang='lat' dir='ltr'><strong>natura,</strong></span> 
     </span>
    </p>
   </div>
   <div class='ocr_carea' id='block_1_29' title="bbox 1823 1510 3417 1577">
    <p class='ocr_par' dir='ltr' id='par_1_29' title="bbox 1823 1510 3417 1577">
     <span class='ocr_line' id='line_1_29' title="bbox 1823 1510 3417 1577; baseline 0.001 -6"><span class='ocrx_word' id='word_1_243' title='bbox 1823 1513 1868 1571; x_wconf 89' lang='lat' dir='ltr'><strong>si</strong></span> <span class='ocrx_word' id='word_1_244' title='bbox 1899 1515 1969 1577; x_wconf 88' lang='lat' dir='ltr'><strong>ibi</strong></span> <span class='ocrx_word' id='word_1_245' title='bbox 1994 1514 2074 1572; x_wconf 90' lang='lat' dir='ltr'><strong>vis</strong></span> <span class='ocrx_word' id='word_1_246' title='bbox 2100 1524 2183 1570; x_wconf 87' lang='lat' dir='ltr'><strong>est</strong></span> <span class='ocrx_word' id='word_1_247' title='bbox 2212 1524 2265 1570; x_wconf 90' lang='lat' dir='ltr'><strong>et</strong></span> <span class='ocrx_word' id='word_1_248' title='bbox 2293 1512 2591 1573; x_wconf 74' lang='lat' dir='ltr'><strong>diffidentia</strong></span> <span class='ocrx_word' id='word_1_249' title='bbox 2617 1524 2670 1570; x_wconf 88' lang='lat' dir='ltr'><strong>et</strong></span> <span class='ocrx_word' id='word_1_250' title='bbox 2693 1512 2950 1573; x_wconf 82' lang='lat' dir='ltr'><strong>dedecus.</strong></span> <span class='ocrx_word' id='word_1_251' title='bbox 2979 1513 3073 1571; x_wconf 87' lang='lat' dir='ltr'><strong>Sin</strong></span> <span class='ocrx_word' id='word_1_252' title='bbox 3094 1521 3271 1569; x_wconf 86' lang='lat' dir='ltr'><strong>autem</strong></span> <span class='ocrx_word' id='word_1_253' title='bbox 3298 1510 3417 1573; x_wconf 69' lang='lat' dir='ltr'><strong>haec</strong></span> 
     </span>
    </p>
   </div>
   <div class='ocr_carea' id='block_1_30' title="bbox 1823 1604 3427 1678">
    <p class='ocr_par' dir='ltr' id='par_1_30' title="bbox 1823 1604 3427 1678">
     <span class='ocr_line' id='line_1_30' title="bbox 1823 1604 3427 1678; baseline -0.003 -14"><span class='ocrx_word' id='word_1_254' title='bbox 1823 1624 1855 1664; x_wconf 92' lang='lat' dir='ltr'><strong>e</strong></span> <span class='ocrx_word' id='word_1_255' title='bbox 1906 1606 2181 1666; x_wconf 85' lang='lat' dir='ltr'><strong>contrario</strong></span> <span class='ocrx_word' id='word_1_256' title='bbox 2233 1608 2284 1663; x_wconf 91' lang='lat' dir='ltr'><strong>in</strong></span> <span class='ocrx_word' id='word_1_257' title='bbox 2334 1614 2674 1664; x_wconf 80' lang='lat' dir='ltr'><strong>sacramento</strong></span> <span class='ocrx_word' id='word_1_258' title='bbox 2721 1606 2986 1678; x_wconf 82' lang='lat' dir='ltr'><strong>passionis</strong></span> <span class='ocrx_word' id='word_1_259' title='bbox 3035 1604 3427 1677; x_wconf 70' lang='lat' dir='ltr'><strong>praedicantur;</strong></span> 
     </span>
    </p>
   </div>
   <div class='ocr_carea' id='block_1_31' title="bbox 1822 1698 3430 1779">
    <p class='ocr_par' dir='ltr' id='par_1_31' title="bbox 1822 1698 3430 1779">
     <span class='ocr_line' id='line_1_31' title="bbox 1822 1698 3430 1779; baseline -0.002 -22"><span class='ocrx_word' id='word_1_260' title='bbox 1822 1702 1965 1779; x_wconf 85' lang='lat' dir='ltr'><strong>quis,</strong></span> <span class='ocrx_word' id='word_1_261' title='bbox 2011 1716 2166 1772; x_wconf 88' lang='lat' dir='ltr'><strong>rogo,</strong></span> <span class='ocrx_word' id='word_1_262' title='bbox 2201 1699 2348 1755; x_wconf 83' lang='lat' dir='ltr'><strong>furor</strong></span> <span class='ocrx_word' id='word_1_263' title='bbox 2369 1698 2775 1771; x_wconf 83' lang='lat' dir='ltr'><strong>est,repudiata</strong></span> <span class='ocrx_word' id='word_1_264' title='bbox 2817 1698 3075 1754; x_wconf 67' lang='lat' dir='ltr'><strong>doctrinae</strong></span> <span class='ocrx_word' id='word_1_265' title='bbox 3121 1698 3430 1770; x_wconf 68' lang='lat' dir='ltr'><strong>apostolica:</strong></span> 
     </span>
    </p>
   </div>
   <div class='ocr_carea' id='block_1_32' title="bbox 1824 1786 3428 1883">
    <p class='ocr_par' dir='ltr' id='par_1_32' title="bbox 1824 1786 3428 1883">
     <span class='ocr_line' id='line_1_32' title="bbox 1824 1786 3428 1883; baseline -0.001 -35"><span class='ocrx_word' id='word_1_266' title='bbox 1824 1786 1928 1851; x_wconf 87' lang='lat' dir='ltr'><strong>lide</strong></span> <span class='ocrx_word' id='word_1_267' title='bbox 2146 1802 2353 1849; x_wconf 85' lang='lat' dir='ltr'><strong>mutare</strong></span> <span class='ocrx_word' id='word_1_268' title='bbox 2375 1807 2595 1855; x_wconf 81' lang='lat' dir='ltr'><strong>sensum</strong></span> <span class='ocrx_word' id='word_1_269' title='bbox 2626 1789 2925 1867; x_wconf 74' lang='lat' dir='ltr'><strong>religionis,</strong></span> <span class='ocrx_word' id='word_1_270' title='bbox 2953 1799 3008 1848; x_wconf 88' lang='lat' dir='ltr'><strong>et</strong></span> <span class='ocrx_word' id='word_1_271' title='bbox 3034 1799 3202 1851; x_wconf 84' lang='lat' dir='ltr'><strong>totum</strong></span> <span class='ocrx_word' id='word_1_272' title='bbox 3230 1787 3336 1848; x_wconf 87' lang='lat' dir='ltr'><strong>hnc</strong></span> <span class='ocrx_word' id='word_1_273' title='bbox 3357 1787 3428 1879; x_wconf 68' lang='grc' dir='ltr'><strong>(Γ)</strong></span> 
     </span>
    </p>
   </div>
   <div class='ocr_carea' id='block_1_33' title="bbox 138 1866 3432 1956">
    <p class='ocr_par' dir='ltr' id='par_1_33' title="bbox 138 1866 3432 1956">
     <span class='ocr_line' id='line_1_33' title="bbox 138 1866 3432 1956; baseline 0.005 -33"><span class='ocrx_word' id='word_1_274' title='bbox 138 1869 357 1939; x_wconf 75' lang='lat' dir='ltr'><strong>Spiritus</strong></span> <span class='ocrx_word' id='word_1_275' title='bbox 386 1869 584 1927; x_wconf 87' lang='lat' dir='ltr'><strong>sancti.</strong></span> <span class='ocrx_word' id='word_1_276' title='bbox 627 1870 792 1945; x_wconf 63' lang='lat'><strong>355</strong></span> <span class='ocrx_word' id='word_1_277' title='bbox 828 1870 964 1928; x_wconf 82' lang='lat' dir='ltr'><strong>Hine</strong></span> <span class='ocrx_word' id='word_1_278' title='bbox 992 1872 1177 1944; x_wconf 79' lang='lat' dir='ltr'><strong>itaque</strong></span> <span class='ocrx_word' id='word_1_279' title='bbox 1219 1873 1518 1932; x_wconf 68' lang='lat' dir='ltr'><strong>aestimatus</strong></span> <span class='ocrx_word' id='word_1_280' title='bbox 1542 1886 1626 1932; x_wconf 91' lang='lat' dir='ltr'><strong>est</strong></span> <span class='ocrx_word' id='word_1_281' title='bbox 1668 1886 1725 1934; x_wconf 85' lang='lat' dir='ltr'><strong>ct</strong></span> <span class='ocrx_word' id='word_1_282' title='bbox 1753 1870 1802 1934; x_wconf 82' lang='grc' dir='ltr'><strong>Β</strong></span> <span class='ocrx_word' id='word_1_283' title='bbox 1827 1884 1896 1942; x_wconf 88' lang='lat' dir='ltr'><strong>ad</strong></span> <span class='ocrx_word' id='word_1_284' title='bbox 1925 1866 2308 1942; x_wconf 58' lang='lat' dir='ltr'><strong>conﬁnmcliam</strong></span> <span class='ocrx_word' id='word_1_285' title='bbox 2358 1883 2642 1941; x_wconf 86' lang='lat' dir='ltr'><strong>imbecillis</strong></span> <span class='ocrx_word' id='word_1_286' title='bbox 2673 1899 2864 1956; x_wconf 79' lang='lat' dir='ltr'><strong>rapere</strong></span> <span class='ocrx_word' id='word_1_287' title='bbox 2896 1891 3134 1946; x_wconf 61' lang='lat' dir='ltr'><strong>naturae.</strong></span> <span class='ocrx_word' id='word_1_288' title='bbox 3187 1882 3330 1955; x_wconf 90' lang='lat' dir='ltr'><strong>quod</strong></span> <span class='ocrx_word' id='word_1_289' title='bbox 3377 1866 3432 1939; x_wconf 78' lang='lat' dir='ltr'><strong>et</strong></span> 
     </span>
    </p>
   </div>
   <div class='ocr_carea' id='block_1_34' title="bbox 139 1962 1721 2038">
    <p class='ocr_par' dir='ltr' id='par_1_34' title="bbox 139 1962 1721 2038">
     <span class='ocr_line' id='line_1_34' title="bbox 139 1962 1721 2038; baseline 0.006 -19"><span class='ocrx_word' id='word_1_290' title='bbox 139 1964 186 2020; x_wconf 88' lang='lat' dir='ltr'><strong>in</strong></span> <span class='ocrx_word' id='word_1_291' title='bbox 204 1962 474 2022; x_wconf 80' lang='lat' dir='ltr'><strong>doloribus</strong></span> <span class='ocrx_word' id='word_1_292' title='bbox 500 1974 554 2021; x_wconf 89' lang='lat' dir='ltr'><strong>et</strong></span> <span class='ocrx_word' id='word_1_293' title='bbox 584 1964 638 2022; x_wconf 90' lang='lat' dir='ltr'><strong>in</strong></span> <span class='ocrx_word' id='word_1_294' title='bbox 663 1966 815 2038; x_wconf 90' lang='lat' dir='ltr'><strong>plaga</strong></span> <span class='ocrx_word' id='word_1_295' title='bbox 841 1975 896 2023; x_wconf 93' lang='lat' dir='ltr'><strong>et</strong></span> <span class='ocrx_word' id='word_1_296' title='bbox 918 1968 971 2023; x_wconf 90' lang='lat' dir='ltr'><strong>in</strong></span> <span class='ocrx_word' id='word_1_297' title='bbox 989 1970 1275 2025; x_wconf 85' lang='lat' dir='ltr'><strong>vexatione</strong></span> <span class='ocrx_word' id='word_1_298' title='bbox 1295 1985 1436 2027; x_wconf 88' lang='lat' dir='ltr'><strong>esse.</strong></span> <span class='ocrx_word' id='word_1_299' title='bbox 1468 1970 1721 2030; x_wconf 85' lang='lat' dir='ltr'><strong>Formam</strong></span> 
     </span>
    </p>
   </div>
   <div class='ocr_carea' id='block_1_35' title="bbox 140 2055 1722 2137">
    <p class='ocr_par' dir='ltr' id='par_1_35' title="bbox 140 2055 1722 2137">
     <span class='ocr_line' id='line_1_35' title="bbox 140 2055 1722 2137; baseline 0.007 -26"><span class='ocrx_word' id='word_1_300' title='bbox 140 2055 269 2112; x_wconf 87' lang='lat' dir='ltr'><strong>enim</strong></span> <span class='ocrx_word' id='word_1_301' title='bbox 298 2057 444 2113; x_wconf 69' lang='lat' dir='ltr'><strong>servi</strong></span> <span class='ocrx_word' id='word_1_302' title='bbox 491 2057 742 2130; x_wconf 78' lang='lat' dir='ltr'><strong>accepit:</strong></span> <span class='ocrx_word' id='word_1_303' title='bbox 773 2068 829 2119; x_wconf 87' lang='lat' dir='ltr'><strong>et</strong></span> <span class='ocrx_word' id='word_1_304' title='bbox 866 2069 1024 2117; x_wconf 85' lang='lat' dir='ltr'><strong>natus</strong></span> <span class='ocrx_word' id='word_1_305' title='bbox 1050 2076 1115 2117; x_wconf 81' lang='lat' dir='ltr'><strong>es</strong></span> <span class='ocrx_word' id='word_1_306' title='bbox 1147 2062 1356 2133; x_wconf 89' lang='lat' dir='ltr'><strong>virgine</strong></span> <span class='ocrx_word' id='word_1_307' title='bbox 1388 2064 1551 2121; x_wconf 86' lang='lat' dir='ltr'><strong>homo</strong></span> <span class='ocrx_word' id='word_1_308' title='bbox 1602 2067 1722 2137; x_wconf 72' lang='lat' dir='ltr'><strong>opi~</strong></span> 
     </span>
    </p>
   </div>
   <div class='ocr_carea' id='block_1_36' title="bbox 143 2150 1725 2231">
    <p class='ocr_par' dir='ltr' id='par_1_36' title="bbox 143 2150 1725 2231">
     <span class='ocr_line' id='line_1_36' title="bbox 143 2150 1725 2231; baseline 0.008 -23"><span class='ocrx_word' id='word_1_309' title='bbox 143 2150 342 2208; x_wconf 86' lang='lat' dir='ltr'><strong>nionem</strong></span> <span class='ocrx_word' id='word_1_310' title='bbox 374 2152 534 2209; x_wconf 88' lang='lat' dir='ltr'><strong>nobis</strong></span> <span class='ocrx_word' id='word_1_311' title='bbox 571 2155 832 2211; x_wconf 89' lang='lat' dir='ltr'><strong>naturalis</strong></span> <span class='ocrx_word' id='word_1_312' title='bbox 869 2156 972 2214; x_wconf 88' lang='lat' dir='ltr'><strong>sibi</strong></span> <span class='ocrx_word' id='word_1_313' title='bbox 1021 2158 1073 2214; x_wconf 89' lang='lat' dir='ltr'><strong>in</strong></span> <span class='ocrx_word' id='word_1_314' title='bbox 1117 2159 1369 2231; x_wconf 87' lang='lat' dir='ltr'><strong>passione</strong></span> <span class='ocrx_word' id='word_1_315' title='bbox 1399 2161 1606 2220; x_wconf 88' lang='lat' dir='ltr'><strong>doloris</strong></span> <span class='ocrx_word' id='word_1_316' title='bbox 1645 2166 1725 2220; x_wconf 90' lang='lat' dir='ltr'><strong>in-</strong></span> 
     </span>
    </p>
   </div>
   <div class='ocr_carea' id='block_1_37' title="bbox 144 2244 1724 2326">
    <p class='ocr_par' dir='ltr' id='par_1_37' title="bbox 144 2244 1724 2326">
     <span class='ocr_line' id='line_1_37' title="bbox 144 2244 1724 2326; baseline 0.007 -25"><span class='ocrx_word' id='word_1_317' title='bbox 144 2245 297 2301; x_wconf 80' lang='lat' dir='ltr'><strong>vexit.</strong></span> <span class='ocrx_word' id='word_1_318' title='bbox 328 2244 456 2318; x_wconf 76' lang='lat' dir='ltr'><strong>Ipse</strong></span> <span class='ocrx_word' id='word_1_319' title='bbox 503 2256 675 2303; x_wconf 68' lang='lat' dir='ltr'><strong>autem</strong></span> <span class='ocrx_word' id='word_1_320' title='bbox 723 2248 1019 2306; x_wconf 72' lang='lat' dir='ltr'><strong>uulneratus</strong></span> <span class='ocrx_word' id='word_1_321' title='bbox 1052 2260 1162 2317; x_wconf 83' lang='lat' dir='ltr'><strong>est;</strong></span> <span class='ocrx_word' id='word_1_322' title='bbox 1215 2251 1313 2309; x_wconf 89' lang='lat' dir='ltr'><strong>sed</strong></span> <span class='ocrx_word' id='word_1_323' title='bbox 1368 2265 1577 2326; x_wconf 81' lang='lat' dir='ltr'><strong>propter</strong></span> <span class='ocrx_word' id='word_1_324' title='bbox 1618 2258 1724 2312; x_wconf 85' lang='lat' dir='ltr'><strong>ini-</strong></span> 
     </span>
    </p>
   </div>
   <div class='ocr_carea' id='block_1_38' title="bbox 144 2341 1724 2419">
    <p class='ocr_par' dir='ltr' id='par_1_38' title="bbox 144 2341 1724 2419">
     <span class='ocr_line' id='line_1_38' title="bbox 144 2341 1724 2419; baseline 0.008 -24"><span class='ocrx_word' id='word_1_325' title='bbox 144 2341 344 2412; x_wconf 69' lang='lat' dir='ltr'><strong>quitates</strong></span> <span class='ocrx_word' id='word_1_326' title='bbox 401 2351 629 2398; x_wconf 80' lang='lat' dir='ltr'><strong>nostras.</strong></span> <span class='ocrx_word' id='word_1_327' title='bbox 695 2341 829 2401; x_wconf 82' lang='lat' dir='ltr'><strong>Nam</strong></span> <span class='ocrx_word' id='word_1_328' title='bbox 901 2345 1151 2417; x_wconf 82' lang='lat' dir='ltr'><strong>quamvis</strong></span> <span class='ocrx_word' id='word_1_329' title='bbox 1219 2345 1292 2403; x_wconf 88' lang='lat' dir='ltr'><strong>sit</strong></span> <span class='ocrx_word' id='word_1_330' title='bbox 1361 2348 1724 2419; x_wconf 86' lang='lat' dir='ltr'><strong>vulneratus,</strong></span> 
     </span>
    </p>
   </div>
   <div class='ocr_carea' id='block_1_39' title="bbox 147 2433 1726 2514">
    <p class='ocr_par' dir='ltr' id='par_1_39' title="bbox 147 2433 1726 2514">
     <span class='ocr_line' id='line_1_39' title="bbox 147 2433 1726 2514; baseline 0.008 -27"><span class='ocrx_word' id='word_1_331' title='bbox 147 2447 243 2487; x_wconf 90' lang='lat' dir='ltr'><strong>non</strong></span> <span class='ocrx_word' id='word_1_332' title='bbox 286 2442 463 2489; x_wconf 82' lang='lat' dir='ltr'><strong>tamen</strong></span> <span class='ocrx_word' id='word_1_333' title='bbox 516 2433 812 2506; x_wconf 83' lang='lat' dir='ltr'><strong>iniquitatis</strong></span> <span class='ocrx_word' id='word_1_334' title='bbox 838 2451 950 2493; x_wconf 64' lang='lat' dir='ltr'><strong>sum</strong></span> <span class='ocrx_word' id='word_1_335' title='bbox 981 2438 1175 2495; x_wconf 71' lang='lat' dir='ltr'><strong>Vulnus</strong></span> <span class='ocrx_word' id='word_1_336' title='bbox 1205 2446 1291 2495; x_wconf 88' lang='lat' dir='ltr'><strong>est</strong></span> <span class='ocrx_word' id='word_1_337' title='bbox 1320 2457 1334 2494; x_wconf 91' lang='lat'><strong>:</strong></span> <span class='ocrx_word' id='word_1_338' title='bbox 1363 2450 1418 2496; x_wconf 90' lang='lat' dir='ltr'><strong>et</strong></span> <span class='ocrx_word' id='word_1_339' title='bbox 1461 2441 1726 2514; x_wconf 88' lang='lat' dir='ltr'><strong>quidquid</strong></span> 
     </span>
    </p>
   </div>
   <div class='ocr_carea' id='block_1_40' title="bbox 148 2526 1729 2601">
    <p class='ocr_par' dir='ltr' id='par_1_40' title="bbox 148 2526 1729 2601">
     <span class='ocr_line' id='line_1_40' title="bbox 148 2526 1729 2601; baseline 0.008 -19"><span class='ocrx_word' id='word_1_340' title='bbox 148 2526 350 2597; x_wconf 76' lang='lat' dir='ltr'><strong>patitur,</strong></span> <span class='ocrx_word' id='word_1_341' title='bbox 382 2544 494 2584; x_wconf 90' lang='lat' dir='ltr'><strong>non</strong></span> <span class='ocrx_word' id='word_1_342' title='bbox 534 2529 641 2586; x_wconf 83' lang='lat' dir='ltr'><strong>sibi</strong></span> <span class='ocrx_word' id='word_1_343' title='bbox 671 2530 890 2601; x_wconf 87' lang='lat' dir='ltr'><strong>patitur.</strong></span> <span class='ocrx_word' id='word_1_344' title='bbox 929 2531 1046 2589; x_wconf 87' lang='lat' dir='ltr'><strong>Non</strong></span> <span class='ocrx_word' id='word_1_345' title='bbox 1074 2531 1218 2590; x_wconf 89' lang='lat' dir='ltr'><strong>enim</strong></span> <span class='ocrx_word' id='word_1_346' title='bbox 1249 2533 1349 2589; x_wconf 86' lang='lat' dir='ltr'><strong>sibi</strong></span> <span class='ocrx_word' id='word_1_347' title='bbox 1383 2534 1545 2592; x_wconf 89' lang='lat' dir='ltr'><strong>homo</strong></span> <span class='ocrx_word' id='word_1_348' title='bbox 1573 2548 1729 2595; x_wconf 89' lang='lat' dir='ltr'><strong>natus</strong></span> 
     </span>
    </p>
   </div>
   <div class='ocr_carea' id='block_1_41' title="bbox 148 2622 1727 2702">
    <p class='ocr_par' dir='ltr' id='par_1_41' title="bbox 148 2622 1727 2702">
     <span class='ocr_line' id='line_1_41' title="bbox 148 2622 1727 2702; baseline 0.009 -27"><span class='ocrx_word' id='word_1_349' title='bbox 148 2628 239 2684; x_wconf 80' lang='lat' dir='ltr'><strong>est,</strong></span> <span class='ocrx_word' id='word_1_350' title='bbox 268 2632 366 2685; x_wconf 77' lang='lat' dir='ltr'><strong>nec</strong></span> <span class='ocrx_word' id='word_1_351' title='bbox 401 2635 473 2677; x_wconf 85' lang='lat' dir='ltr'><strong>ex</strong></span> <span class='ocrx_word' id='word_1_352' title='bbox 506 2636 565 2677; x_wconf 88' lang='lat' dir='ltr'><strong>se</strong></span> <span class='ocrx_word' id='word_1_353' title='bbox 596 2622 811 2694; x_wconf 90' lang='lat' dir='ltr'><strong>iniquus</strong></span> <span class='ocrx_word' id='word_1_354' title='bbox 837 2635 942 2679; x_wconf 87' lang='lat' dir='ltr'><strong>est.</strong></span> <span class='ocrx_word' id='word_1_355' title='bbox 984 2624 1240 2683; x_wconf 81' lang='lat' dir='ltr'><strong>Testatur</strong></span> <span class='ocrx_word' id='word_1_356' title='bbox 1277 2631 1568 2702; x_wconf 79' lang='lat' dir='ltr'><strong>Apostolus</strong></span> <span class='ocrx_word' id='word_1_357' title='bbox 1596 2645 1727 2688; x_wconf 90' lang='lat' dir='ltr'><strong>cau-</strong></span> 
     </span>
    </p>
   </div>
   <div class='ocr_carea' id='block_1_42' title="bbox 146 2711 1730 2799">
    <p class='ocr_par' dir='ltr' id='par_1_42' title="bbox 146 2711 1730 2799">
     <span class='ocr_line' id='line_1_42' title="bbox 146 2711 1730 2799; baseline 0.01 -32"><span class='ocrx_word' id='word_1_358' title='bbox 146 2725 251 2768; x_wconf 83' lang='lat' dir='ltr'><strong>sam</strong></span> <span class='ocrx_word' id='word_1_359' title='bbox 293 2711 717 2784; x_wconf 86' lang='lat' dir='ltr'><strong>dispensationis</strong></span> <span class='ocrx_word' id='word_1_360' title='bbox 762 2717 915 2774; x_wconf 86' lang='lat' dir='ltr'><strong>istius</strong></span> <span class='ocrx_word' id='word_1_361' title='bbox 963 2717 1194 2778; x_wconf 86' lang='lat' dir='ltr'><strong>dicens:</strong></span> <span class='ocrx_word' id='word_1_362' title='bbox 1250 2722 1472 2781; x_wconf 83' lang='lat' dir='ltr'><strong>Orantes</strong></span> <span class='ocrx_word' id='word_1_363' title='bbox 1520 2726 1593 2799; x_wconf 73' lang='lat' dir='ltr'><strong>(lt)</strong></span> <span class='ocrx_word' id='word_1_364' title='bbox 1638 2744 1730 2798; x_wconf 83' lang='lat' dir='ltr'><strong>per</strong></span> 
     </span>
    </p>
   </div>
   <div class='ocr_carea' id='block_1_43' title="bbox 148 2802 1729 2894">
    <p class='ocr_par' dir='ltr' id='par_1_43' title="bbox 148 2802 1729 2894">
     <span class='ocr_line' id='line_1_43' title="bbox 148 2802 1729 2894; baseline 0.011 -35"><span class='ocrx_word' id='word_1_365' title='bbox 148 2802 388 2862; x_wconf 69' lang='lat' dir='ltr'><strong>Christum</strong></span> <span class='ocrx_word' id='word_1_366' title='bbox 415 2810 742 2871; x_wconf 76' lang='lat' dir='ltr'><strong>reconciliari</strong></span> <span class='ocrx_word' id='word_1_367' title='bbox 765 2808 908 2866; x_wconf 78' lang='lat' dir='ltr'><strong>Deo:</strong></span> <span class='ocrx_word' id='word_1_368' title='bbox 934 2829 1070 2883; x_wconf 77' lang='lat' dir='ltr'><strong>eum,</strong></span> <span class='ocrx_word' id='word_1_369' title='bbox 1104 2816 1193 2886; x_wconf 78' lang='lat' dir='ltr'><strong>qui</strong></span> <span class='ocrx_word' id='word_1_370' title='bbox 1220 2833 1322 2872; x_wconf 89' lang='lat' dir='ltr'><strong>non</strong></span> <span class='ocrx_word' id='word_1_371' title='bbox 1348 2820 1583 2893; x_wconf 75' lang='lat' dir='ltr'><strong>cognovit</strong></span> <span class='ocrx_word' id='word_1_372' title='bbox 1605 2837 1729 2894; x_wconf 85' lang='lat' dir='ltr'><strong>pec-</strong></span> 
     </span>
    </p>
   </div>
   <div class='ocr_carea' id='block_1_44' title="bbox 148 2902 1733 2983">
    <p class='ocr_par' dir='ltr' id='par_1_44' title="bbox 148 2902 1733 2983">
     <span class='ocr_line' id='line_1_44' title="bbox 148 2902 1733 2983; baseline 0.012 -30"><span class='ocrx_word' id='word_1_373' title='bbox 148 2906 318 2961; x_wconf 76' lang='lat' dir='ltr'><strong>catum.</strong></span> <span class='ocrx_word' id='word_1_374' title='bbox 367 2917 469 2970; x_wconf 84' lang='lat' dir='ltr'><strong>pro</strong></span> <span class='ocrx_word' id='word_1_375' title='bbox 512 2902 657 2958; x_wconf 72' lang='lat' dir='ltr'><strong>nobis</strong></span> <span class='ocrx_word' id='word_1_376' title='bbox 686 2914 946 2971; x_wconf 81' lang='lat' dir='ltr'><strong>peccatum</strong></span> <span class='ocrx_word' id='word_1_377' title='bbox 974 2908 1093 2978; x_wconf 78' lang='lat' dir='ltr'><strong>fecit</strong></span> <span class='ocrx_word' id='word_1_378' title='bbox 1115 2908 1185 2978; x_wconf 86' lang='lat' dir='ltr'><strong>(II</strong></span> <span class='ocrx_word' id='word_1_379' title='bbox 1210 2907 1332 2965; x_wconf 86' lang='lat' dir='ltr'><strong>Cor.</strong></span> <span class='ocrx_word' id='word_1_380' title='bbox 1366 2926 1418 2978; x_wconf 77' lang='grc' dir='ltr'><strong>ν,</strong></span> <span class='ocrx_word' id='word_1_381' title='bbox 1450 2911 1569 2983; x_wconf 75' lang='lat'><strong>20).</strong></span> <span class='ocrx_word' id='word_1_382' title='bbox 1600 2912 1733 2971; x_wconf 79' lang='lat' dir='ltr'><strong>Pec-</strong></span> 
     </span>
    </p>
   </div>
   <div class='ocr_carea' id='block_1_45' title="bbox 148 2992 1727 3072">
    <p class='ocr_par' dir='ltr' id='par_1_45' title="bbox 148 2992 1727 3072">
     <span class='ocr_line' id='line_1_45' title="bbox 148 2992 1727 3072; baseline 0.01 -28"><span class='ocrx_word' id='word_1_383' title='bbox 148 3000 307 3047; x_wconf 80' lang='lat' dir='ltr'><strong>catum</strong></span> <span class='ocrx_word' id='word_1_384' title='bbox 334 2992 482 3048; x_wconf 88' lang='lat' dir='ltr'><strong>enim</strong></span> <span class='ocrx_word' id='word_1_385' title='bbox 510 2992 564 3049; x_wconf 90' lang='lat' dir='ltr'><strong>in</strong></span> <span class='ocrx_word' id='word_1_386' title='bbox 601 3008 764 3051; x_wconf 80' lang='lat' dir='ltr'><strong>carne</strong></span> <span class='ocrx_word' id='word_1_387' title='bbox 795 3010 891 3066; x_wconf 90' lang='lat' dir='ltr'><strong>per</strong></span> <span class='ocrx_word' id='word_1_388' title='bbox 918 3010 1199 3067; x_wconf 88' lang='lat' dir='ltr'><strong>peccatum</strong></span> <span class='ocrx_word' id='word_1_389' title='bbox 1230 3001 1689 3060; x_wconf 89' lang='lat' dir='ltr'><strong>condemnaturus</strong></span> <span class='ocrx_word' id='word_1_390' title='bbox 1711 3048 1727 3072; x_wconf 94' lang='lat'><strong>,</strong></span> 
     </span>
    </p>
   </div>
   <div class='ocr_carea' id='block_1_46' title="bbox 151 3083 1728 3166">
    <p class='ocr_par' dir='ltr' id='par_1_46' title="bbox 151 3083 1728 3166">
     <span class='ocr_line' id='line_1_46' title="bbox 151 3083 1728 3166; baseline 0.01 -27"><span class='ocrx_word' id='word_1_391' title='bbox 151 3083 332 3153; x_wconf 80' lang='lat' dir='ltr'><strong>peccati</strong></span> <span class='ocrx_word' id='word_1_392' title='bbox 360 3084 493 3142; x_wconf 91' lang='lat' dir='ltr'><strong>licet</strong></span> <span class='ocrx_word' id='word_1_393' title='bbox 517 3101 738 3158; x_wconf 79' lang='lat' dir='ltr'><strong>expers,</strong></span> <span class='ocrx_word' id='word_1_394' title='bbox 771 3086 942 3144; x_wconf 84' lang='lat' dir='ltr'><strong>lectus</strong></span> <span class='ocrx_word' id='word_1_395' title='bbox 968 3099 1051 3146; x_wconf 88' lang='lat' dir='ltr'><strong>est</strong></span> <span class='ocrx_word' id='word_1_396' title='bbox 1072 3090 1186 3162; x_wconf 89' lang='lat' dir='ltr'><strong>ipse</strong></span> <span class='ocrx_word' id='word_1_397' title='bbox 1214 3090 1524 3164; x_wconf 76' lang='lat' dir='ltr'><strong>peccatum,’</strong></span> <span class='ocrx_word' id='word_1_398' title='bbox 1545 3095 1597 3152; x_wconf 90' lang='lat' dir='ltr'><strong>id</strong></span> <span class='ocrx_word' id='word_1_399' title='bbox 1625 3102 1728 3166; x_wconf 89' lang='lat' dir='ltr'><strong>est,</strong></span> 
     </span>
    </p>
   </div>
   <div class='ocr_carea' id='block_1_47' title="bbox 150 3180 1728 3262">
    <p class='ocr_par' dir='ltr' id='par_1_47' title="bbox 150 3180 1728 3262">
     <span class='ocr_line' id='line_1_47' title="bbox 150 3180 1728 3262; baseline 0.008 -32"><span class='ocrx_word' id='word_1_400' title='bbox 150 3184 233 3243; x_wconf 85' lang='lat' dir='ltr'><strong>per</strong></span> <span class='ocrx_word' id='word_1_401' title='bbox 256 3188 473 3237; x_wconf 67' lang='lat' dir='ltr'><strong>carnem</strong></span> <span class='ocrx_word' id='word_1_402' title='bbox 501 3189 781 3247; x_wconf 83' lang='lat' dir='ltr'><strong>peceatum</strong></span> <span class='ocrx_word' id='word_1_403' title='bbox 809 3180 864 3237; x_wconf 89' lang='lat' dir='ltr'><strong>in</strong></span> <span class='ocrx_word' id='word_1_404' title='bbox 892 3195 1058 3237; x_wconf 87' lang='lat' dir='ltr'><strong>carne</strong></span> <span class='ocrx_word' id='word_1_405' title='bbox 1078 3183 1474 3255; x_wconf 68' lang='lat' dir='ltr'><strong>condemnatus,</strong></span> <span class='ocrx_word' id='word_1_406' title='bbox 1505 3186 1579 3262; x_wconf 84' lang='lat' dir='ltr'><strong>(e)</strong></span> <span class='ocrx_word' id='word_1_407' title='bbox 1608 3203 1728 3245; x_wconf 82' lang='lat' dir='ltr'><strong>car-</strong></span> 
     </span>
    </p>
   </div>
   <div class='ocr_carea' id='block_1_48' title="bbox 151 3266 1799 3346">
    <p class='ocr_par' dir='ltr' id='par_1_48' title="bbox 151 3266 1799 3346">
     <span class='ocr_line' id='line_1_48' title="bbox 151 3266 1799 3346; baseline 0.009 -23"><span class='ocrx_word' id='word_1_408' title='bbox 151 3266 223 3325; x_wconf 89' lang='lat' dir='ltr'><strong>nis</strong></span> <span class='ocrx_word' id='word_1_409' title='bbox 246 3270 458 3340; x_wconf 83' lang='lat' dir='ltr'><strong>quidem</strong></span> <span class='ocrx_word' id='word_1_410' title='bbox 504 3272 740 3342; x_wconf 87' lang='lat' dir='ltr'><strong>nescius,</strong></span> <span class='ocrx_word' id='word_1_411' title='bbox 770 3274 866 3329; x_wconf 83' lang='lat' dir='ltr'><strong>sed</strong></span> <span class='ocrx_word' id='word_1_412' title='bbox 899 3289 997 3346; x_wconf 91' lang='lat' dir='ltr'><strong>pro</strong></span> <span class='ocrx_word' id='word_1_413' title='bbox 1024 3276 1181 3335; x_wconf 89' lang='lat' dir='ltr'><strong>nobis</strong></span> <span class='ocrx_word' id='word_1_414' title='bbox 1208 3292 1336 3334; x_wconf 91' lang='lat' dir='ltr'><strong>caro</strong></span> <span class='ocrx_word' id='word_1_415' title='bbox 1367 3280 1540 3337; x_wconf 82' lang='lat' dir='ltr'><strong>lactus</strong></span> <span class='ocrx_word' id='word_1_416' title='bbox 1586 3290 1670 3339; x_wconf 88' lang='lat' dir='ltr'><strong>est</strong></span> <span class='ocrx_word' id='word_1_417' title='bbox 1711 3301 1724 3337; x_wconf 89' lang='lat'><strong>:</strong></span> <span class='ocrx_word' id='word_1_418' title='bbox 1753 3267 1799 3331; x_wconf 78' lang='grc' dir='ltr'><strong>Ο</strong></span> 
     </span>
    </p>
   </div>
   <div class='ocr_carea' id='block_1_49' title="bbox 150 3365 1730 3449">
    <p class='ocr_par' dir='ltr' id='par_1_49' title="bbox 150 3365 1730 3449">
     <span class='ocr_line' id='line_1_49' title="bbox 150 3365 1730 3449; baseline 0.01 -31"><span class='ocrx_word' id='word_1_419' title='bbox 150 3374 194 3431; x_wconf 82' lang='lat' dir='ltr'><strong>et</strong></span> <span class='ocrx_word' id='word_1_420' title='bbox 242 3365 436 3433; x_wconf 78' lang='lat' dir='ltr'><strong>idcirco</strong></span> <span class='ocrx_word' id='word_1_421' title='bbox 495 3375 721 3447; x_wconf 86' lang='lat' dir='ltr'><strong>propter</strong></span> <span class='ocrx_word' id='word_1_422' title='bbox 783 3369 1095 3444; x_wconf 77' lang='lat' dir='ltr'><strong>iniquitates</strong></span> <span class='ocrx_word' id='word_1_423' title='bbox 1147 3384 1361 3440; x_wconf 80' lang='lat' dir='ltr'><strong>nosu&#39;as</strong></span> <span class='ocrx_word' id='word_1_424' title='bbox 1407 3385 1492 3440; x_wconf 77' lang='lat' dir='ltr'><strong>est</strong></span> <span class='ocrx_word' id='word_1_425' title='bbox 1542 3376 1730 3449; x_wconf 64' lang='lat' dir='ltr'><strong>attine-</strong></span> 
     </span>
    </p>
   </div>
   <div class='ocr_carea' id='block_1_50' title="bbox 148 3465 299 3519">
    <p class='ocr_par' dir='ltr' id='par_1_50' title="bbox 148 3465 299 3519">
     <span class='ocr_line' id='line_1_50' title="bbox 148 3465 299 3519; baseline -0.013 -4"><span class='ocrx_word' id='word_1_426' title='bbox 148 3465 299 3519; x_wconf 78' lang='lat' dir='ltr'><strong>ratus.</strong></span> 
     </span>
    </p>
   </div>
   <div class='ocr_carea' id='block_1_51' title="bbox 207 3552 1731 3639">
    <p class='ocr_par' dir='ltr' id='par_1_51' title="bbox 207 3552 1731 3639">
     <span class='ocr_line' id='line_1_51' title="bbox 207 3552 1731 3639; baseline 0.009 -32"><span class='ocrx_word' id='word_1_427' title='bbox 207 3552 289 3609; x_wconf 78' lang='grc'><strong>48.</strong></span> <span class='ocrx_word' id='word_1_428' title='bbox 318 3552 518 3611; x_wconf 75' lang='lat' dir='ltr'><strong>Christi</strong></span> <span class='ocrx_word' id='word_1_429' title='bbox 545 3555 707 3612; x_wconf 77' lang='lat' dir='ltr'><strong>uirtus</strong></span> <span class='ocrx_word' id='word_1_430' title='bbox 734 3558 789 3612; x_wconf 86' lang='lat' dir='ltr'><strong>in</strong></span> <span class='ocrx_word' id='word_1_431' title='bbox 812 3558 1053 3639; x_wconf 79' lang='lat' dir='ltr'><strong>passione</strong></span> <span class='ocrx_word' id='word_1_432' title='bbox 1073 3559 1278 3631; x_wconf 82' lang='lat' dir='ltr'><strong>emicat.</strong></span> <span class='ocrx_word' id='word_1_433' title='bbox 1332 3559 1518 3629; x_wconf 78' lang='lat' dir='ltr'><strong>Passio</strong></span> <span class='ocrx_word' id='word_1_434' title='bbox 1539 3561 1731 3631; x_wconf 77' lang='lat' dir='ltr'><strong>Christi</strong></span> 
     </span>
    </p>
   </div>
   <div class='ocr_carea' id='block_1_52' title="bbox 152 3646 1730 3727">
    <p class='ocr_par' dir='ltr' id='par_1_52' title="bbox 152 3646 1730 3727">
     <span class='ocr_line' id='line_1_52' title="bbox 152 3646 1730 3727; baseline 0.012 -29"><span class='ocrx_word' id='word_1_435' title='bbox 152 3646 438 3720; x_wconf 77' lang='lat' dir='ltr'><strong>triutttpltus.</strong></span> <span class='ocrx_word' id='word_1_436' title='bbox 492 3679 564 3692; x_wconf 92' lang='lat'><strong>-</strong></span> <span class='ocrx_word' id='word_1_437' title='bbox 603 3649 868 3725; x_wconf 68' lang='lat' dir='ltr'><strong>Cancrum</strong></span> <span class='ocrx_word' id='word_1_438' title='bbox 901 3652 1072 3719; x_wconf 80' lang='lat' dir='ltr'><strong>nescit</strong></span> <span class='ocrx_word' id='word_1_439' title='bbox 1102 3652 1155 3721; x_wconf 85' lang='lat' dir='ltr'><strong>in</strong></span> <span class='ocrx_word' id='word_1_440' title='bbox 1187 3651 1408 3723; x_wconf 80' lang='lat' dir='ltr'><strong>Christo</strong></span> <span class='ocrx_word' id='word_1_441' title='bbox 1435 3655 1730 3727; x_wconf 78' lang='lat' dir='ltr'><strong>Apostolus</strong></span> 
     </span>
    </p>
   </div>
   <div class='ocr_carea' id='block_1_53' title="bbox 150 3740 1729 3824">
    <p class='ocr_par' dir='ltr' id='par_1_53' title="bbox 150 3740 1729 3824">
     <span class='ocr_line' id='line_1_53' title="bbox 150 3740 1729 3824; baseline 0.01 -33"><span class='ocrx_word' id='word_1_442' title='bbox 150 3740 543 3813; x_wconf 72' lang='grc' dir='ltr'><strong>ιτερῑάςιιῑοηθω</strong></span> <span class='ocrx_word' id='word_1_443' title='bbox 572 3742 799 3811; x_wconf 82' lang='lat' dir='ltr'><strong>doloris.</strong></span> <span class='ocrx_word' id='word_1_444' title='bbox 830 3743 964 3803; x_wconf 77' lang='lat' dir='ltr'><strong>Nam</strong></span> <span class='ocrx_word' id='word_1_445' title='bbox 1003 3746 1458 3815; x_wconf 78' lang='lat' dir='ltr'><strong>dispensationem</strong></span> <span class='ocrx_word' id='word_1_446' title='bbox 1487 3749 1568 3824; x_wconf 81' lang='lat' dir='ltr'><strong>(tt)</strong></span> <span class='ocrx_word' id='word_1_447' title='bbox 1604 3765 1729 3821; x_wconf 81' lang='lat' dir='ltr'><strong>pss-</strong></span> 
     </span>
    </p>
   </div>
   <div class='ocr_carea' id='block_1_54' title="bbox 149 3835 1733 3917">
    <p class='ocr_par' dir='ltr' id='par_1_54' title="bbox 149 3835 1733 3917">
     <span class='ocr_line' id='line_1_54' title="bbox 149 3835 1733 3917; baseline 0.009 -28"><span class='ocrx_word' id='word_1_448' title='bbox 149 3835 300 3893; x_wconf 85' lang='lat' dir='ltr'><strong>sionis</strong></span> <span class='ocrx_word' id='word_1_449' title='bbox 322 3839 625 3904; x_wconf 84' lang='lat' dir='ltr'><strong>locuturus,</strong></span> <span class='ocrx_word' id='word_1_450' title='bbox 672 3840 724 3895; x_wconf 89' lang='lat' dir='ltr'><strong>in</strong></span> <span class='ocrx_word' id='word_1_451' title='bbox 751 3849 1089 3898; x_wconf 81' lang='lat' dir='ltr'><strong>sacramento</strong></span> <span class='ocrx_word' id='word_1_452' title='bbox 1117 3856 1237 3899; x_wconf 86' lang='lat' dir='ltr'><strong>eam</strong></span> <span class='ocrx_word' id='word_1_453' title='bbox 1269 3843 1562 3901; x_wconf 80' lang='lat' dir='ltr'><strong>divinitatis</strong></span> <span class='ocrx_word' id='word_1_454' title='bbox 1595 3862 1733 3917; x_wconf 72' lang='lat' dir='ltr'><strong>prte-</strong></span> 
     </span>
    </p>
   </div>
   <div class='ocr_carea' id='block_1_55' title="bbox 148 3925 1732 4023">
    <p class='ocr_par' dir='ltr' id='par_1_55' title="bbox 148 3925 1732 4023">
     <span class='ocr_line' id='line_1_55' title="bbox 148 3925 1732 4023; baseline 0.009 -43"><span class='ocrx_word' id='word_1_455' title='bbox 148 3925 341 3997; x_wconf 78' lang='lat' dir='ltr'><strong>dicavit,</strong></span> <span class='ocrx_word' id='word_1_456' title='bbox 382 3930 577 3987; x_wconf 86' lang='lat' dir='ltr'><strong>dicens</strong></span> <span class='ocrx_word' id='word_1_457' title='bbox 610 3947 625 3985; x_wconf 91' lang='lat'><strong>:</strong></span> <span class='ocrx_word' id='word_1_458' title='bbox 659 3930 871 3988; x_wconf 83' lang='lat' dir='ltr'><strong>Danaus</strong></span> <span class='ocrx_word' id='word_1_459' title='bbox 898 3933 1041 3990; x_wconf 74' lang='lat' dir='ltr'><strong>vobis</strong></span> <span class='ocrx_word' id='word_1_460' title='bbox 1076 3935 1250 3989; x_wconf 86' lang='lat' dir='ltr'><strong>omnia</strong></span> <span class='ocrx_word' id='word_1_461' title='bbox 1277 3948 1514 4023; x_wconf 77' lang='lat' dir='ltr'><strong>peccata,</strong></span> <span class='ocrx_word' id='word_1_462' title='bbox 1556 3938 1732 4001; x_wconf 82' lang='lat' dir='ltr'><strong>deleas</strong></span> 
     </span>
    </p>
   </div>
   <div class='ocr_carea' id='block_1_56' title="bbox 149 4023 1728 4104">
    <p class='ocr_par' dir='ltr' id='par_1_56' title="bbox 149 4023 1728 4104">
     <span class='ocr_line' id='line_1_56' title="bbox 149 4023 1728 4104; baseline 0.012 -33"><span class='ocrx_word' id='word_1_463' title='bbox 149 4023 266 4090; x_wconf 83' lang='lat' dir='ltr'><strong>quod</strong></span> <span class='ocrx_word' id='word_1_464' title='bbox 304 4023 580 4079; x_wconf 75' lang='lat' dir='ltr'><strong>adversam</strong></span> <span class='ocrx_word' id='word_1_465' title='bbox 619 4040 711 4080; x_wconf 89' lang='lat' dir='ltr'><strong>nos</strong></span> <span class='ocrx_word' id='word_1_466' title='bbox 758 4025 859 4098; x_wconf 77' lang='lat' dir='ltr'><strong>[nit</strong></span> <span class='ocrx_word' id='word_1_467' title='bbox 906 4027 1308 4104; x_wconf 75' lang='lat' dir='ltr'><strong>chirographum</strong></span> <span class='ocrx_word' id='word_1_468' title='bbox 1334 4030 1389 4097; x_wconf 84' lang='lat' dir='ltr'><strong>in</strong></span> <span class='ocrx_word' id='word_1_469' title='bbox 1434 4032 1728 4102; x_wconf 67' lang='lat' dir='ltr'><strong>sententiis,</strong></span> 
     </span>
    </p>
   </div>
   <div class='ocr_carea' id='block_1_57' title="bbox 148 4116 1731 4197">
    <p class='ocr_par' dir='ltr' id='par_1_57' title="bbox 148 4116 1731 4197">
     <span class='ocr_line' id='line_1_57' title="bbox 148 4116 1731 4197; baseline 0.005 -27"><span class='ocrx_word' id='word_1_470' title='bbox 148 4116 266 4183; x_wconf 69' lang='lat' dir='ltr'><strong>quod</strong></span> <span class='ocrx_word' id='word_1_471' title='bbox 292 4126 400 4187; x_wconf 76' lang='lat' dir='ltr'><strong>erat</strong></span> <span class='ocrx_word' id='word_1_472' title='bbox 441 4117 766 4183; x_wconf 67' lang='lat' dir='ltr'><strong>corus-ariam</strong></span> <span class='ocrx_word' id='word_1_473' title='bbox 790 4117 958 4187; x_wconf 64' lang='lat' dir='ltr'><strong>nobis,</strong></span> <span class='ocrx_word' id='word_1_474' title='bbox 993 4118 1176 4183; x_wconf 78' lang='lat' dir='ltr'><strong>tollens</strong></span> <span class='ocrx_word' id='word_1_475' title='bbox 1201 4118 1334 4176; x_wconf 78' lang='lat' dir='ltr'><strong>illud</strong></span> <span class='ocrx_word' id='word_1_476' title='bbox 1366 4119 1432 4182; x_wconf 81' lang='lat' dir='ltr'><strong>de</strong></span> <span class='ocrx_word' id='word_1_477' title='bbox 1465 4120 1652 4197; x_wconf 79' lang='lat' dir='ltr'><strong>medio,</strong></span> <span class='ocrx_word' id='word_1_478' title='bbox 1679 4131 1731 4179; x_wconf 85' lang='lat' dir='ltr'><strong>et</strong></span> 
     </span>
    </p>
   </div>
   <div class='ocr_carea' id='block_1_58' title="bbox 147 4204 1734 4287">
    <p class='ocr_par' dir='ltr' id='par_1_58' title="bbox 147 4204 1734 4287">
     <span class='ocr_line' id='line_1_58' title="bbox 147 4204 1734 4287; baseline 0.003 -18"><span class='ocrx_word' id='word_1_479' title='bbox 147 4204 331 4284; x_wconf 59' lang='lat' dir='ltr'><strong>Mysas</strong></span> <span class='ocrx_word' id='word_1_480' title='bbox 356 4210 496 4277; x_wconf 71' lang='lat' dir='ltr'><strong>illud</strong></span> <span class='ocrx_word' id='word_1_481' title='bbox 525 4212 689 4276; x_wconf 77' lang='lat' dir='ltr'><strong>moi.</strong></span> <span class='ocrx_word' id='word_1_482' title='bbox 715 4212 948 4283; x_wconf 73' lang='lat' dir='ltr'><strong>spoliatis</strong></span> <span class='ocrx_word' id='word_1_483' title='bbox 984 4229 1040 4270; x_wconf 88' lang='lat' dir='ltr'><strong>se</strong></span> <span class='ocrx_word' id='word_1_484' title='bbox 1067 4230 1244 4282; x_wconf 80' lang='lat' dir='ltr'><strong>carne,</strong></span> <span class='ocrx_word' id='word_1_485' title='bbox 1262 4223 1309 4272; x_wconf 81' lang='lat' dir='ltr'><strong>at</strong></span> <span class='ocrx_word' id='word_1_486' title='bbox 1345 4215 1664 4287; x_wconf 78' lang='lat' dir='ltr'><strong>principatus</strong></span> <span class='ocrx_word' id='word_1_487' title='bbox 1682 4225 1734 4273; x_wconf 80' lang='lat' dir='ltr'><strong>et</strong></span> 
     </span>
    </p>
   </div>
   <div class='ocr_carea' id='block_1_59' title="bbox 148 4305 1731 4379">
    <p class='ocr_par' dir='ltr' id='par_1_59' title="bbox 148 4305 1731 4379">
     <span class='ocr_line' id='line_1_59' title="bbox 148 4305 1731 4379; baseline 0.004 -19"><span class='ocrx_word' id='word_1_488' title='bbox 148 4313 398 4370; x_wconf 71' lang='lat' dir='ltr'><strong>potestates</strong></span> <span class='ocrx_word' id='word_1_489' title='bbox 436 4305 670 4379; x_wconf 66' lang='lat' dir='ltr'><strong>traduxit</strong></span> <span class='ocrx_word' id='word_1_490' title='bbox 697 4322 812 4361; x_wconf 78' lang='lat' dir='ltr'><strong>eum</strong></span> <span class='ocrx_word' id='word_1_491' title='bbox 837 4307 1050 4376; x_wconf 72' lang='lat' dir='ltr'><strong>ﬁducia,</strong></span> <span class='ocrx_word' id='word_1_492' title='bbox 1091 4308 1413 4379; x_wconf 75' lang='lat' dir='ltr'><strong>triumphans</strong></span> <span class='ocrx_word' id='word_1_493' title='bbox 1441 4324 1528 4364; x_wconf 88' lang='lat' dir='ltr'><strong>eos</strong></span> <span class='ocrx_word' id='word_1_494' title='bbox 1566 4310 1619 4365; x_wconf 88' lang='lat' dir='ltr'><strong>in</strong></span> <span class='ocrx_word' id='word_1_495' title='bbox 1648 4324 1731 4367; x_wconf 84' lang='lat' dir='ltr'><strong>se-</strong></span> 
     </span>
    </p>
   </div>
   <div class='ocr_carea' id='block_1_60' title="bbox 147 4397 1731 4486">
    <p class='ocr_par' dir='ltr' id='par_1_60' title="bbox 147 4397 1731 4486">
     <span class='ocr_line' id='line_1_60' title="bbox 147 4397 1731 4486; baseline 0.008 -36"><span class='ocrx_word' id='word_1_496' title='bbox 147 4397 564 4483; x_wconf 63' lang='lat' dir='ltr'><strong>metipsowoloss.</strong></span> <span class='ocrx_word' id='word_1_497' title='bbox 599 4415 638 4473; x_wconf 72' lang='grc' dir='ltr'><strong>ιι</strong></span> <span class='ocrx_word' id='word_1_498' title='bbox 656 4442 671 4469; x_wconf 89' lang='grc'><strong>,</strong></span> <span class='ocrx_word' id='word_1_499' title='bbox 696 4399 765 4475; x_wconf 66' lang='lat'><strong>13</strong></span> <span class='ocrx_word' id='word_1_500' title='bbox 786 4410 834 4463; x_wconf 80' lang='lat' dir='ltr'><strong>et</strong></span> <span class='ocrx_word' id='word_1_501' title='bbox 859 4399 1049 4472; x_wconf 58' lang='lat' dir='ltr'><strong>stam).</strong></span> <span class='ocrx_word' id='word_1_502' title='bbox 1080 4400 1447 4467; x_wconf 81' lang='lat' dir='ltr'><strong>Succumbere</strong></span> <span class='ocrx_word' id='word_1_503' title='bbox 1473 4418 1607 4486; x_wconf 79' lang='lat' dir='ltr'><strong>ergo</strong></span> <span class='ocrx_word' id='word_1_504' title='bbox 1636 4404 1731 4479; x_wconf 74' lang='lat' dir='ltr'><strong>tibi</strong></span> 
     </span>
    </p>
   </div>
   <div class='ocr_carea' id='block_1_61' title="bbox 148 4488 1733 4567">
    <p class='ocr_par' dir='ltr' id='par_1_61' title="bbox 148 4488 1733 4567">
     <span class='ocr_line' id='line_1_61' title="bbox 148 4488 1733 4567; baseline 0.004 -19"><span class='ocrx_word' id='word_1_505' title='bbox 148 4488 336 4561; x_wconf 70' lang='lat' dir='ltr'><strong>videtur</strong></span> <span class='ocrx_word' id='word_1_506' title='bbox 360 4490 550 4559; x_wconf 70' lang='lat' dir='ltr'><strong>Virtus</strong></span> <span class='ocrx_word' id='word_1_507' title='bbox 587 4494 687 4551; x_wconf 85' lang='lat' dir='ltr'><strong>ista</strong></span> <span class='ocrx_word' id='word_1_508' title='bbox 714 4492 957 4559; x_wconf 79' lang='lat' dir='ltr'><strong>vulneris</strong></span> <span class='ocrx_word' id='word_1_509' title='bbox 983 4495 1167 4564; x_wconf 82' lang='lat' dir='ltr'><strong>clavo;</strong></span> <span class='ocrx_word' id='word_1_510' title='bbox 1211 4504 1266 4567; x_wconf 74' lang='lat' dir='ltr'><strong>et</strong></span> <span class='ocrx_word' id='word_1_511' title='bbox 1292 4495 1360 4561; x_wconf 80' lang='lat' dir='ltr'><strong>ad</strong></span> <span class='ocrx_word' id='word_1_512' title='bbox 1390 4497 1553 4556; x_wconf 88' lang='lat' dir='ltr'><strong>ictum</strong></span> <span class='ocrx_word' id='word_1_513' title='bbox 1579 4511 1733 4558; x_wconf 59' lang='lat' dir='ltr'><strong>come</strong></span> 
     </span>
    </p>
   </div>
   <div class='ocr_carea' id='block_1_62' title="bbox 147 4587 1733 4661">
    <p class='ocr_par' dir='ltr' id='par_1_62' title="bbox 147 4587 1733 4661">
     <span class='ocr_line' id='line_1_62' title="bbox 147 4587 1733 4661; baseline 0.008 -22"><span class='ocrx_word' id='word_1_514' title='bbox 147 4587 410 4657; x_wconf 85' lang='lat' dir='ltr'><strong>pungentis</strong></span> <span class='ocrx_word' id='word_1_515' title='bbox 458 4587 717 4659; x_wconf 67' lang='lat' dir='ltr'><strong>exterrita</strong></span> <span class='ocrx_word' id='word_1_516' title='bbox 744 4628 761 4656; x_wconf 95' lang='lat'><strong>,</strong></span> <span class='ocrx_word' id='word_1_517' title='bbox 793 4587 1105 4647; x_wconf 83' lang='lat' dir='ltr'><strong>demntasse</strong></span> <span class='ocrx_word' id='word_1_518' title='bbox 1142 4604 1201 4647; x_wconf 87' lang='lat' dir='ltr'><strong>se</strong></span> <span class='ocrx_word' id='word_1_519' title='bbox 1242 4591 1299 4649; x_wconf 89' lang='lat' dir='ltr'><strong>in</strong></span> <span class='ocrx_word' id='word_1_520' title='bbox 1343 4600 1588 4661; x_wconf 78' lang='lat' dir='ltr'><strong>naturam</strong></span> <span class='ocrx_word' id='word_1_521' title='bbox 1634 4593 1733 4650; x_wconf 89' lang='lat' dir='ltr'><strong>do-</strong></span> 
     </span>
    </p>
   </div>
   <div class='ocr_carea' id='block_1_63' title="bbox 1827 1976 3432 2053">
    <p class='ocr_par' dir='ltr' id='par_1_63' title="bbox 1827 1976 3432 2053">
     <span class='ocr_line' id='line_1_63' title="bbox 1827 1976 3432 2053; baseline -0.004 -16"><span class='ocrx_word' id='word_1_522' title='bbox 1827 1982 2079 2038; x_wconf 89' lang='lat' dir='ltr'><strong>voluntas</strong></span> <span class='ocrx_word' id='word_1_523' title='bbox 2108 1988 2190 2037; x_wconf 90' lang='lat' dir='ltr'><strong>est</strong></span> <span class='ocrx_word' id='word_1_524' title='bbox 2212 1987 2268 2036; x_wconf 89' lang='lat' dir='ltr'><strong>et</strong></span> <span class='ocrx_word' id='word_1_525' title='bbox 2293 1990 2714 2046; x_wconf 82' lang='lat' dir='ltr'><strong>sacramentum,</strong></span> <span class='ocrx_word' id='word_1_526' title='bbox 2741 1976 2883 2051; x_wconf 90' lang='lat' dir='ltr'><strong>quod</strong></span> <span class='ocrx_word' id='word_1_527' title='bbox 2913 1988 2968 2034; x_wconf 89' lang='lat' dir='ltr'><strong>et</strong></span> <span class='ocrx_word' id='word_1_528' title='bbox 2995 1983 3234 2053; x_wconf 87' lang='lat' dir='ltr'><strong>potestas</strong></span> <span class='ocrx_word' id='word_1_529' title='bbox 3262 1984 3347 2033; x_wconf 87' lang='lat' dir='ltr'><strong>est</strong></span> <span class='ocrx_word' id='word_1_530' title='bbox 3376 1985 3432 2032; x_wconf 91' lang='lat' dir='ltr'><strong>et</strong></span> 
     </span>
    </p>
   </div>
   <div class='ocr_carea' id='block_1_64' title="bbox 1824 2067 3428 2146">
    <p class='ocr_par' dir='ltr' id='par_1_64' title="bbox 1824 2067 3428 2146">
     <span class='ocr_line' id='line_1_64' title="bbox 1824 2067 3428 2146; baseline -0.004 -16"><span class='ocrx_word' id='word_1_531' title='bbox 1824 2074 2018 2131; x_wconf 81' lang='lat' dir='ltr'><strong>ﬁducia</strong></span> <span class='ocrx_word' id='word_1_532' title='bbox 2048 2083 2103 2131; x_wconf 90' lang='lat' dir='ltr'><strong>et</strong></span> <span class='ocrx_word' id='word_1_533' title='bbox 2129 2072 2467 2146; x_wconf 82' lang='lat' dir='ltr'><strong>triumphus?</strong></span> <span class='ocrx_word' id='word_1_534' title='bbox 2496 2072 2825 2145; x_wconf 87' lang='lat' dir='ltr'><strong>Triumphus</strong></span> <span class='ocrx_word' id='word_1_535' title='bbox 2844 2070 3000 2143; x_wconf 87' lang='lat' dir='ltr'><strong>plane</strong></span> <span class='ocrx_word' id='word_1_536' title='bbox 3029 2075 3129 2136; x_wconf 86' lang='lat' dir='ltr'><strong>est,</strong></span> <span class='ocrx_word' id='word_1_537' title='bbox 3164 2068 3333 2142; x_wconf 72' lang='lat' dir='ltr'><strong>quaeri</strong></span> <span class='ocrx_word' id='word_1_538' title='bbox 3363 2067 3428 2124; x_wconf 90' lang='lat' dir='ltr'><strong>ad</strong></span> 
     </span>
    </p>
   </div>
   <div class='ocr_carea' id='block_1_65' title="bbox 1825 2162 3430 2245">
    <p class='ocr_par' dir='ltr' id='par_1_65' title="bbox 1825 2162 3430 2245">
     <span class='ocr_line' id='line_1_65' title="bbox 1825 2162 3430 2245; baseline -0.004 -20"><span class='ocrx_word' id='word_1_539' title='bbox 1825 2182 2065 2245; x_wconf 75' lang='lat' dir='ltr'><strong>crucem,</strong></span> <span class='ocrx_word' id='word_1_540' title='bbox 2111 2178 2165 2223; x_wconf 87' lang='lat' dir='ltr'><strong>et</strong></span> <span class='ocrx_word' id='word_1_541' title='bbox 2203 2167 2518 2223; x_wconf 73' lang='lat' dir='ltr'><strong>oilerentem</strong></span> <span class='ocrx_word' id='word_1_542' title='bbox 2567 2178 2627 2222; x_wconf 89' lang='lat' dir='ltr'><strong>se</strong></span> <span class='ocrx_word' id='word_1_543' title='bbox 2677 2178 2782 2221; x_wconf 90' lang='lat' dir='ltr'><strong>non</strong></span> <span class='ocrx_word' id='word_1_544' title='bbox 2832 2163 3122 2230; x_wconf 87' lang='lat' dir='ltr'><strong>sustineri;</strong></span> <span class='ocrx_word' id='word_1_545' title='bbox 3174 2172 3320 2218; x_wconf 87' lang='lat' dir='ltr'><strong>stare</strong></span> <span class='ocrx_word' id='word_1_546' title='bbox 3362 2162 3430 2219; x_wconf 89' lang='lat' dir='ltr'><strong>ad</strong></span> 
     </span>
    </p>
   </div>
   <div class='ocr_carea' id='block_1_66' title="bbox 1826 2249 3431 2335">
    <p class='ocr_par' dir='ltr' id='par_1_66' title="bbox 1826 2249 3431 2335">
     <span class='ocr_line' id='line_1_66' title="bbox 1826 2249 3431 2335; baseline -0.009 -15"><span class='ocrx_word' id='word_1_547' title='bbox 1826 2260 2149 2325; x_wconf 82' lang='lat' dir='ltr'><strong>sententiam</strong></span> <span class='ocrx_word' id='word_1_548' title='bbox 2181 2260 2391 2327; x_wconf 88' lang='lat' dir='ltr'><strong>mortis,</strong></span> <span class='ocrx_word' id='word_1_549' title='bbox 2423 2258 2518 2315; x_wconf 86' lang='lat' dir='ltr'><strong>sed</strong></span> <span class='ocrx_word' id='word_1_550' title='bbox 2560 2257 2686 2315; x_wconf 89' lang='lat' dir='ltr'><strong>inde</strong></span> <span class='ocrx_word' id='word_1_551' title='bbox 2727 2268 3107 2335; x_wconf 73' lang='lat' dir='ltr'><strong>consessurnm</strong></span> <span class='ocrx_word' id='word_1_552' title='bbox 3150 2268 3180 2309; x_wconf 89' lang='lat' dir='ltr'><strong>a</strong></span> <span class='ocrx_word' id='word_1_553' title='bbox 3224 2249 3431 2308; x_wconf 81' lang='lat' dir='ltr'><strong>dextris</strong></span> 
     </span>
    </p>
   </div>
   <div class='ocr_carea' id='block_1_67' title="bbox 1827 2345 3430 2433">
    <p class='ocr_par' dir='ltr' id='par_1_67' title="bbox 1827 2345 3430 2433">
     <span class='ocr_line' id='line_1_67' title="bbox 1827 2345 3430 2433; baseline -0.009 -22"><span class='ocrx_word' id='word_1_554' title='bbox 1827 2355 2075 2421; x_wconf 87' lang='lat' dir='ltr'><strong>virtutis;</strong></span> <span class='ocrx_word' id='word_1_555' title='bbox 2123 2352 2318 2433; x_wconf 80' lang='lat' dir='ltr'><strong>cauligi</strong></span> <span class='ocrx_word' id='word_1_556' title='bbox 2364 2351 2552 2423; x_wconf 78' lang='lat' dir='ltr'><strong>clavis,</strong></span> <span class='ocrx_word' id='word_1_557' title='bbox 2585 2348 2681 2407; x_wconf 88' lang='lat' dir='ltr'><strong>sed</strong></span> <span class='ocrx_word' id='word_1_558' title='bbox 2711 2362 2808 2420; x_wconf 90' lang='lat' dir='ltr'><strong>pro</strong></span> <span class='ocrx_word' id='word_1_559' title='bbox 2839 2345 3278 2421; x_wconf 88' lang='lat' dir='ltr'><strong>persecutoribus</strong></span> <span class='ocrx_word' id='word_1_560' title='bbox 3306 2357 3430 2398; x_wconf 82' lang='lat' dir='ltr'><strong>ora-</strong></span> 
     </span>
    </p>
   </div>
   <div class='ocr_carea' id='block_1_68' title="bbox 1828 2441 3428 2516">
    <p class='ocr_par' dir='ltr' id='par_1_68' title="bbox 1828 2441 3428 2516">
     <span class='ocr_line' id='line_1_68' title="bbox 1828 2441 3428 2516; baseline -0.008 -12"><span class='ocrx_word' id='word_1_561' title='bbox 1828 2461 1928 2514; x_wconf 88' lang='lat' dir='ltr'><strong>re;</strong></span> <span class='ocrx_word' id='word_1_562' title='bbox 1957 2454 2169 2503; x_wconf 87' lang='lat' dir='ltr'><strong>acetum</strong></span> <span class='ocrx_word' id='word_1_563' title='bbox 2201 2456 2421 2516; x_wconf 89' lang='lat' dir='ltr'><strong>potare,</strong></span> <span class='ocrx_word' id='word_1_564' title='bbox 2461 2441 2555 2499; x_wconf 87' lang='lat' dir='ltr'><strong>sed</strong></span> <span class='ocrx_word' id='word_1_565' title='bbox 2584 2450 2980 2498; x_wconf 85' lang='lat' dir='ltr'><strong>sacramentum</strong></span> <span class='ocrx_word' id='word_1_566' title='bbox 3009 2450 3428 2509; x_wconf 84' lang='lat' dir='ltr'><strong>consummare;</strong></span> 
     </span>
    </p>
   </div>
   <div class='ocr_carea' id='block_1_69' title="bbox 1830 2528 3422 2611">
    <p class='ocr_par' dir='ltr' id='par_1_69' title="bbox 1830 2528 3422 2611">
     <span class='ocr_line' id='line_1_69' title="bbox 1830 2528 3422 2611; baseline -0.006 -15"><span class='ocrx_word' id='word_1_567' title='bbox 1830 2539 2075 2611; x_wconf 84' lang='lat' dir='ltr'><strong>deputari</strong></span> <span class='ocrx_word' id='word_1_568' title='bbox 2123 2540 2265 2595; x_wconf 86' lang='lat' dir='ltr'><strong>inter</strong></span> <span class='ocrx_word' id='word_1_569' title='bbox 2294 2537 2529 2609; x_wconf 85' lang='lat' dir='ltr'><strong>iniquos,</strong></span> <span class='ocrx_word' id='word_1_570' title='bbox 2560 2535 2653 2592; x_wconf 89' lang='lat' dir='ltr'><strong>sed</strong></span> <span class='ocrx_word' id='word_1_571' title='bbox 2686 2532 2994 2606; x_wconf 84' lang='lat' dir='ltr'><strong>paradisum</strong></span> <span class='ocrx_word' id='word_1_572' title='bbox 3024 2530 3265 2589; x_wconf 87' lang='lat' dir='ltr'><strong>donare:</strong></span> <span class='ocrx_word' id='word_1_573' title='bbox 3310 2528 3422 2586; x_wconf 88' lang='lat' dir='ltr'><strong>ele-</strong></span> 
     </span>
    </p>
   </div>
   <div class='ocr_carea' id='block_1_70' title="bbox 1828 2614 3428 2706">
    <p class='ocr_par' dir='ltr' id='par_1_70' title="bbox 1828 2614 3428 2706">
     <span class='ocr_line' id='line_1_70' title="bbox 1828 2614 3428 2706; baseline -0.008 -16"><span class='ocrx_word' id='word_1_574' title='bbox 1828 2635 1949 2699; x_wconf 81' lang='lat' dir='ltr'><strong>vari</strong></span> <span class='ocrx_word' id='word_1_575' title='bbox 1980 2636 2031 2689; x_wconf 92' lang='lat' dir='ltr'><strong>in</strong></span> <span class='ocrx_word' id='word_1_576' title='bbox 2060 2634 2224 2706; x_wconf 89' lang='lat' dir='ltr'><strong>ligno,</strong></span> <span class='ocrx_word' id='word_1_577' title='bbox 2258 2631 2353 2697; x_wconf 88' lang='lat' dir='ltr'><strong>sed</strong></span> <span class='ocrx_word' id='word_1_578' title='bbox 2376 2640 2572 2687; x_wconf 89' lang='lat' dir='ltr'><strong>terram</strong></span> <span class='ocrx_word' id='word_1_579' title='bbox 2602 2614 2873 2694; x_wconf 85' lang='lat' dir='ltr'><strong>tremere;</strong></span> <span class='ocrx_word' id='word_1_580' title='bbox 2899 2625 3134 2697; x_wconf 90' lang='lat' dir='ltr'><strong>pendere</strong></span> <span class='ocrx_word' id='word_1_581' title='bbox 3161 2625 3213 2680; x_wconf 93' lang='lat' dir='ltr'><strong>in</strong></span> <span class='ocrx_word' id='word_1_582' title='bbox 3244 2636 3428 2691; x_wconf 87' lang='lat' dir='ltr'><strong>cruce,</strong></span> 
     </span>
    </p>
   </div>
   <div class='ocr_carea' id='block_1_71' title="bbox 1830 2712 3428 2799">
    <p class='ocr_par' dir='ltr' id='par_1_71' title="bbox 1830 2712 3428 2799">
     <span class='ocr_line' id='line_1_71' title="bbox 1830 2712 3428 2799; baseline -0.009 -13"><span class='ocrx_word' id='word_1_583' title='bbox 1830 2728 1929 2787; x_wconf 88' lang='lat' dir='ltr'><strong>sed</strong></span> <span class='ocrx_word' id='word_1_584' title='bbox 1960 2729 2127 2785; x_wconf 89' lang='lat' dir='ltr'><strong>solem</strong></span> <span class='ocrx_word' id='word_1_585' title='bbox 2158 2742 2222 2783; x_wconf 89' lang='lat' dir='ltr'><strong>ac</strong></span> <span class='ocrx_word' id='word_1_586' title='bbox 2251 2726 2393 2783; x_wconf 91' lang='lat' dir='ltr'><strong>diem</strong></span> <span class='ocrx_word' id='word_1_587' title='bbox 2439 2726 2515 2799; x_wconf 85' lang='lat' dir='ltr'><strong>(g)</strong></span> <span class='ocrx_word' id='word_1_588' title='bbox 2547 2722 2769 2795; x_wconf 84' lang='lat' dir='ltr'><strong>lugere;</strong></span> <span class='ocrx_word' id='word_1_589' title='bbox 2802 2722 2951 2779; x_wconf 82' lang='lat' dir='ltr'><strong>exire</strong></span> <span class='ocrx_word' id='word_1_590' title='bbox 2990 2736 3020 2777; x_wconf 88' lang='lat' dir='ltr'><strong>e</strong></span> <span class='ocrx_word' id='word_1_591' title='bbox 3052 2733 3302 2791; x_wconf 86' lang='lat' dir='ltr'><strong>corpore,</strong></span> <span class='ocrx_word' id='word_1_592' title='bbox 3333 2712 3428 2773; x_wconf 77' lang='lat' dir='ltr'><strong>sed</strong></span> 
     </span>
    </p>
   </div>
   <div class='ocr_carea' id='block_1_72' title="bbox 1832 2809 3429 2891">
    <p class='ocr_par' dir='ltr' id='par_1_72' title="bbox 1832 2809 3429 2891">
     <span class='ocr_line' id='line_1_72' title="bbox 1832 2809 3429 2891; baseline -0.01 -9"><span class='ocrx_word' id='word_1_593' title='bbox 1832 2839 2090 2882; x_wconf 89' lang='lat' dir='ltr'><strong>revocare</strong></span> <span class='ocrx_word' id='word_1_594' title='bbox 2129 2822 2338 2887; x_wconf 84' lang='lat' dir='ltr'><strong>animas</strong></span> <span class='ocrx_word' id='word_1_595' title='bbox 2380 2821 2432 2876; x_wconf 93' lang='lat' dir='ltr'><strong>in</strong></span> <span class='ocrx_word' id='word_1_596' title='bbox 2469 2833 2736 2891; x_wconf 87' lang='lat' dir='ltr'><strong>corpora;</strong></span> <span class='ocrx_word' id='word_1_597' title='bbox 2763 2816 2979 2886; x_wconf 88' lang='lat' dir='ltr'><strong>sepeliri</strong></span> <span class='ocrx_word' id='word_1_598' title='bbox 3007 2822 3305 2878; x_wconf 90' lang='lat' dir='ltr'><strong>mortuum,</strong></span> <span class='ocrx_word' id='word_1_599' title='bbox 3333 2809 3429 2867; x_wconf 88' lang='lat' dir='ltr'><strong>sed</strong></span> 
     </span>
    </p>
   </div>
   <div class='ocr_carea' id='block_1_73' title="bbox 1834 2905 3432 2988">
    <p class='ocr_par' dir='ltr' id='par_1_73' title="bbox 1834 2905 3432 2988">
     <span class='ocr_line' id='line_1_73' title="bbox 1834 2905 3432 2988; baseline -0.008 -14"><span class='ocrx_word' id='word_1_600' title='bbox 1834 2931 2115 2988; x_wconf 79' lang='lat' dir='ltr'><strong>resurgere</strong></span> <span class='ocrx_word' id='word_1_601' title='bbox 2158 2914 2359 2981; x_wconf 83' lang='lat' dir='ltr'><strong>Deum;</strong></span> <span class='ocrx_word' id='word_1_602' title='bbox 2386 2913 2682 2970; x_wconf 87' lang='lat' dir='ltr'><strong>secundum</strong></span> <span class='ocrx_word' id='word_1_603' title='bbox 2708 2909 2979 2966; x_wconf 88' lang='lat' dir='ltr'><strong>hominem</strong></span> <span class='ocrx_word' id='word_1_604' title='bbox 3010 2923 3109 2980; x_wconf 90' lang='lat' dir='ltr'><strong>pro</strong></span> <span class='ocrx_word' id='word_1_605' title='bbox 3151 2905 3308 2962; x_wconf 88' lang='lat' dir='ltr'><strong>nobis</strong></span> <span class='ocrx_word' id='word_1_606' title='bbox 3350 2905 3432 2962; x_wconf 80' lang='lat' dir='ltr'><strong>in-</strong></span> 
     </span>
    </p>
   </div>
   <div class='ocr_carea' id='block_1_74' title="bbox 1835 2999 3429 3080">
    <p class='ocr_par' dir='ltr' id='par_1_74' title="bbox 1835 2999 3429 3080">
     <span class='ocr_line' id='line_1_74' title="bbox 1835 2999 3429 3080; baseline -0.007 -14"><span class='ocrx_word' id='word_1_607' title='bbox 1835 3011 1986 3066; x_wconf 88' lang='lat' dir='ltr'><strong>lirma</strong></span> <span class='ocrx_word' id='word_1_608' title='bbox 2017 3009 2195 3065; x_wconf 90' lang='lat' dir='ltr'><strong>omnia</strong></span> <span class='ocrx_word' id='word_1_609' title='bbox 2224 3008 2354 3080; x_wconf 89' lang='lat' dir='ltr'><strong>pati,</strong></span> <span class='ocrx_word' id='word_1_610' title='bbox 2386 3005 2483 3063; x_wconf 90' lang='lat' dir='ltr'><strong>sed</strong></span> <span class='ocrx_word' id='word_1_611' title='bbox 2510 3005 2806 3062; x_wconf 88' lang='lat' dir='ltr'><strong>secundum</strong></span> <span class='ocrx_word' id='word_1_612' title='bbox 2837 3004 3007 3061; x_wconf 90' lang='lat' dir='ltr'><strong>Deum</strong></span> <span class='ocrx_word' id='word_1_613' title='bbox 3031 2999 3089 3059; x_wconf 86' lang='lat' dir='ltr'><strong>in</strong></span> <span class='ocrx_word' id='word_1_614' title='bbox 3133 3000 3218 3057; x_wconf 87' lang='lat' dir='ltr'><strong>bis</strong></span> <span class='ocrx_word' id='word_1_615' title='bbox 3248 3000 3429 3057; x_wconf 86' lang='lat' dir='ltr'><strong>omni-</strong></span> 
     </span>
    </p>
   </div>
   <div class='ocr_carea' id='block_1_75' title="bbox 1834 3101 2317 3174">
    <p class='ocr_par' dir='ltr' id='par_1_75' title="bbox 1834 3101 2317 3174">
     <span class='ocr_line' id='line_1_75' title="bbox 1834 3101 2317 3174; baseline -0.008 -15"><span class='ocrx_word' id='word_1_616' title='bbox 1834 3104 1932 3160; x_wconf 87' lang='lat' dir='ltr'><strong>bus</strong></span> <span class='ocrx_word' id='word_1_617' title='bbox 1965 3101 2317 3174; x_wconf 86' lang='lat' dir='ltr'><strong>triumphare.</strong></span> 
     </span>
    </p>
   </div>
   <div class='ocr_carea' id='block_1_76' title="bbox 1903 3182 3431 3265">
    <p class='ocr_par' dir='ltr' id='par_1_76' title="bbox 1903 3182 3431 3265">
     <span class='ocr_line' id='line_1_76' title="bbox 1903 3182 3431 3265; baseline -0.009 -15"><span class='ocrx_word' id='word_1_618' title='bbox 1903 3193 1997 3253; x_wconf 77' lang='grc'><strong>49.</strong></span> <span class='ocrx_word' id='word_1_619' title='bbox 2023 3193 2346 3251; x_wconf 85' lang='lat' dir='ltr'><strong>-Derelictunt</strong></span> <span class='ocrx_word' id='word_1_620' title='bbox 2393 3192 2658 3265; x_wconf 78' lang='lat' dir='ltr'><strong>objiciunt.</strong></span> <span class='ocrx_word' id='word_1_621' title='bbox 2716 3190 2884 3261; x_wconf 80' lang='lat' dir='ltr'><strong>Quam</strong></span> <span class='ocrx_word' id='word_1_622' title='bbox 2924 3186 3057 3244; x_wconf 80' lang='lat' dir='ltr'><strong>nihil</strong></span> <span class='ocrx_word' id='word_1_623' title='bbox 3103 3186 3225 3243; x_wconf 86' lang='lat' dir='ltr'><strong>inde</strong></span> <span class='ocrx_word' id='word_1_624' title='bbox 3269 3182 3431 3251; x_wconf 83' lang='lat' dir='ltr'><strong>conli-</strong></span> 
     </span>
    </p>
   </div>
   <div class='ocr_carea' id='block_1_77' title="bbox 1832 3278 3429 3353">
    <p class='ocr_par' dir='ltr' id='par_1_77' title="bbox 1832 3278 3429 3353">
     <span class='ocr_line' id='line_1_77' title="bbox 1832 3278 3429 3353; baseline -0.008 -9"><span class='ocrx_word' id='word_1_625' title='bbox 1832 3290 1991 3344; x_wconf 86' lang='lat' dir='ltr'><strong>ciant.</strong></span> <span class='ocrx_word' id='word_1_626' title='bbox 2024 3320 2093 3331; x_wconf 89' lang='lat'><strong><em>—</em></strong></span> <span class='ocrx_word' id='word_1_627' title='bbox 2135 3286 2326 3343; x_wconf 80' lang='lat' dir='ltr'><strong>Restat</strong></span> <span class='ocrx_word' id='word_1_628' title='bbox 2368 3285 2527 3342; x_wconf 88' lang='lat' dir='ltr'><strong>nobis</strong></span> <span class='ocrx_word' id='word_1_629' title='bbox 2558 3284 2767 3353; x_wconf 85' lang='lat' dir='ltr'><strong>adhuc,</strong></span> <span class='ocrx_word' id='word_1_630' title='bbox 2798 3292 2859 3340; x_wconf 90' lang='lat' dir='ltr'><strong>ut</strong></span> <span class='ocrx_word' id='word_1_631' title='bbox 2885 3281 3156 3338; x_wconf 66' lang='lat' dir='ltr'><strong>haareticis</strong></span> <span class='ocrx_word' id='word_1_632' title='bbox 3183 3278 3429 3343; x_wconf 85' lang='lat' dir='ltr'><strong>videtur,</strong></span> 
     </span>
    </p>
   </div>
   <div class='ocr_carea' id='block_1_78' title="bbox 1830 3374 3434 3459">
    <p class='ocr_par' dir='ltr' id='par_1_78' title="bbox 1830 3374 3434 3459">
     <span class='ocr_line' id='line_1_78' title="bbox 1830 3374 3434 3459; baseline -0.009 -19"><span class='ocrx_word' id='word_1_633' title='bbox 1830 3398 2023 3456; x_wconf 87' lang='lat' dir='ltr'><strong>magna</strong></span> <span class='ocrx_word' id='word_1_634' title='bbox 2061 3389 2117 3439; x_wconf 85' lang='lat' dir='ltr'><strong>et</strong></span> <span class='ocrx_word' id='word_1_635' title='bbox 2160 3382 2341 3454; x_wconf 88' lang='lat' dir='ltr'><strong>gravis</strong></span> <span class='ocrx_word' id='word_1_636' title='bbox 2368 3379 2638 3436; x_wconf 63' lang='lat' dir='ltr'><strong>confessas</strong></span> <span class='ocrx_word' id='word_1_637' title='bbox 2680 3377 3008 3437; x_wconf 78' lang='lat' dir='ltr'><strong>inﬁrmitatis</strong></span> <span class='ocrx_word' id='word_1_638' title='bbox 3050 3374 3347 3459; x_wconf 74' lang='lat' dir='ltr'><strong>prolessio,</strong></span> <span class='ocrx_word' id='word_1_639' title='bbox 3375 3380 3434 3427; x_wconf 90' lang='lat' dir='ltr'><strong>et</strong></span> 
     </span>
    </p>
   </div>
   <div class='ocr_carea' id='block_1_79' title="bbox 1831 3463 3429 3549">
    <p class='ocr_par' dir='ltr' id='par_1_79' title="bbox 1831 3463 3429 3549">
     <span class='ocr_line' id='line_1_79' title="bbox 1831 3463 3429 3549; baseline -0.009 -16"><span class='ocrx_word' id='word_1_640' title='bbox 1831 3477 2064 3533; x_wconf 81' lang='lat' dir='ltr'><strong>maxime</strong></span> <span class='ocrx_word' id='word_1_641' title='bbox 2087 3475 2255 3549; x_wconf 80' lang='lat' dir='ltr'><strong>ipsius</strong></span> <span class='ocrx_word' id='word_1_642' title='bbox 2282 3473 2495 3535; x_wconf 84' lang='lat' dir='ltr'><strong>Domini</strong></span> <span class='ocrx_word' id='word_1_643' title='bbox 2519 3472 2742 3528; x_wconf 82' lang='lat' dir='ltr'><strong>vocibus</strong></span> <span class='ocrx_word' id='word_1_644' title='bbox 2772 3471 2936 3549; x_wconf 72' lang='lat' dir='ltr'><strong>edita,</strong></span> <span class='ocrx_word' id='word_1_645' title='bbox 2966 3483 3087 3525; x_wconf 89' lang='lat' dir='ltr'><strong>cum</strong></span> <span class='ocrx_word' id='word_1_646' title='bbox 3118 3468 3195 3522; x_wconf 84' lang='lat' dir='ltr'><strong>ait</strong></span> <span class='ocrx_word' id='word_1_647' title='bbox 3222 3484 3238 3522; x_wconf 90' lang='lat'><strong>:</strong></span> <span class='ocrx_word' id='word_1_648' title='bbox 3268 3463 3429 3531; x_wconf 82' lang='lat' dir='ltr'><strong>Dens,</strong></span> 
     </span>
    </p>
   </div>
   <div class='ocr_carea' id='block_1_80' title="bbox 1832 3552 3433 3643">
    <p class='ocr_par' dir='ltr' id='par_1_80' title="bbox 1832 3552 3433 3643">
     <span class='ocr_line' id='line_1_80' title="bbox 1832 3552 3433 3643; baseline -0.01 -16"><span class='ocrx_word' id='word_1_649' title='bbox 1832 3567 1974 3627; x_wconf 84' lang='lat' dir='ltr'><strong>Deus</strong></span> <span class='ocrx_word' id='word_1_650' title='bbox 2000 3584 2171 3639; x_wconf 78' lang='lat' dir='ltr'><strong>utens,</strong></span> <span class='ocrx_word' id='word_1_651' title='bbox 2197 3584 2355 3641; x_wconf 75' lang='lat' dir='ltr'><strong>quare</strong></span> <span class='ocrx_word' id='word_1_652' title='bbox 2392 3581 2473 3625; x_wconf 82' lang='lat' dir='ltr'><strong>tne</strong></span> <span class='ocrx_word' id='word_1_653' title='bbox 2499 3564 2813 3643; x_wconf 73' lang='lat' dir='ltr'><strong>dereliquisti</strong></span> <span class='ocrx_word' id='word_1_654' title='bbox 2845 3561 3060 3639; x_wconf 70' lang='lat' dir='ltr'><strong>(Matth.</strong></span> <span class='ocrx_word' id='word_1_655' title='bbox 3097 3574 3272 3627; x_wconf 79' lang='lat' dir='ltr'><strong>xxvu,</strong></span> <span class='ocrx_word' id='word_1_656' title='bbox 3298 3552 3433 3630; x_wconf 64' lang='lat' dir='ltr'><strong>ili)?</strong></span> 
     </span>
    </p>
   </div>
   <div class='ocr_carea' id='block_1_81' title="bbox 1830 3650 3431 3732">
    <p class='ocr_par' dir='ltr' id='par_1_81' title="bbox 1830 3650 3431 3732">
     <span class='ocr_line' id='line_1_81' title="bbox 1830 3650 3431 3732; baseline -0.011 -12"><span class='ocrx_word' id='word_1_657' title='bbox 1830 3662 1964 3732; x_wconf 64' lang='lat' dir='ltr'><strong>Quae</strong></span> <span class='ocrx_word' id='word_1_658' title='bbox 1989 3661 2238 3719; x_wconf 64' lang='lat' dir='ltr'><strong>maxima:</strong></span> <span class='ocrx_word' id='word_1_659' title='bbox 2275 3660 2513 3732; x_wconf 70' lang='lat' dir='ltr'><strong>querelae</strong></span> <span class='ocrx_word' id='word_1_660' title='bbox 2556 3673 2681 3716; x_wconf 84' lang='lat' dir='ltr'><strong>esse</strong></span> <span class='ocrx_word' id='word_1_661' title='bbox 2721 3654 3037 3726; x_wconf 72' lang='lat' dir='ltr'><strong>intelligitur</strong></span> <span class='ocrx_word' id='word_1_662' title='bbox 3080 3650 3431 3724; x_wconf 83' lang='lat' dir='ltr'><strong>protestatio,</strong></span> 
     </span>
    </p>
   </div>
   <div class='ocr_carea' id='block_1_82' title="bbox 1831 3741 3431 3823">
    <p class='ocr_par' dir='ltr' id='par_1_82' title="bbox 1831 3741 3431 3823">
     <span class='ocr_line' id='line_1_82' title="bbox 1831 3741 3431 3823; baseline -0.011 -10"><span class='ocrx_word' id='word_1_663' title='bbox 1831 3755 2153 3813; x_wconf 86' lang='lat' dir='ltr'><strong>derelictum</strong></span> <span class='ocrx_word' id='word_1_664' title='bbox 2182 3769 2240 3811; x_wconf 90' lang='lat' dir='ltr'><strong>se</strong></span> <span class='ocrx_word' id='word_1_665' title='bbox 2269 3767 2395 3809; x_wconf 88' lang='lat' dir='ltr'><strong>esse</strong></span> <span class='ocrx_word' id='word_1_666' title='bbox 2433 3751 2725 3823; x_wconf 90' lang='lat' dir='ltr'><strong>conqueri,</strong></span> <span class='ocrx_word' id='word_1_667' title='bbox 2766 3746 3175 3817; x_wconf 87' lang='lat' dir='ltr'><strong>inllrmitatique</strong></span> <span class='ocrx_word' id='word_1_668' title='bbox 3201 3741 3431 3815; x_wconf 82' lang='lat' dir='ltr'><strong>permis-</strong></span> 
     </span>
    </p>
   </div>
   <div class='ocr_carea' id='block_1_83' title="bbox 1832 3837 3435 3925">
    <p class='ocr_par' dir='ltr' id='par_1_83' title="bbox 1832 3837 3435 3925">
     <span class='ocr_line' id='line_1_83' title="bbox 1832 3837 3435 3925; baseline -0.014 -16"><span class='ocrx_word' id='word_1_669' title='bbox 1832 3848 1990 3909; x_wconf 75' lang='lat' dir='ltr'><strong>Sum?</strong></span> <span class='ocrx_word' id='word_1_670' title='bbox 2022 3847 2219 3915; x_wconf 69' lang='lat' dir='ltr'><strong>Verum</strong></span> <span class='ocrx_word' id='word_1_671' title='bbox 2270 3844 2386 3909; x_wconf 61' lang='lat' dir='ltr'><strong>hare</strong></span> <span class='ocrx_word' id='word_1_672' title='bbox 2417 3844 2597 3925; x_wconf 70' lang='lat' dir='ltr'><strong>impiae</strong></span> <span class='ocrx_word' id='word_1_673' title='bbox 2628 3839 3001 3913; x_wconf 65' lang='lat' dir='ltr'><strong>intelligentiae</strong></span> <span class='ocrx_word' id='word_1_674' title='bbox 3029 3837 3265 3895; x_wconf 87' lang='lat' dir='ltr'><strong>violenta</strong></span> <span class='ocrx_word' id='word_1_675' title='bbox 3296 3847 3435 3919; x_wconf 64' lang='lat' dir='ltr'><strong>prir-</strong></span> 
     </span>
    </p>
   </div>
   <div class='ocr_carea' id='block_1_84' title="bbox 1830 3926 3431 4011">
    <p class='ocr_par' dir='ltr' id='par_1_84' title="bbox 1830 3926 3431 4011">
     <span class='ocr_line' id='line_1_84' title="bbox 1830 3926 3431 4011; baseline -0.01 -14"><span class='ocrx_word' id='word_1_676' title='bbox 1830 3940 2102 4011; x_wconf 84' lang='lat' dir='ltr'><strong>sumptio.</strong></span> <span class='ocrx_word' id='word_1_677' title='bbox 2141 3953 2301 4010; x_wconf 83' lang='lat' dir='ltr'><strong>quam</strong></span> <span class='ocrx_word' id='word_1_678' title='bbox 2340 3936 2443 3997; x_wconf 85' lang='lat' dir='ltr'><strong>sibi</strong></span> <span class='ocrx_word' id='word_1_679' title='bbox 2474 3937 2527 3993; x_wconf 90' lang='lat' dir='ltr'><strong>in</strong></span> <span class='ocrx_word' id='word_1_680' title='bbox 2552 3934 2701 3999; x_wconf 83' lang='lat' dir='ltr'><strong>omni</strong></span> <span class='ocrx_word' id='word_1_681' title='bbox 2741 3930 3012 3995; x_wconf 80' lang='lat' dir='ltr'><strong>dictorum</strong></span> <span class='ocrx_word' id='word_1_682' title='bbox 3038 3926 3431 3993; x_wconf 74' lang='lat' dir='ltr'><strong>dominicorutn</strong></span> 
     </span>
    </p>
   </div>
   <div class='ocr_carea' id='block_1_85' title="bbox 1835 4020 3434 4115">
    <p class='ocr_par' dir='ltr' id='par_1_85' title="bbox 1835 4020 3434 4115">
     <span class='ocr_line' id='line_1_85' title="bbox 1835 4020 3434 4115; baseline -0.012 -23"><span class='ocrx_word' id='word_1_683' title='bbox 1835 4048 2037 4107; x_wconf 86' lang='lat' dir='ltr'><strong>genere</strong></span> <span class='ocrx_word' id='word_1_684' title='bbox 2067 4038 2437 4115; x_wconf 84' lang='lat' dir='ltr'><strong>compugnat:</strong></span> <span class='ocrx_word' id='word_1_685' title='bbox 2478 4038 2540 4086; x_wconf 91' lang='lat' dir='ltr'><strong>ut</strong></span> <span class='ocrx_word' id='word_1_686' title='bbox 2574 4027 2666 4099; x_wconf 90' lang='lat' dir='ltr'><strong>qui</strong></span> <span class='ocrx_word' id='word_1_687' title='bbox 2696 4026 2761 4083; x_wconf 89' lang='lat' dir='ltr'><strong>ad</strong></span> <span class='ocrx_word' id='word_1_688' title='bbox 2803 4032 3032 4082; x_wconf 88' lang='lat' dir='ltr'><strong>mortem</strong></span> <span class='ocrx_word' id='word_1_689' title='bbox 3086 4020 3326 4086; x_wconf 76' lang='lat' dir='ltr'><strong>festinat,</strong></span> <span class='ocrx_word' id='word_1_690' title='bbox 3375 4025 3434 4074; x_wconf 91' lang='lat' dir='ltr'><strong>ut</strong></span> 
     </span>
    </p>
   </div>
   <div class='ocr_carea' id='block_1_86' title="bbox 1831 4115 3433 4199">
    <p class='ocr_par' dir='ltr' id='par_1_86' title="bbox 1831 4115 3433 4199">
     <span class='ocr_line' id='line_1_86' title="bbox 1831 4115 3433 4199; baseline -0.01 -17"><span class='ocrx_word' id='word_1_691' title='bbox 1831 4127 1923 4199; x_wconf 90' lang='lat' dir='ltr'><strong>qui</strong></span> <span class='ocrx_word' id='word_1_692' title='bbox 1954 4138 2052 4195; x_wconf 90' lang='lat' dir='ltr'><strong>per</strong></span> <span class='ocrx_word' id='word_1_693' title='bbox 2078 4137 2198 4180; x_wconf 88' lang='lat' dir='ltr'><strong>eam</strong></span> <span class='ocrx_word' id='word_1_694' title='bbox 2241 4119 2682 4178; x_wconf 71' lang='lat' dir='ltr'><strong>honoriﬁcandus</strong></span> <span class='ocrx_word' id='word_1_695' title='bbox 2726 4124 2832 4182; x_wconf 87' lang='lat' dir='ltr'><strong>est,</strong></span> <span class='ocrx_word' id='word_1_696' title='bbox 2861 4123 2921 4173; x_wconf 90' lang='lat' dir='ltr'><strong>ut</strong></span> <span class='ocrx_word' id='word_1_697' title='bbox 2965 4115 3056 4191; x_wconf 90' lang='lat' dir='ltr'><strong>qui</strong></span> <span class='ocrx_word' id='word_1_698' title='bbox 3099 4121 3222 4187; x_wconf 89' lang='lat' dir='ltr'><strong>post</strong></span> <span class='ocrx_word' id='word_1_699' title='bbox 3249 4126 3368 4167; x_wconf 87' lang='lat' dir='ltr'><strong>eam</strong></span> <span class='ocrx_word' id='word_1_700' title='bbox 3400 4124 3433 4166; x_wconf 87' lang='lat' dir='ltr'><strong>a</strong></span> 
     </span>
    </p>
   </div>
   <div class='ocr_carea' id='block_1_87' title="bbox 1832 4203 3430 4285">
    <p class='ocr_par' dir='ltr' id='par_1_87' title="bbox 1832 4203 3430 4285">
     <span class='ocr_line' id='line_1_87' title="bbox 1832 4203 3430 4285; baseline -0.01 -10"><span class='ocrx_word' id='word_1_701' title='bbox 1832 4218 2037 4279; x_wconf 73' lang='lat' dir='ltr'><strong>dextris</strong></span> <span class='ocrx_word' id='word_1_702' title='bbox 2065 4214 2281 4283; x_wconf 80' lang='lat' dir='ltr'><strong>virtutis</strong></span> <span class='ocrx_word' id='word_1_703' title='bbox 2316 4228 2566 4281; x_wconf 69' lang='lat' dir='ltr'><strong>cessurus</strong></span> <span class='ocrx_word' id='word_1_704' title='bbox 2594 4218 2699 4285; x_wconf 78' lang='lat' dir='ltr'><strong>est,</strong></span> <span class='ocrx_word' id='word_1_705' title='bbox 2731 4211 2785 4272; x_wconf 88' lang='lat' dir='ltr'><strong>in</strong></span> <span class='ocrx_word' id='word_1_706' title='bbox 2817 4208 2901 4273; x_wconf 87' lang='lat' dir='ltr'><strong>his</strong></span> <span class='ocrx_word' id='word_1_707' title='bbox 2929 4217 3008 4273; x_wconf 76' lang='lat' dir='ltr'><strong>tot</strong></span> <span class='ocrx_word' id='word_1_708' title='bbox 3038 4203 3430 4281; x_wconf 69' lang='lat' dir='ltr'><strong>beatitudinum</strong></span> 
     </span>
    </p>
   </div>
   <div class='ocr_carea' id='block_1_88' title="bbox 1832 4302 3431 4377">
    <p class='ocr_par' dir='ltr' id='par_1_88' title="bbox 1832 4302 3431 4377">
     <span class='ocr_line' id='line_1_88' title="bbox 1832 4302 3431 4377; baseline -0.01 -7"><span class='ocrx_word' id='word_1_709' title='bbox 1832 4313 2011 4370; x_wconf 87' lang='lat' dir='ltr'><strong>causis</strong></span> <span class='ocrx_word' id='word_1_710' title='bbox 2035 4310 2172 4368; x_wconf 92' lang='lat' dir='ltr'><strong>mori</strong></span> <span class='ocrx_word' id='word_1_711' title='bbox 2205 4309 2464 4377; x_wconf 87' lang='lat' dir='ltr'><strong>timuerit,</strong></span> <span class='ocrx_word' id='word_1_712' title='bbox 2513 4315 2569 4363; x_wconf 91' lang='lat' dir='ltr'><strong>et</strong></span> <span class='ocrx_word' id='word_1_713' title='bbox 2607 4306 2681 4365; x_wconf 91' lang='lat' dir='ltr'><strong>ob</strong></span> <span class='ocrx_word' id='word_1_714' title='bbox 2710 4305 2762 4365; x_wconf 86' lang='lat' dir='ltr'><strong>id</strong></span> <span class='ocrx_word' id='word_1_715' title='bbox 2790 4303 2858 4361; x_wconf 92' lang='lat' dir='ltr'><strong>ad</strong></span> <span class='ocrx_word' id='word_1_716' title='bbox 2900 4302 3277 4362; x_wconf 83' lang='lat' dir='ltr'><strong>necessitatem</strong></span> <span class='ocrx_word' id='word_1_717' title='bbox 3310 4312 3431 4359; x_wconf 86' lang='lat' dir='ltr'><strong>tuo-</strong></span> 
     </span>
    </p>
   </div>
   <div class='ocr_carea' id='block_1_89' title="bbox 1832 4393 3431 4483">
    <p class='ocr_par' dir='ltr' id='par_1_89' title="bbox 1832 4393 3431 4483">
     <span class='ocr_line' id='line_1_89' title="bbox 1832 4393 3431 4483; baseline -0.009 -18"><span class='ocrx_word' id='word_1_718' title='bbox 1832 4407 2009 4483; x_wconf 77' lang='lat' dir='ltr'><strong>riendi</strong></span> <span class='ocrx_word' id='word_1_719' title='bbox 2030 4406 2307 4479; x_wconf 79' lang='lat' dir='ltr'><strong>desertum</strong></span> <span class='ocrx_word' id='word_1_720' title='bbox 2328 4418 2387 4461; x_wconf 82' lang='lat' dir='ltr'><strong>se</strong></span> <span class='ocrx_word' id='word_1_721' title='bbox 2408 4419 2441 4461; x_wconf 88' lang='lat' dir='ltr'><strong>a</strong></span> <span class='ocrx_word' id='word_1_722' title='bbox 2483 4403 2601 4460; x_wconf 89' lang='lat' dir='ltr'><strong>Deo</strong></span> <span class='ocrx_word' id='word_1_723' title='bbox 2637 4416 2738 4458; x_wconf 90' lang='lat' dir='ltr'><strong>suo</strong></span> <span class='ocrx_word' id='word_1_724' title='bbox 2761 4408 3042 4474; x_wconf 84' lang='lat' dir='ltr'><strong>queratur,</strong></span> <span class='ocrx_word' id='word_1_725' title='bbox 3071 4411 3192 4453; x_wconf 88' lang='lat' dir='ltr'><strong>cum</strong></span> <span class='ocrx_word' id='word_1_726' title='bbox 3219 4395 3273 4465; x_wconf 79' lang='lat' dir='ltr'><strong>in</strong></span> <span class='ocrx_word' id='word_1_727' title='bbox 3303 4393 3431 4452; x_wconf 80' lang='lat' dir='ltr'><strong>bea-</strong></span> 
     </span>
    </p>
   </div>
   <div class='ocr_carea' id='block_1_90' title="bbox 1832 4492 3090 4571">
    <p class='ocr_par' dir='ltr' id='par_1_90' title="bbox 1832 4492 3090 4571">
     <span class='ocr_line' id='line_1_90' title="bbox 1832 4492 3090 4571; baseline -0.01 -12"><span class='ocrx_word' id='word_1_728' title='bbox 1832 4503 1903 4561; x_wconf 89' lang='lat' dir='ltr'><strong>tis</strong></span> <span class='ocrx_word' id='word_1_729' title='bbox 1936 4500 2042 4571; x_wconf 77' lang='lat' dir='ltr'><strong>illis</strong></span> <span class='ocrx_word' id='word_1_730' title='bbox 2064 4507 2212 4567; x_wconf 81' lang='lat' dir='ltr'><strong>esset</strong></span> <span class='ocrx_word' id='word_1_731' title='bbox 2236 4507 2467 4567; x_wconf 75' lang='lat' dir='ltr'><strong>mortem</strong></span> <span class='ocrx_word' id='word_1_732' title='bbox 2494 4494 2744 4561; x_wconf 84' lang='lat' dir='ltr'><strong>obeundo</strong></span> <span class='ocrx_word' id='word_1_733' title='bbox 2772 4492 3090 4561; x_wconf 80' lang='lat' dir='ltr'><strong>mansurus!</strong></span> 
     </span>
    </p>
   </div>
   <div class='ocr_carea' id='block_1_91' title="bbox 1904 4584 3436 4656">
    <p class='ocr_par' dir='ltr' id='par_1_91' title="bbox 1904 4584 3436 4656">
     <span class='ocr_line' id='line_1_91' title="bbox 1904 4584 3436 4656; baseline -0.009 -1"><span class='ocrx_word' id='word_1_734' title='bbox 1904 4598 1996 4656; x_wconf 77' lang='lat'><strong>50.</strong></span> <span class='ocrx_word' id='word_1_735' title='bbox 2037 4594 2337 4654; x_wconf 78' lang='lat' dir='ltr'><strong>Commenta</strong></span> <span class='ocrx_word' id='word_1_736' title='bbox 2354 4609 2532 4650; x_wconf 84' lang='lat' dir='ltr'><strong>eorum</strong></span> <span class='ocrx_word' id='word_1_737' title='bbox 2555 4593 2699 4649; x_wconf 79' lang='lat' dir='ltr'><strong>uaria</strong></span> <span class='ocrx_word' id='word_1_738' title='bbox 2727 4590 2791 4649; x_wconf 79' lang='lat' dir='ltr'><strong>de</strong></span> <span class='ocrx_word' id='word_1_739' title='bbox 2826 4588 2976 4648; x_wconf 80' lang='lat' dir='ltr'><strong>Verbi</strong></span> <span class='ocrx_word' id='word_1_740' title='bbox 2997 4596 3044 4645; x_wconf 80' lang='lat' dir='ltr'><strong>et</strong></span> <span class='ocrx_word' id='word_1_741' title='bbox 3063 4584 3284 4647; x_wconf 76' lang='lat' dir='ltr'><strong>hominis</strong></span> <span class='ocrx_word' id='word_1_742' title='bbox 3308 4599 3436 4643; x_wconf 86' lang='lat' dir='ltr'><strong>oon.-</strong></span> 
     </span>
    </p>
   </div>
   <div class='ocr_carea' id='block_1_92' title="bbox 147 4669 3434 4773">
    <p class='ocr_par' dir='ltr' id='par_1_92' title="bbox 147 4669 3434 4773">
     <span class='ocr_line' id='line_1_92' title="bbox 147 4669 3434 4773; baseline -0 -38"><span class='ocrx_word' id='word_1_743' title='bbox 147 4676 306 4755; x_wconf 74' lang='lat' dir='ltr'><strong>lentii?</strong></span> <span class='ocrx_word' id='word_1_744' title='bbox 337 4684 537 4759; x_wconf 76' lang='lat' dir='ltr'><strong>Atquin</strong></span> <span class='ocrx_word' id='word_1_745' title='bbox 563 4682 858 4765; x_wconf 47' lang='lat' dir='ltr'><strong>Apostolus</strong></span> <span class='ocrx_word' id='word_1_746' title='bbox 886 4681 1143 4757; x_wconf 86' lang='lat' dir='ltr'><strong>loquente</strong></span> <span class='ocrx_word' id='word_1_747' title='bbox 1171 4685 1225 4759; x_wconf 79' lang='lat' dir='ltr'><strong>in</strong></span> <span class='ocrx_word' id='word_1_748' title='bbox 1255 4701 1315 4754; x_wconf 85' lang='lat' dir='ltr'><strong>se</strong></span> <span class='ocrx_word' id='word_1_749' title='bbox 1334 4684 1553 4761; x_wconf 69' lang='lat' dir='ltr'><strong>Christo</strong></span> <span class='ocrx_word' id='word_1_750' title='bbox 1578 4688 1726 4757; x_wconf 69' lang='lat' dir='ltr'><strong>locu-,-</strong></span> <span class='ocrx_word' id='word_1_751' title='bbox 1753 4669 1803 4732; x_wconf 73' lang='grc' dir='ltr'>υ</span> <span class='ocrx_word' id='word_1_752' title='bbox 1818 4692 2115 4767; x_wconf 84' lang='lat' dir='ltr'><strong>junctione.</strong></span> <span class='ocrx_word' id='word_1_753' title='bbox 2139 4718 2212 4731; x_wconf 91' lang='lat'><strong>—-</strong></span> <span class='ocrx_word' id='word_1_754' title='bbox 2233 4687 2376 4773; x_wconf 63' lang='lat' dir='ltr'><strong>Quin</strong></span> <span class='ocrx_word' id='word_1_755' title='bbox 2403 4686 2565 4761; x_wconf 78' lang='lat' dir='ltr'><strong>etiam</strong></span> <span class='ocrx_word' id='word_1_756' title='bbox 2587 4682 2655 4742; x_wconf 89' lang='lat' dir='ltr'><strong>ad</strong></span> <span class='ocrx_word' id='word_1_757' title='bbox 2677 4679 3092 4756; x_wconf 88' lang='lat' dir='ltr'><strong>irreligiositatis</strong></span> <span class='ocrx_word' id='word_1_758' title='bbox 3112 4678 3273 4751; x_wconf 84' lang='lat' dir='ltr'><strong>hujus</strong></span> <span class='ocrx_word' id='word_1_759' title='bbox 3295 4685 3434 4734; x_wconf 84' lang='lat' dir='ltr'><strong>tam-</strong></span> 
     </span>
    </p>
   </div>
   <div class='ocr_carea' id='block_1_93' title="bbox 205 4886 1723 4973">
    <p class='ocr_par' dir='ltr' id='par_1_93' title="bbox 205 4886 1723 4973">
     <span class='ocr_line' id='line_1_93' title="bbox 205 4886 1723 4973; baseline 0.005 -29"><span class='ocrx_word' id='word_1_760' title='bbox 205 4886 369 4973; x_wconf 42' lang='lat' dir='ltr'><strong>(a)-In</strong></span> <span class='ocrx_word' id='word_1_761' title='bbox 423 4889 574 4973; x_wconf 68' lang='lat' dir='ltr'><strong>prius</strong></span> <span class='ocrx_word' id='word_1_762' title='bbox 620 4890 850 4973; x_wconf 66' lang='lat' dir='ltr'><strong>vulgatis</strong></span> <span class='ocrx_word' id='word_1_763' title='bbox 899 4889 1312 4973; x_wconf 65' lang='lat' dir='ltr'><strong>desiderabatur</strong></span> <span class='ocrx_word' id='word_1_764' title='bbox 1340 4892 1598 4971; x_wconf 85' lang='lat' dir='ltr'><strong>particula</strong></span> <span class='ocrx_word' id='word_1_765' title='bbox 1626 4904 1723 4969; x_wconf 64' lang='lat' dir='ltr'><strong>at;</strong></span> 
     </span>
    </p>
   </div>
   <div class='ocr_carea' id='block_1_94' title="bbox 145 4955 1387 5087">
    <p class='ocr_par' dir='ltr' id='par_1_94' title="bbox 145 4955 1387 5087">
     <span class='ocr_line' id='line_1_94' title="bbox 145 4955 1387 5087; baseline 0.004 -73"><span class='ocrx_word' id='word_1_766' title='bbox 145 4955 378 5087; x_wconf 53' lang='lat' dir='ltr'><strong>de&#39;xitjus</strong></span> <span class='ocrx_word' id='word_1_767' title='bbox 402 4955 671 5033; x_wconf 67' lang='lat' dir='ltr'><strong>vividesis</strong></span> <span class='ocrx_word' id='word_1_768' title='bbox 700 4955 862 5039; x_wconf 58' lang='lat' dir='ltr'><strong>supra</strong></span> <span class='ocrx_word' id='word_1_769' title='bbox 882 4961 993 5018; x_wconf 93' lang='lat' dir='ltr'><strong>col.</strong></span> <span class='ocrx_word' id='word_1_770' title='bbox 1026 4959 1155 5031; x_wconf 78' lang='lat'><strong>565,</strong></span> <span class='ocrx_word' id='word_1_771' title='bbox 1188 4974 1300 5019; x_wconf 91' lang='lat' dir='ltr'><strong>not.</strong></span> <span class='ocrx_word' id='word_1_772' title='bbox 1334 4955 1387 5036; x_wconf 65' lang='grc' dir='ltr'><strong>ᾖ.</strong></span> 
     </span>
     <span class='ocr_line' id='line_1_95' title="bbox 208 5031 1356 5087; baseline 0 0"><span class='ocrx_word' id='word_1_773' title='bbox 208 5031 227 5087; x_wconf 82' lang='lat' dir='ltr'><strong>l</strong></span> <span class='ocrx_word' id='word_1_774' title='bbox 262 5034 278 5087; x_wconf 90' lang='lat' dir='ltr'><strong>i</strong></span> <span class='ocrx_word' id='word_1_775' title='bbox 316 5033 460 5087; x_wconf 76' lang='lat' dir='ltr'><strong>Editi</strong></span> <span class='ocrx_word' id='word_1_776' title='bbox 480 5075 493 5087; x_wconf 95' lang='lat'><strong>.</strong></span> <span class='ocrx_word' id='word_1_777' title='bbox 519 5050 613 5087; x_wconf 74' lang='lat' dir='ltr'><strong>vro</strong></span> <span class='ocrx_word' id='word_1_778' title='bbox 636 5031 839 5087; x_wconf 78' lang='lat' dir='ltr'><strong>Christo</strong></span> <span class='ocrx_word' id='word_1_779' title='bbox 865 5051 877 5087; x_wconf 90' lang='lat'>:</span> <span class='ocrx_word' id='word_1_780' title='bbox 911 5034 1270 5087; x_wconf 87' lang='lat' dir='ltr'><strong>emendantur</strong></span> <span class='ocrx_word' id='word_1_781' title='bbox 1290 5052 1356 5087; x_wconf 80' lang='lat' dir='ltr'><strong>ex</strong></span> 
     </span>
    </p>
   </div>
   <div class='ocr_carea' id='block_1_95' title="bbox 261 5031 1519 5105">
    <p class='ocr_par' dir='ltr' id='par_1_95' title="bbox 261 5031 1519 5105">
     <span class='ocr_line' id='line_1_96' title="bbox 261 5031 1519 5105; baseline 0.003 -16"><span class='ocrx_word' id='word_1_782' title='bbox 261 5031 460 5105; x_wconf 43' lang='lat' dir='ltr'><strong>)‘Editi</strong></span> <span class='ocrx_word' id='word_1_783' title='bbox 480 5075 493 5105; x_wconf 86' lang='lat'><strong>,</strong></span> <span class='ocrx_word' id='word_1_784' title='bbox 517 5031 613 5105; x_wconf 77' lang='lat' dir='ltr'><strong>pro</strong></span> <span class='ocrx_word' id='word_1_785' title='bbox 636 5031 839 5090; x_wconf 67' lang='lat' dir='ltr'><strong>Christo</strong></span> <span class='ocrx_word' id='word_1_786' title='bbox 865 5051 877 5089; x_wconf 92' lang='lat'>:</span> <span class='ocrx_word' id='word_1_787' title='bbox 911 5034 1270 5095; x_wconf 88' lang='lat' dir='ltr'><strong>emendantur</strong></span> <span class='ocrx_word' id='word_1_788' title='bbox 1290 5031 1356 5091; x_wconf 76' lang='lat' dir='ltr'><strong>ei</strong></span> <span class='ocrx_word' id='word_1_789' title='bbox 1387 5051 1519 5094; x_wconf 89' lang='lat' dir='ltr'><strong>mss.</strong></span> 
     </span>
    </p>
   </div>
   <div class='ocr_carea' id='block_1_96' title="bbox 229 5104 1724 5189">
    <p class='ocr_par' dir='ltr' id='par_1_96' title="bbox 229 5104 1724 5189">
     <span class='ocr_line' id='line_1_97' title="bbox 229 5104 1724 5189; baseline 0.005 -32"><span class='ocrx_word' id='word_1_790' title='bbox 229 5105 274 5174; x_wconf 69' lang='grc' dir='ltr'><strong>ε]</strong></span> <span class='ocrx_word' id='word_1_791' title='bbox 330 5104 497 5189; x_wconf 47' lang='grc' dir='ltr'><strong>Αρυά</strong></span> <span class='ocrx_word' id='word_1_792' title='bbox 522 5104 659 5189; x_wconf 71' lang='grc' dir='ltr'><strong>Εν.2</strong></span> <span class='ocrx_word' id='word_1_793' title='bbox 682 5106 850 5189; x_wconf 79' lang='lat' dir='ltr'><strong>carnis</strong></span> <span class='ocrx_word' id='word_1_794' title='bbox 906 5105 1111 5189; x_wconf 72' lang='lat' dir='ltr'><strong>quidem</strong></span> <span class='ocrx_word' id='word_1_795' title='bbox 1154 5109 1361 5189; x_wconf 60' lang='lat' dir='ltr'><strong>peccati</strong></span> <span class='ocrx_word' id='word_1_796' title='bbox 1390 5108 1610 5189; x_wconf 69' lang='lat' dir='ltr'><strong>nescius,</strong></span> <span class='ocrx_word' id='word_1_797' title='bbox 1634 5109 1724 5183; x_wconf 75' lang='lat' dir='ltr'><strong>sed</strong></span> 
     </span>
    </p>
   </div>
   <div class='ocr_carea' id='block_1_97' title="bbox 149 5175 1721 5259">
    <p class='ocr_par' dir='ltr' id='par_1_97' title="bbox 149 5175 1721 5259">
     <span class='ocr_line' id='line_1_98' title="bbox 149 5175 1721 5259; baseline 0.004 -30"><span class='ocrx_word' id='word_1_798' title='bbox 149 5175 228 5259; x_wconf 76' lang='lat' dir='ltr'><strong>pro</strong></span> <span class='ocrx_word' id='word_1_799' title='bbox 263 5175 417 5259; x_wconf 57' lang='lat' dir='ltr'><strong>nobis</strong></span> <span class='ocrx_word' id='word_1_800' title='bbox 456 5193 579 5233; x_wconf 81' lang='lat' dir='ltr'><strong>raro</strong></span> <span class='ocrx_word' id='word_1_801' title='bbox 630 5175 795 5253; x_wconf 73' lang='lat' dir='ltr'><strong>[actus</strong></span> <span class='ocrx_word' id='word_1_802' title='bbox 821 5175 1006 5259; x_wconf 78' lang='lat' dir='ltr'><strong>_carnis_</strong></span> <span class='ocrx_word' id='word_1_803' title='bbox 1047 5175 1333 5259; x_wconf 73' lang='lat' dir='ltr'><strong>similitudo</strong></span> <span class='ocrx_word' id='word_1_804' title='bbox 1361 5179 1557 5254; x_wconf 68' lang='lat' dir='ltr'><strong>peccati</strong></span> <span class='ocrx_word' id='word_1_805' title='bbox 1598 5175 1675 5244; x_wconf 69' lang='lat' dir='ltr'><strong>‘en</strong></span> 
     </span>
    </p>
   </div>
   <div class='ocr_carea' id='block_1_98' title="bbox 149 5248 1720 5325">
    <p class='ocr_par' dir='ltr' id='par_1_98' title="bbox 149 5248 1720 5325">
     <span class='ocr_line' id='line_1_99' title="bbox 149 5248 1720 5325; baseline 0.008 -27"><span class='ocrx_word' id='word_1_806' title='bbox 149 5256 336 5325; x_wconf 67' lang='lat' dir='ltr'><strong>merum</strong></span> <span class='ocrx_word' id='word_1_807' title='bbox 366 5248 658 5325; x_wconf 81' lang='lat' dir='ltr'><strong>glo_ssema&#39;_,</strong></span> <span class='ocrx_word' id='word_1_808' title='bbox 690 5249 835 5321; x_wconf 91' lang='lat' dir='ltr'><strong>quod</strong></span> <span class='ocrx_word' id='word_1_809' title='bbox 879 5259 1055 5307; x_wconf 86' lang='lat' dir='ltr'><strong>tamen</strong></span> <span class='ocrx_word' id='word_1_810' title='bbox 1106 5248 1383 5325; x_wconf 74' lang='lat' dir='ltr'><strong>arripuere</strong></span> <span class='ocrx_word' id='word_1_811' title='bbox 1431 5248 1720 5325; x_wconf 69' lang='lat' dir='ltr'><strong>sequentes</strong></span> 
     </span>
    </p>
   </div>
   <div class='ocr_carea' id='block_1_99' title="bbox 148 5315 1717 5395">
    <p class='ocr_par' dir='ltr' id='par_1_99' title="bbox 148 5315 1717 5395">
     <span class='ocr_line' id='line_1_100' title="bbox 148 5315 1717 5395; baseline 0.006 -25"><span class='ocrx_word' id='word_1_812' title='bbox 148 5315 409 5395; x_wconf 74' lang='lat' dir='ltr'><strong>editiones.</strong></span> <span class='ocrx_word' id='word_1_813' title='bbox 443 5315 653 5387; x_wconf 69' lang='lat' dir='ltr'><strong>Peccati</strong></span> <span class='ocrx_word' id='word_1_814' title='bbox 692 5315 894 5395; x_wconf 78' lang='lat' dir='ltr'><strong>expers</strong></span> <span class='ocrx_word' id='word_1_815' title='bbox 925 5331 979 5375; x_wconf 90' lang='lat' dir='ltr'><strong>et</strong></span> <span class='ocrx_word' id='word_1_816' title='bbox 1018 5321 1198 5377; x_wconf 86' lang='lat' dir='ltr'><strong>carnis</strong></span> <span class='ocrx_word' id='word_1_817' title='bbox 1218 5315 1442 5378; x_wconf 63' lang='lat' dir='ltr'><strong>&#39;nescins</strong></span> <span class='ocrx_word' id='word_1_818' title='bbox 1471 5315 1717 5380; x_wconf 83' lang='lat' dir='ltr'><strong>Christus</strong></span> 
     </span>
    </p>
   </div>
   <div class='ocr_carea' id='block_1_100' title="bbox 150 5390 1720 5469">
    <p class='ocr_par' dir='ltr' id='par_1_100' title="bbox 150 5390 1720 5469">
     <span class='ocr_line' id='line_1_101' title="bbox 150 5390 1720 5469; baseline 0.006 -28"><span class='ocrx_word' id='word_1_819' title='bbox 150 5390 450 5455; x_wconf 62' lang='lat' dir='ltr'><strong>praedicatur</strong></span> <span class='ocrx_word' id='word_1_820' title='bbox 479 5406 542 5446; x_wconf 86' lang='lat' dir='ltr'><strong>ex</strong></span> <span class='ocrx_word' id='word_1_821' title='bbox 568 5407 664 5469; x_wconf 79' lang='lat' dir='ltr'><strong>sua</strong></span> <span class='ocrx_word' id='word_1_822' title='bbox 687 5390 875 5447; x_wconf 85' lang='lat' dir='ltr'><strong>natura</strong></span> <span class='ocrx_word' id='word_1_823' title='bbox 901 5398 955 5447; x_wconf 90' lang='lat' dir='ltr'><strong>et</strong></span> <span class='ocrx_word' id='word_1_824' title='bbox 998 5402 1126 5448; x_wconf 88' lang='lat' dir='ltr'><strong>ante</strong></span> <span class='ocrx_word' id='word_1_825' title='bbox 1168 5402 1501 5469; x_wconf 83' lang='lat' dir='ltr'><strong>assumptum</strong></span> <span class='ocrx_word' id='word_1_826' title='bbox 1533 5395 1720 5469; x_wconf 78' lang='lat' dir='ltr'><strong>homi-</strong></span> 
     </span>
    </p>
   </div>
   <div class='ocr_carea' id='block_1_101' title="bbox 145 5460 1721 5580">
    <p class='ocr_par' dir='ltr' id='par_1_101' title="bbox 145 5460 1721 5580">
     <span class='ocr_line' id='line_1_102' title="bbox 145 5460 1721 5580; baseline 0.006 -66"><span class='ocrx_word' id='word_1_827' title='bbox 145 5472 274 5580; x_wconf 58' lang='lat' dir='ltr'><strong>pem,</strong></span> <span class='ocrx_word' id='word_1_828' title='bbox 296 5477 358 5517; x_wconf 80' lang='lat' dir='ltr'><strong>es</strong></span> <span class='ocrx_word' id='word_1_829' title='bbox 394 5463 764 5535; x_wconf 82' lang='lat' dir='ltr'><strong>assumptione</strong></span> <span class='ocrx_word' id='word_1_830' title='bbox 788 5474 969 5537; x_wconf 84' lang='lat' dir='ltr'><strong>autem</strong></span> <span class='ocrx_word' id='word_1_831' title='bbox 997 5472 1052 5521; x_wconf 92' lang='lat' dir='ltr'><strong>et</strong></span> <span class='ocrx_word' id='word_1_832' title='bbox 1082 5460 1433 5536; x_wconf 43' lang='lat' dir='ltr'><strong>peccatumfet</strong></span> <span class='ocrx_word' id='word_1_833' title='bbox 1457 5481 1586 5522; x_wconf 89' lang='lat' dir='ltr'><strong>caro</strong></span> <span class='ocrx_word' id='word_1_834' title='bbox 1609 5460 1721 5523; x_wconf 83' lang='lat' dir='ltr'><strong>lac-</strong></span> 
     </span>
     <span class='ocr_line' id='line_1_103' title="bbox 166 5545 236 5580; baseline 0 0"><span class='ocrx_word' id='word_1_835' title='bbox 166 5545 236 5580; x_wconf 79' lang='lat' dir='ltr'><strong>US.</strong></span> 
     </span>
    </p>
   </div>
   <div class='ocr_carea' id='block_1_102' title="bbox 166 5545 236 5586">
    <p class='ocr_par' dir='ltr' id='par_1_102' title="bbox 166 5545 236 5586">
     <span class='ocr_line' id='line_1_104' title="bbox 166 5545 236 5586; baseline 0.014 -2"><span class='ocrx_word' id='word_1_836' title='bbox 166 5545 236 5586; x_wconf 80' lang='lat' dir='ltr'><strong>IIS.</strong></span> 
     </span>
    </p>
   </div>
   <div class='ocr_carea' id='block_1_103' title="bbox 208 5601 1716 5682">
    <p class='ocr_par' dir='ltr' id='par_1_103' title="bbox 208 5601 1716 5682">
     <span class='ocr_line' id='line_1_105' title="bbox 208 5601 1716 5682; baseline 0.001 -16"><span class='ocrx_word' id='word_1_837' title='bbox 208 5601 284 5682; x_wconf 61' lang='grc' dir='ltr'><strong>(μ)</strong></span> <span class='ocrx_word' id='word_1_838' title='bbox 331 5605 486 5682; x_wconf 77' lang='lat' dir='ltr'><strong>Apud</strong></span> <span class='ocrx_word' id='word_1_839' title='bbox 529 5603 647 5682; x_wconf 67' lang='lat' dir='ltr'><strong>En,</strong></span> <span class='ocrx_word' id='word_1_840' title='bbox 670 5605 819 5682; x_wconf 66' lang='lat' dir='ltr'><strong>Lips.</strong></span> <span class='ocrx_word' id='word_1_841' title='bbox 853 5605 1078 5682; x_wconf 77' lang='lat' dir='ltr'><strong>etPar.,</strong></span> <span class='ocrx_word' id='word_1_842' title='bbox 1106 5606 1547 5682; x_wconf 64' lang='lat' dir='ltr'><strong>dispensationem</strong></span> <span class='ocrx_word' id='word_1_843' title='bbox 1560 5609 1716 5682; x_wconf 76' lang='lat' dir='ltr'><strong>hanc.</strong></span> 
     </span>
    </p>
   </div>
   <div class='ocr_carea' id='block_1_104' title="bbox 147 5669 1722 5748">
    <p class='ocr_par' dir='ltr' id='par_1_104' title="bbox 147 5669 1722 5748">
     <span class='ocr_line' id='line_1_106' title="bbox 147 5669 1722 5748; baseline 0.005 -19"><span class='ocrx_word' id='word_1_844' title='bbox 147 5669 319 5748; x_wconf 49' lang='lat' dir='ltr'><strong>Helius</strong></span> <span class='ocrx_word' id='word_1_845' title='bbox 342 5669 498 5733; x_wconf 78' lang='lat' dir='ltr'><strong>abest</strong></span> <span class='ocrx_word' id='word_1_846' title='bbox 534 5669 667 5733; x_wconf 78' lang='lat' dir='ltr'><strong>hanc</strong></span> <span class='ocrx_word' id='word_1_847' title='bbox 693 5669 895 5735; x_wconf 54' lang='lat' dir='ltr'><strong>a&#39;Bati.</strong></span> <span class='ocrx_word' id='word_1_848' title='bbox 936 5686 993 5733; x_wconf 88' lang='lat' dir='ltr'><strong>et</strong></span> <span class='ocrx_word' id='word_1_849' title='bbox 1020 5669 1318 5748; x_wconf 74' lang='lat' dir='ltr'><strong>potioribus</strong></span> <span class='ocrx_word' id='word_1_850' title='bbox 1346 5696 1477 5736; x_wconf 86' lang='lat' dir='ltr'><strong>mss.</strong></span> <span class='ocrx_word' id='word_1_851' title='bbox 1509 5679 1722 5737; x_wconf 85' lang='lat' dir='ltr'><strong>Clarius</strong></span> 
     </span>
    </p>
   </div>
   <div class='ocr_carea' id='block_1_105' title="bbox 150 5740 1723 5822">
    <p class='ocr_par' dir='ltr' id='par_1_105' title="bbox 150 5740 1723 5822">
     <span class='ocr_line' id='line_1_107' title="bbox 150 5740 1723 5822; baseline 0.007 -24"><span class='ocrx_word' id='word_1_852' title='bbox 150 5740 227 5799; x_wconf 87' lang='lat' dir='ltr'><strong>hic</strong></span> <span class='ocrx_word' id='word_1_853' title='bbox 246 5744 473 5822; x_wconf 59' lang='lat' dir='ltr'><strong>Hilarius</strong></span> <span class='ocrx_word' id='word_1_854' title='bbox 492 5762 719 5822; x_wconf 76' lang='lat' dir='ltr'><strong>scOpurn</strong></span> <span class='ocrx_word' id='word_1_855' title='bbox 748 5764 905 5805; x_wconf 85' lang='lat' dir='ltr'><strong>suum</strong></span> <span class='ocrx_word' id='word_1_856' title='bbox 928 5740 1184 5822; x_wconf 80' lang='lat' dir='ltr'><strong>ostendit,</strong></span> <span class='ocrx_word' id='word_1_857' title='bbox 1208 5740 1267 5806; x_wconf 86' lang='lat' dir='ltr'><strong>se</strong></span> <span class='ocrx_word' id='word_1_858' title='bbox 1290 5752 1497 5807; x_wconf 84' lang='lat' dir='ltr'><strong>scilicet</strong></span> <span class='ocrx_word' id='word_1_859' title='bbox 1518 5754 1723 5822; x_wconf 63' lang='lat' dir='ltr'><strong>passion</strong></span> 
     </span>
    </p>
   </div>
   <div class='ocr_carea' id='block_1_106' title="bbox 153 5816 1720 5896">
    <p class='ocr_par' dir='ltr' id='par_1_106' title="bbox 153 5816 1720 5896">
     <span class='ocr_line' id='line_1_108' title="bbox 153 5816 1720 5896; baseline 0.001 -21"><span class='ocrx_word' id='word_1_860' title='bbox 153 5829 282 5896; x_wconf 58' lang='lat' dir='ltr'><strong>nent</strong></span> <span class='ocrx_word' id='word_1_861' title='bbox 305 5816 507 5896; x_wconf 67' lang='lat' dir='ltr'><strong>Christi</strong></span> <span class='ocrx_word' id='word_1_862' title='bbox 538 5816 833 5891; x_wconf 65' lang='lat' dir='ltr'><strong>pruadtcare</strong></span> <span class='ocrx_word' id='word_1_863' title='bbox 861 5830 1140 5896; x_wconf 74' lang='lat' dir='ltr'><strong>peractam</strong></span> <span class='ocrx_word' id='word_1_864' title='bbox 1165 5821 1218 5879; x_wconf 86' lang='lat' dir='ltr'><strong>in</strong></span> <span class='ocrx_word' id='word_1_865' title='bbox 1244 5816 1565 5896; x_wconf 74' lang='lat' dir='ltr'><strong>sacramenio</strong></span> <span class='ocrx_word' id='word_1_866' title='bbox 1591 5825 1720 5891; x_wconf 58' lang='lat' dir='ltr'><strong>diui.</strong></span> 
     </span>
    </p>
   </div>
   <div class='ocr_carea' id='block_1_107' title="bbox 152 5888 1722 5977">
    <p class='ocr_par' dir='ltr' id='par_1_107' title="bbox 152 5888 1722 5977">
     <span class='ocr_line' id='line_1_109' title="bbox 152 5888 1722 5977; baseline 0.008 -31"><span class='ocrx_word' id='word_1_867' title='bbox 152 5888 338 5959; x_wconf 77' lang='lat' dir='ltr'><strong>uitatis;</strong></span> <span class='ocrx_word' id='word_1_868' title='bbox 362 5889 431 5952; x_wconf 87' lang='lat' dir='ltr'><strong>de</strong></span> <span class='ocrx_word' id='word_1_869' title='bbox 459 5888 566 5965; x_wconf 74' lang='lat' dir='ltr'><strong>qua</strong></span> <span class='ocrx_word' id='word_1_870' title='bbox 602 5903 790 5969; x_wconf 86' lang='lat' dir='ltr'><strong>postea</strong></span> <span class='ocrx_word' id='word_1_871' title='bbox 810 5888 1065 5968; x_wconf 74' lang='lat' dir='ltr'><strong>subjicit;</strong></span> <span class='ocrx_word' id='word_1_872' title='bbox 1100 5890 1441 5959; x_wconf 65' lang='lat' dir='ltr'><strong>Sarmaticis</strong></span> <span class='ocrx_word' id='word_1_873' title='bbox 1479 5912 1599 5977; x_wconf 74' lang='lat' dir='ltr'><strong>ergo</strong></span> <span class='ocrx_word' id='word_1_874' title='bbox 1627 5888 1722 5967; x_wconf 63' lang='lat' dir='ltr'><strong>tibi</strong></span> 
     </span>
    </p>
   </div>
   <div class='ocr_carea' id='block_1_108' title="bbox 1829 4888 3428 4954">
    <p class='ocr_par' dir='ltr' id='par_1_108' title="bbox 1829 4888 3428 4954">
     <span class='ocr_line' id='line_1_110' title="bbox 1829 4888 3428 4954; baseline -0.006 0"><span class='ocrx_word' id='word_1_875' title='bbox 1829 4899 2032 4954; x_wconf 78' lang='lat' dir='ltr'><strong>videtur</strong></span> <span class='ocrx_word' id='word_1_876' title='bbox 2070 4896 2247 4953; x_wconf 84' lang='lat' dir='ltr'><strong>Virtus</strong></span> <span class='ocrx_word' id='word_1_877' title='bbox 2290 4894 2392 4950; x_wconf 83' lang='lat' dir='ltr'><strong>ista</strong></span> <span class='ocrx_word' id='word_1_878' title='bbox 2430 4892 2653 4948; x_wconf 80' lang='lat' dir='ltr'><strong>uulneris</strong></span> <span class='ocrx_word' id='word_1_879' title='bbox 2678 4892 2842 4947; x_wconf 85' lang='lat' dir='ltr'><strong>clava.</strong></span> <span class='ocrx_word' id='word_1_880' title='bbox 2875 4888 2958 4946; x_wconf 75' lang='lat' dir='ltr'><strong>Ab</strong></span> <span class='ocrx_word' id='word_1_881' title='bbox 2985 4889 3216 4946; x_wconf 85' lang='lat' dir='ltr'><strong>humana</strong></span> <span class='ocrx_word' id='word_1_882' title='bbox 3247 4897 3428 4945; x_wconf 88' lang='lat' dir='ltr'><strong>autem</strong></span> 
     </span>
    </p>
   </div>
   <div class='ocr_carea' id='block_1_109' title="bbox 1830 4961 3427 5026">
    <p class='ocr_par' dir='ltr' id='par_1_109' title="bbox 1830 4961 3427 5026">
     <span class='ocr_line' id='line_1_111' title="bbox 1830 4961 3427 5026; baseline -0.006 0"><span class='ocrx_word' id='word_1_883' title='bbox 1830 4981 2021 5026; x_wconf 90' lang='lat' dir='ltr'><strong>natura</strong></span> <span class='ocrx_word' id='word_1_884' title='bbox 2063 4978 2267 5025; x_wconf 82' lang='lat' dir='ltr'><strong>tantum</strong></span> <span class='ocrx_word' id='word_1_885' title='bbox 2296 4975 2443 5022; x_wconf 87' lang='lat' dir='ltr'><strong>arcet</strong></span> <span class='ocrx_word' id='word_1_886' title='bbox 2473 4964 2807 5020; x_wconf 88' lang='lat' dir='ltr'><strong>necessitatis</strong></span> <span class='ocrx_word' id='word_1_887' title='bbox 2837 4962 3215 5018; x_wconf 75' lang='lat' dir='ltr'><strong>contumeliam</strong></span> <span class='ocrx_word' id='word_1_888' title='bbox 3242 4978 3256 5015; x_wconf 89' lang='lat'><strong>:</strong></span> <span class='ocrx_word' id='word_1_889' title='bbox 3287 4961 3348 5017; x_wconf 77' lang='lat' dir='ltr'><strong>Si</strong></span> <span class='ocrx_word' id='word_1_890' title='bbox 3375 4961 3427 5016; x_wconf 86' lang='lat' dir='ltr'><strong>in</strong></span> 
     </span>
    </p>
   </div>
   <div class='ocr_carea' id='block_1_110' title="bbox 1831 5035 3429 5111">
    <p class='ocr_par' dir='ltr' id='par_1_110' title="bbox 1831 5035 3429 5111">
     <span class='ocr_line' id='line_1_112' title="bbox 1831 5035 3429 5111; baseline -0.007 -14"><span class='ocrx_word' id='word_1_891' title='bbox 1831 5043 2069 5111; x_wconf 83' lang='lat' dir='ltr'><strong>passione</strong></span> <span class='ocrx_word' id='word_1_892' title='bbox 2092 5057 2187 5094; x_wconf 83' lang='lat' dir='ltr'><strong>sua</strong></span> <span class='ocrx_word' id='word_1_893' title='bbox 2200 5038 2470 5111; x_wconf 79' lang='lat' dir='ltr'><strong>necessitas</strong></span> <span class='ocrx_word' id='word_1_894' title='bbox 2489 5045 2584 5103; x_wconf 83' lang='lat' dir='ltr'><strong>est,</strong></span> <span class='ocrx_word' id='word_1_895' title='bbox 2604 5045 2709 5092; x_wconf 88' lang='lat' dir='ltr'><strong>etc.</strong></span> <span class='ocrx_word' id='word_1_896' title='bbox 2743 5035 2916 5111; x_wconf 73' lang='lat' dir='ltr'><strong>Quam</strong></span> <span class='ocrx_word' id='word_1_897' title='bbox 2935 5035 3308 5111; x_wconf 79' lang='lat' dir='ltr'><strong>necessitatem</strong></span> <span class='ocrx_word' id='word_1_898' title='bbox 3336 5049 3429 5088; x_wconf 84' lang='lat' dir='ltr'><strong>na-</strong></span> 
     </span>
    </p>
   </div>
   <div class='ocr_carea' id='block_1_111' title="bbox 1831 5107 3427 5169">
    <p class='ocr_par' dir='ltr' id='par_1_111' title="bbox 1831 5107 3427 5169">
     <span class='ocr_line' id='line_1_113' title="bbox 1831 5107 3427 5169; baseline -0.006 -1"><span class='ocrx_word' id='word_1_899' title='bbox 1831 5107 1964 5169; x_wconf 67' lang='lat' dir='ltr'><strong>tura:</strong></span> <span class='ocrx_word' id='word_1_900' title='bbox 1992 5114 2213 5168; x_wconf 89' lang='lat' dir='ltr'><strong>nomine</strong></span> <span class='ocrx_word' id='word_1_901' title='bbox 2237 5110 2508 5166; x_wconf 83' lang='lat' dir='ltr'><strong>interdum</strong></span> <span class='ocrx_word' id='word_1_902' title='bbox 2546 5110 2714 5165; x_wconf 86' lang='lat' dir='ltr'><strong>donat</strong></span> <span class='ocrx_word' id='word_1_903' title='bbox 2743 5126 2757 5163; x_wconf 85' lang='lat'><strong>:</strong></span> <span class='ocrx_word' id='word_1_904' title='bbox 2789 5107 2853 5165; x_wconf 84' lang='lat' dir='ltr'><strong>Si</strong></span> <span class='ocrx_word' id='word_1_905' title='bbox 2880 5107 2949 5162; x_wconf 80' lang='lat' dir='ltr'><strong>ibi</strong></span> <span class='ocrx_word' id='word_1_906' title='bbox 2970 5107 3241 5163; x_wconf 85' lang='lat' dir='ltr'><strong>necessitas</strong></span> <span class='ocrx_word' id='word_1_907' title='bbox 3279 5115 3353 5162; x_wconf 85' lang='lat' dir='ltr'><strong>est</strong></span> <span class='ocrx_word' id='word_1_908' title='bbox 3375 5112 3427 5160; x_wconf 88' lang='lat' dir='ltr'><strong>et</strong></span> 
     </span>
    </p>
   </div>
   <div class='ocr_carea' id='block_1_112' title="bbox 1828 5183 2556 5244">
    <p class='ocr_par' dir='ltr' id='par_1_112' title="bbox 1828 5183 2556 5244">
     <span class='ocr_line' id='line_1_114' title="bbox 1828 5183 2556 5244; baseline -0.008 -5"><span class='ocrx_word' id='word_1_909' title='bbox 1828 5194 2035 5244; x_wconf 79' lang='lat' dir='ltr'><strong>natura.</strong></span> <span class='ocrx_word' id='word_1_910' title='bbox 2064 5185 2106 5238; x_wconf 87' lang='lat' dir='ltr'><strong>si</strong></span> <span class='ocrx_word' id='word_1_911' title='bbox 2137 5183 2204 5238; x_wconf 87' lang='lat' dir='ltr'><strong>ibi</strong></span> <span class='ocrx_word' id='word_1_912' title='bbox 2227 5183 2301 5237; x_wconf 81' lang='lat' dir='ltr'><strong>ais</strong></span> <span class='ocrx_word' id='word_1_913' title='bbox 2325 5189 2421 5242; x_wconf 82' lang='lat' dir='ltr'><strong>est.</strong></span> <span class='ocrx_word' id='word_1_914' title='bbox 2448 5190 2556 5237; x_wconf 88' lang='lat' dir='ltr'><strong>etc.</strong></span> 
     </span>
    </p>
   </div>
   <div class='ocr_carea' id='block_1_113' title="bbox 1903 5272 2917 5350">
    <p class='ocr_par' dir='ltr' id='par_1_113' title="bbox 1903 5272 2917 5350">
     <span class='ocr_line' id='line_1_115' title="bbox 1903 5272 2917 5350; baseline -0.004 -18"><span class='ocrx_word' id='word_1_915' title='bbox 1903 5276 1973 5350; x_wconf 85' lang='lat' dir='ltr'><strong>(e)</strong></span> <span class='ocrx_word' id='word_1_916' title='bbox 2014 5274 2072 5341; x_wconf 76' lang='lat' dir='ltr'><strong>in</strong></span> <span class='ocrx_word' id='word_1_917' title='bbox 2102 5276 2289 5341; x_wconf 77' lang='lat' dir='ltr'><strong>codice</strong></span> <span class='ocrx_word' id='word_1_918' title='bbox 2316 5273 2433 5329; x_wconf 86' lang='lat' dir='ltr'><strong>Vat.</strong></span> <span class='ocrx_word' id='word_1_919' title='bbox 2465 5272 2618 5343; x_wconf 33' lang='lat' dir='ltr'><strong>bas.’,</strong></span> <span class='ocrx_word' id='word_1_920' title='bbox 2647 5290 2747 5340; x_wconf 84' lang='lat' dir='ltr'><strong>quo</strong></span> <span class='ocrx_word' id='word_1_921' title='bbox 2767 5274 2825 5331; x_wconf 84' lang='lat' dir='ltr'><strong>in</strong></span> <span class='ocrx_word' id='word_1_922' title='bbox 2852 5283 2917 5329; x_wconf 88' lang='lat' dir='ltr'><strong>te.</strong></span> 
     </span>
    </p>
   </div>
   <div class='ocr_carea' id='block_1_114' title="bbox 1898 5366 3420 5497">
    <p class='ocr_par' dir='ltr' id='par_1_114' title="bbox 1898 5366 3420 5497">
     <span class='ocr_line' id='line_1_116' title="bbox 1898 5366 3420 5497; baseline -0.028 -44"><span class='ocrx_word' id='word_1_923' title='bbox 1898 5369 1976 5497; x_wconf 55' lang='lat' dir='ltr'><strong>(ID</strong></span> <span class='ocrx_word' id='word_1_924' title='bbox 2020 5368 2188 5433; x_wconf 69' lang='grc' dir='ltr'><strong>Εάίιῖν</strong></span> <span class='ocrx_word' id='word_1_925' title='bbox 2219 5375 2448 5439; x_wconf 67' lang='lat' dir='ltr'><strong>excepto</strong></span> <span class='ocrx_word' id='word_1_926' title='bbox 2470 5366 2594 5424; x_wconf 85' lang='lat' dir='ltr'><strong>Par.</strong></span> <span class='ocrx_word' id='word_1_927' title='bbox 2613 5408 2628 5435; x_wconf 90' lang='lat'><strong>,</strong></span> <span class='ocrx_word' id='word_1_928' title='bbox 2656 5368 2726 5423; x_wconf 83' lang='lat' dir='ltr'><strong>ad</strong></span> <span class='ocrx_word' id='word_1_929' title='bbox 2753 5367 3148 5431; x_wconf 73' lang='lat' dir='ltr'><strong>imbecillitatem</strong></span> <span class='ocrx_word' id='word_1_930' title='bbox 3171 5373 3215 5420; x_wconf 85' lang='lat' dir='ltr'><strong>et</strong></span> <span class='ocrx_word' id='word_1_931' title='bbox 3238 5374 3420 5425; x_wconf 79' lang='lat' dir='ltr'><strong>contu.</strong></span> 
     </span>
     <span class='ocr_line' id='line_1_117' title="bbox 1898 5449 2488 5497; baseline 0.003 -3"><span class='ocrx_word' id='word_1_932' title='bbox 1898 5458 1905 5494; x_wconf 65' lang='grc' dir='ltr'>Β</span> <span class='ocrx_word' id='word_1_933' title='bbox 1928 5459 2030 5497; x_wconf 85' lang='lat' dir='ltr'><strong>tam</strong></span> <span class='ocrx_word' id='word_1_934' title='bbox 2057 5456 2234 5497; x_wconf 77' lang='lat' dir='ltr'><strong>rapere</strong></span> <span class='ocrx_word' id='word_1_935' title='bbox 2269 5449 2488 5496; x_wconf 80' lang='lat' dir='ltr'><strong>naturw.</strong></span> 
     </span>
    </p>
   </div>
   <div class='ocr_carea' id='block_1_115' title="bbox 1825 5449 2488 5510">
    <p class='ocr_par' dir='ltr' id='par_1_115' title="bbox 1825 5449 2488 5510">
     <span class='ocr_line' id='line_1_118' title="bbox 1825 5449 2488 5510; baseline -0.003 -12"><span class='ocrx_word' id='word_1_936' title='bbox 1825 5449 2030 5498; x_wconf 83' lang='lat' dir='ltr'><strong>utetiam</strong></span> <span class='ocrx_word' id='word_1_937' title='bbox 2057 5456 2234 5510; x_wconf 86' lang='lat' dir='ltr'><strong>rapere</strong></span> <span class='ocrx_word' id='word_1_938' title='bbox 2269 5449 2488 5496; x_wconf 80' lang='lat' dir='ltr'><strong>naturw.</strong></span> 
     </span>
    </p>
   </div>
   <div class='ocr_carea' id='block_1_116' title="bbox 1899 5533 3423 5611">
    <p class='ocr_par' dir='ltr' id='par_1_116' title="bbox 1899 5533 3423 5611">
     <span class='ocr_line' id='line_1_119' title="bbox 1899 5533 3423 5611; baseline -0.008 -18"><span class='ocrx_word' id='word_1_939' title='bbox 1899 5536 1977 5611; x_wconf 81' lang='lat'><strong>(9)</strong></span> <span class='ocrx_word' id='word_1_940' title='bbox 2021 5537 2113 5591; x_wconf 86' lang='lat' dir='ltr'><strong>Er.</strong></span> <span class='ocrx_word' id='word_1_941' title='bbox 2151 5543 2219 5611; x_wconf 78' lang='lat' dir='ltr'><strong>et</strong></span> <span class='ocrx_word' id='word_1_942' title='bbox 2240 5533 2414 5611; x_wconf 61' lang='grc' dir='ltr'><strong>μω.</strong></span> <span class='ocrx_word' id='word_1_943' title='bbox 2469 5535 2652 5605; x_wconf 75' lang='lat' dir='ltr'><strong>fugare</strong></span> <span class='ocrx_word' id='word_1_944' title='bbox 2677 5550 2698 5588; x_wconf 90' lang='lat'><strong><em>:</em></strong></span> <span class='ocrx_word' id='word_1_945' title='bbox 2724 5542 2780 5590; x_wconf 88' lang='lat' dir='ltr'><strong>et</strong></span> <span class='ocrx_word' id='word_1_946' title='bbox 2817 5546 2940 5611; x_wconf 73' lang='lat' dir='ltr'><strong>mox</strong></span> <span class='ocrx_word' id='word_1_947' title='bbox 2968 5571 2985 5598; x_wconf 82' lang='lat'><strong>,</strong></span> <span class='ocrx_word' id='word_1_948' title='bbox 3018 5545 3116 5601; x_wconf 87' lang='lat' dir='ltr'><strong>pro</strong></span> <span class='ocrx_word' id='word_1_949' title='bbox 3154 5544 3423 5611; x_wconf 72' lang='lat' dir='ltr'><strong>resurgere</strong></span> 
     </span>
    </p>
   </div>
   <div class='ocr_carea' id='block_1_117' title="bbox 1829 5602 3422 5675">
    <p class='ocr_par' dir='ltr' id='par_1_117' title="bbox 1829 5602 3422 5675">
     <span class='ocr_line' id='line_1_120' title="bbox 1829 5602 3422 5675; baseline -0.004 -9"><span class='ocrx_word' id='word_1_950' title='bbox 1829 5602 2029 5673; x_wconf 59' lang='lat' dir='ltr'><strong>Deum.</strong></span> <span class='ocrx_word' id='word_1_951' title='bbox 2080 5602 2479 5663; x_wconf 76' lang='lat' dir='ltr'><strong>substituerent</strong></span> <span class='ocrx_word' id='word_1_952' title='bbox 2513 5602 2799 5675; x_wconf 81' lang='lat' dir='ltr'><strong>resurgere.</strong></span> <span class='ocrx_word' id='word_1_953' title='bbox 2859 5603 3110 5669; x_wconf 72' lang='lat' dir='ltr'><strong>Uentam,</strong></span> <span class='ocrx_word' id='word_1_954' title='bbox 3158 5602 3333 5675; x_wconf 23' lang='lat' dir='ltr'><strong>Quod”</strong></span> <span class='ocrx_word' id='word_1_955' title='bbox 3366 5610 3422 5673; x_wconf 74' lang='lat' dir='ltr'><strong>et</strong></span> 
     </span>
    </p>
   </div>
   <div class='ocr_carea' id='block_1_118' title="bbox 1826 5673 3422 5811">
    <p class='ocr_par' dir='ltr' id='par_1_118' title="bbox 1826 5673 3422 5811">
     <span class='ocr_line' id='line_1_121' title="bbox 1828 5673 3422 5754; baseline -0.003 -22"><span class='ocrx_word' id='word_1_956' title='bbox 1828 5692 2101 5754; x_wconf 78' lang='lat' dir='ltr'><strong>postrema</strong></span> <span class='ocrx_word' id='word_1_957' title='bbox 2141 5677 2379 5735; x_wconf 85' lang='lat' dir='ltr'><strong>editione</strong></span> <span class='ocrx_word' id='word_1_958' title='bbox 2410 5677 2531 5732; x_wconf 89' lang='lat' dir='ltr'><strong>Par.</strong></span> <span class='ocrx_word' id='word_1_959' title='bbox 2576 5673 2856 5745; x_wconf 68' lang='lat' dir='ltr'><strong>praelatum</strong></span> <span class='ocrx_word' id='word_1_960' title='bbox 2887 5689 2968 5731; x_wconf 84' lang='lat' dir='ltr'><strong>est</strong></span> <span class='ocrx_word' id='word_1_961' title='bbox 3004 5694 3017 5730; x_wconf 86' lang='lat'><strong>:</strong></span> <span class='ocrx_word' id='word_1_962' title='bbox 3067 5673 3422 5747; x_wconf 77' lang='lat' dir='ltr'><strong>renitentibus</strong></span> 
     </span>
     <span class='ocr_line' id='line_1_122' title="bbox 1826 5745 3420 5811; baseline -0.003 -3"><span class='ocrx_word' id='word_1_963' title='bbox 1826 5753 1947 5808; x_wconf 89' lang='lat' dir='ltr'><strong>aliis</strong></span> <span class='ocrx_word' id='word_1_964' title='bbox 1976 5751 2148 5808; x_wconf 83' lang='lat' dir='ltr'><strong>libris.</strong></span> <span class='ocrx_word' id='word_1_965' title='bbox 2181 5752 2267 5805; x_wconf 81' lang='lat' dir='ltr'><strong>Ait</strong></span> <span class='ocrx_word' id='word_1_966' title='bbox 2297 5745 2527 5807; x_wconf 85' lang='lat' dir='ltr'><strong>llilarins</strong></span> <span class='ocrx_word' id='word_1_967' title='bbox 2554 5763 2815 5811; x_wconf 66' lang='lat' dir='ltr'><strong>resurgere</strong></span> <span class='ocrx_word' id='word_1_968' title='bbox 2832 5745 2997 5807; x_wconf 80' lang='lat' dir='ltr'><strong>Deum</strong></span> <span class='ocrx_word' id='word_1_969' title='bbox 3023 5747 3089 5802; x_wconf 89' lang='lat' dir='ltr'><strong>ad</strong></span> <span class='ocrx_word' id='word_1_970' title='bbox 3133 5761 3255 5803; x_wconf 88' lang='lat' dir='ltr'><strong>eum</strong></span> <span class='ocrx_word' id='word_1_971' title='bbox 3307 5760 3420 5811; x_wconf 80' lang='lat' dir='ltr'><strong>mo-</strong></span> 
     </span>
    </p>
   </div>
   <div class='ocr_carea' id='block_1_119' title="bbox 1826 5766 3422 5897">
    <p class='ocr_par' dir='ltr' id='par_1_119' title="bbox 1826 5766 3422 5897">
     <span class='ocr_line' id='line_1_123' title="bbox 1826 5766 3420 5821; baseline -0.003 -13"><span class='ocrx_word' id='word_1_972' title='bbox 1826 5766 1947 5808; x_wconf 73' lang='lat' dir='ltr'><strong>allls</strong></span> <span class='ocrx_word' id='word_1_973' title='bbox 1976 5766 2148 5808; x_wconf 75' lang='lat' dir='ltr'><strong>llDrlS.</strong></span> <span class='ocrx_word' id='word_1_974' title='bbox 2181 5766 2267 5805; x_wconf 71' lang='grc' dir='ltr'><strong>Αιι</strong></span> <span class='ocrx_word' id='word_1_975' title='bbox 2297 5766 2527 5807; x_wconf 69' lang='grc'><strong>1111111¹1118</strong></span> <span class='ocrx_word' id='word_1_976' title='bbox 2554 5766 2815 5821; x_wconf 66' lang='lat' dir='ltr'><strong>resurgere</strong></span> <span class='ocrx_word' id='word_1_977' title='bbox 2832 5766 2997 5819; x_wconf 71' lang='grc' dir='ltr'><strong>υᾳωηι</strong></span> <span class='ocrx_word' id='word_1_978' title='bbox 3023 5766 3089 5802; x_wconf 84' lang='lat' dir='ltr'><strong>au</strong></span> <span class='ocrx_word' id='word_1_979' title='bbox 3133 5766 3255 5803; x_wconf 84' lang='lat' dir='ltr'><strong>eum</strong></span> <span class='ocrx_word' id='word_1_980' title='bbox 3307 5766 3420 5811; x_wconf 62' lang='lat' dir='ltr'><strong>&quot;10f</strong></span> 
     </span>
     <span class='ocr_line' id='line_1_124' title="bbox 1826 5815 3422 5897; baseline -0.003 -17"><span class='ocrx_word' id='word_1_981' title='bbox 1826 5820 2367 5897; x_wconf 71' lang='lat' dir='ltr'><strong>dum,quos&#39;uperius</strong></span> <span class='ocrx_word' id='word_1_982' title='bbox 2382 5815 2821 5897; x_wconf 70' lang='lat' dir='ltr'><strong>docetChristutn</strong></span> <span class='ocrx_word' id='word_1_983' title='bbox 2847 5822 3035 5897; x_wconf 81' lang='lat' dir='ltr'><strong>totum,</strong></span> <span class='ocrx_word' id='word_1_984' title='bbox 3050 5821 3212 5897; x_wconf 60' lang='lat' dir='ltr'><strong>etiam</strong></span> <span class='ocrx_word' id='word_1_985' title='bbox 3228 5832 3422 5889; x_wconf 63' lang='grc' dir='ltr'><strong>εεβιιιιτ</strong></span> 
     </span>
    </p>
   </div>
   <div class='ocr_carea' id='block_1_120' title="bbox 1824 5890 3273 5968">
    <p class='ocr_par' dir='ltr' id='par_1_120' title="bbox 1824 5890 3273 5968">
     <span class='ocr_line' id='line_1_125' title="bbox 1824 5890 3273 5968; baseline -0.005 -11"><span class='ocrx_word' id='word_1_986' title='bbox 1824 5890 2276 5966; x_wconf 67' lang='grc' dir='ltr'><strong>ιὶιιωιιὸωίιιόιιι,</strong></span> <span class='ocrx_word' id='word_1_987' title='bbox 2304 5900 2427 5968; x_wconf 89' lang='lat' dir='ltr'><strong>post</strong></span> <span class='ocrx_word' id='word_1_988' title='bbox 2452 5890 2905 5963; x_wconf 79' lang='lat' dir='ltr'><strong>resurrectionem</strong></span> <span class='ocrx_word' id='word_1_989' title='bbox 2934 5892 3058 5955; x_wconf 73' lang='lat' dir='ltr'><strong>esse</strong></span> <span class='ocrx_word' id='word_1_990' title='bbox 3081 5890 3273 5963; x_wconf 75' lang='lat' dir='ltr'><strong>Deum.</strong></span> 
     </span>
    </p>
   </div>
  </div>
