3988 6332
131 309 214 368 585
1301 306 1390 365 DE
1428 301 1690 365 TRINITA

1838 303 2044 365 LIBER
2083 309 2150 366 Χ.
3135 343 3143 346 ν
3265 308 3376 370 586

181 426 256 480 55.
288 421 342 477 In
386 419 480 475 Dei
503 419 650 476 rebus
693 437 834 479 mens
880 422 1106 478 humana
1128 423 1318 496 deﬁcit.
1352 425 1668 480 Obtunditur
1693 423 1744 484 A
1775 425 2042 492 mittitur;
2075 441 2143 482 ne
2170 426 2214 480 si
2250 423 2369 496 plus
2398 424 2626 482 velimus
2656 431 2994 495 exspectare,
3031 422 3209 480 minus
3232 436 3370 496 quo-

128 520 219 588 plus
244 515 393 570 volens
416 513 583 568 videre
607 531 762 586 quant
789 516 959 570 datur.
1011 545 1084 558 -—
1107 515 1222 571 Non
1274 519 1464 588 ignoro
1489 528 1666 573 autem
1772 536 1879 591 que
1923 535 2081 590 quam
2129 535 2417 592 possumus
2446 533 2875 591 consequamur;
2911 519 2980 574 ita
3015 526 3070 575 et
3101 522 3238 576 ratio
3265 535 3377 578 ete-

124 614 165 670 in
187 622 413 681 quantum
444 608 693 664 humanze
734 610 1110 680 intelligentia:
1151 611 1519 667 inﬁrmitatem
1553 626 1669 665 ma-
1773 613 1924 668 lestis
1953 613 2004 667 in
2039 621 2242 667 tantum
2272 611 2613 684 intelligenda
2637 621 2740 680 est,
2772 612 2824 668 in
2849 619 3109 684 quantum
3135 627 3195 668 se
3243 628 3372 684 per-

131 702 393 778 gniﬁcentia
421 703 660 776 mySIerii
692 704 933 760 emlestis
979 704 1272 775 impediat.
1319 712 1378 759 ιιι
1421 704 1536 760 haec
1563 718 1668 759 non
1773 707 1937 760 mittit
1985 706 2247 777 intelligi;
2285 707 2336 761 in
2388 713 2590 761 tantum
2627 704 2705 778 (2)
2754 706 3114 776 exspectanda
3163 714 3281 774 est,
3321 705 3374 762 in

122 799 248 854 facile
271 807 352 852 aut
401 796 579 852 verbis
627 799 936 867 enuntiare,
993 807 1088 854 aut
1128 799 1420 870 dijudicare
1466 816 1667 868 sensu,
1772 807 2032 869 quantum
2070 797 2584 869 apprehendendam
2629 812 2688 854 se
2730 797 2912 863 dedit;
2949 815 3016 854 ne
3057 799 3102 854 si
3131 800 3373 856 contenti

121 902 194 948 aut
224 891 364 947 etiam
409 890 692 960 complecti
738 903 918 948 mente
975 892 1266 963 possimus.
1325 892 1514 949 Sciens
1569 908 1666 948 au-
1773 891 2121 962 indulgentiae
2153 891 2524 947 moderatione
2553 906 2658 947 non
2706 892 2875 948 simus
2902 935 2916 959 ,
2950 893 3260 951 amittamus
3290 895 3374 948 in-

122 995 206 1039 tem
239 982 511 1052 Apostolus
557 983 784 1039 arduum
848 984 950 1039 hoc
1005 994 1234 1041 terrena:
1278 995 1485 1041 natura:
1530 984 1670 1040 difﬁ-
1772 983 1942 1040 dulta.
1990 985 2085 1040 Est
2130 1001 2260 1055 ergo
2290 985 2343 1040 in
2387 985 2496 1040 Deo
2527 985 2668 1056 quod
2701 987 2780 1057 (g)
2809 984 3011 1056 percipi
3044 993 3258 1057 potest:
3290 996 3374 1044 est

120 1081 437 1149 cillimumque
499 1098 658 1147 esse,
725 1099 904 1140 rerum
963 1083 1260 1140 divinarum
1330 1083 1668 1141 efficientiam
1774 1077 1953 1149 plane,
1985 1078 2028 1132 si
2076 1079 2238 1133 modo
2268 1079 2408 1149 quod
2456 1089 2631 1146 potest
2656 1079 2808 1135 velis.
2861 1079 3009 1136 Sicut
3037 1079 3180 1135 enim
3214 1081 3374 1137 estin

114 1175 281 1248 judicio
307 1176 376 1247 (ιι)
416 1191 513 1231 nos
554 1185 780 1242 nostro,
833 1187 1101 1248 tamquam
1149 1179 1214 1234 ad
1262 1177 1670 1249 intelligendum
1773 1173 1890 1228 sole
1917 1173 2060 1243 quod
2093 1174 2316 1241 videas,
2359 1173 2403 1229 si
2438 1173 2541 1229 hoc
2573 1173 2705 1229 velis
2736 1173 2918 1229 videre
2962 1174 3104 1246 quod
3153 1175 3369 1245 possis;

118 1271 322 1336 acriore,
361 1284 518 1338 quam
569 1269 635 1324 ad
681 1269 1021 1326 efﬁciendum
1076 1272 1187 1326 Deo
1243 1271 1486 1342 potiore,
1542 1287 1674 1328 con-
1773 1267 1992 1323 amittas
2021 1275 2200 1322 autem
2231 1267 2372 1336 quod
2427 1276 2582 1340 potes
2625 1267 2855 1334 videre,
2908 1267 3036 1323 dum
3082 1267 3226 1340 quod
3266 1281 3374 1325 non

114 1362 301 1432 cipere,
346 1360 418 1415 illi
488 1361 726 1433 legitimo
797 1363 896 1418 sibi
949 1363 1241 1420 secundum
1303 1364 1461 1420 ﬁdem
1519 1348 1628 1420 lilio
1652 1407 1668 1432 ,
1773 1370 1929 1430 potes
1957 1360 2147 1416 niteris
2175 1379 2188 1414 :
2213 1359 2282 1415 ita
2319 1370 2372 1416 et
2414 1361 2466 1415 in
2495 1360 2659 1416 rebus
2687 1361 2780 1415 Dei
2814 1359 2982 1417 habes
3005 1361 3146 1432 quod
3181 1360 3380 1417 intelli-

115 1471 361 1525 sacrasque
384 1454 590 1511 litteras
639 1458 706 1512 ab
736 1455 958 1512 infantia
1000 1457 1231 1512 sumenti
1253 1497 1269 1525 ,
1323 1458 1395 1513 ita
1438 1458 1625 1513 scribit
1654 1475 1670 1515 :
1775 1469 1890 1526 gas,
1922 1453 1966 1509 si
1997 1453 2302 1526 intelligere
2329 1455 2470 1526 quod
2506 1465 2658 1525 potes
2685 1454 2838 1511 velis.
2867 1454 3137 1511 Craterum
3166 1456 3210 1511 si
3237 1455 3374 1511 ultra

117 1548 240 1603 Sicut
279 1548 502 1602 hortatus
545 1564 656 1602 sum
719 1558 766 1602 te
808 1550 1054 1604 sustinere
1106 1548 1322 1621 Ephesi,
1376 1567 1490 1604 cum
1543 1551 1672 1604 irem
1775 1564 1936 1620 quam
1976 1557 2128 1620 potes
2159 1563 2385 1620 Speres;
2416 1549 2466 1604 id
2492 1564 2723 1621 quoque,
2751 1549 2897 1621 quod
2927 1549 3171 1621 potuisti,
3214 1564 3374 1621 posse

116 1641 176 1713 (ὁ)
217 1642 263 1695 in
310 1639 685 1708 Macedoniam,
716 1651 770 1696 ut
819 1646 1126 1715 prtrciperes
1155 1642 1457 1714 quibusdam
1486 1660 1549 1698 ne
1576 1645 1674 1698 ali-

111 1745 175 1789 ter
192 1736 408 1788 docerent
431 1775 448 1802 ,
505 1749 664 1804 neque
711 1735 1026 1789 attenderem
1055 1735 1248 1805 fabulis
1288 1745 1335 1790 et
1361 1735 1673 1808 genealogiis

1777 1659 1883 1699 non
1914 1644 2139 1713 poteris.

1849 1735 1938 1792 54.
1986 1733 2053 1790 In
2083 1737 2196 1808 ipso
2218 1736 2413 1793 Christi
2442 1748 2558 1792 ortu
2582 1739 2854 1809 temttorali
2879 1739 3077 1793 ca'cutit
3099 1737 3274 1794 homo.
3305 1767 3379 1781 -—

112 1826 445 1892 interminatis,
476 1843 590 1897 qua:
637 1827 946 1898 qttwstiones
975 1829 1138 1900 magis
1185 1839 1429 1901 pra’stant
1453 1871 1467 1893 ,
1513 1845 1670 1899 quant
1700 1821 1750 1882 B
1777 1831 2022 1886 Nondum
2055 1831 2429 1904 intemporalis
2470 1833 2764 1888 nativitatis
2797 1833 2939 1888 illius
2976 1841 3375 1889 sacramentum

111 1921 468 1982 (edi/irationem
503 1921 595 1975 Dei
631 1937 746 1992 qua:
772 1932 847 1976 est
897 1923 949 1977 in
981 1923 1084 1993 ﬁde
1125 1922 1165 1994 (Ι
1199 1923 1332 1978 Tim.
1366 1941 1404 1990 ι,
1437 1924 1471 1978 ’5
1497 1935 1545 1978 et
1589 1922 1666 1995 lt).

111 2011 240 2067 Vetat
266 2013 596 2084 genealogize
644 2015 855 2082 eloquia
902 2016 1144 2081 tractari,
1176 2025 1230 2070 et
1269 2015 1479 2070 fabulas
1508 2015 1674 2071 inter-

111 2105 294 2160 minatzc
321 2107 638 2177 quaestionis
665 2107 875 2178 attingi.
926 2106 1368 2164 Ediﬁcationem
1418 2124 1547 2164 vero
1576 2107 1673 2165 Dei

113 2199 154 2252 in
181 2197 272 2254 lide
295 2214 410 2258 esse
438 2197 669 2272 (supple,
699 2198 880 2272 docet)
915 2215 928 2254 :
963 2211 1018 2254 ut
1039 2201 1206 2274 359
1233 2202 1484 2257 humana:
1513 2217 1670 2257 vere-

112 2290 292 2345 cundia:
339 2291 563 2346 modum
614 2291 756 2346 ﬁdeli
804 2292 1215 2364 omnipotentia:
1273 2293 1368 2348 Dei
1416 2295 1677 2365 religione

113 2384 388 2452 concludat,
412 2400 594 2456 neque
609 2401 670 2442 se
692 2383 978 2440 inﬁrmitas
1000 2397 1186 2441 nostra
1213 2386 1280 2442 ad
1307 2387 1676 2458 perspicienda

112 2494 179 2546 ea,
221 2495 331 2550 qua:
380 2480 746 2551 perspiciendi
797 2479 866 2552 (c)
895 2490 1141 2536 naturam
1175 2480 1453 2549 hebetent,
1491 2493 1681 2538 exten-

111 2575 203 2628 dat.
229 2574 372 2641 Quod
399 2575 446 2630 si
474 2573 860 2630 contuentibus
889 2575 1023 2630 solis
1058 2575 1361 2630 claritatem
1402 2575 1572 2631 virtus
1600 2574 1683 2630 in-

114 2665 456 2723 tentiluminis
501 2667 855 2735 obstupescit,
886 2677 942 2721 ut
989 2666 1038 2723 si
1090 2668 1306 2740 quando
1349 2683 1564 2724 causam
1598 2685 1683 2724 ra-

112 2757 281 2814 diantis
309 2759 446 2816 lucis
477 2760 736 2816 solertius
761 2761 908 2816 acies
940 2762 1170 2816 curiosa:
1210 2761 1684 2832 contemplationis

113 2850 335 2923 inquirut,
365 2868 539 2924 usque
564 2853 632 2908 ad
673 2863 980 2908 emortuum
1030 2853 1250 2910 videndi
1283 2869 1502 2910 sensum
1556 2871 1684 2910 ocuo

111 2946 256 3002 lorum
297 2960 490 3006 natura
543 2958 844 3017 revocetur,
900 2949 1215 3021 accidatqne
1264 2951 1484 3008 nitendo
1515 2952 1686 3023 magis

112 3043 270 3100 ridere
298 3062 366 3101 ne
390 3045 585 3102 videas
611 3062 626 3112 ;
658 3046 784 3115 quid
811 3047 968 3101 nobis
991 3047 1042 3100 in
1087 3045 1184 3102 Dei
1213 3047 1374 3102 rebus
1404 3056 1454 3102 et
1488 3047 1542 3102 in
1569 3047 1687 3103 sole

109 3138 300 3207 justitite
319 3139 752 3211 exspectandum
783 3141 902 3197 est?
929 3140 1116 3196 Nonne
1147 3142 1419 3197 incumbet
1454 3142 1683 3198 volenti-

1776 1924 2006 1980 movebo
2037 1926 2428 1994 :competcntis
2458 1927 2564 1982 loci
2591 1937 2672 1981 est
2710 1927 2800 1983 ille
2847 1936 3126 1982 tractatus.
3161 1927 3380 1984 interim

1775 2019 1908 2073 mihi
1952 2028 2245 2090 assumpta:
2273 2021 2450 2075 carnis
2474 2021 2791 2094 mysterium
2832 2023 2883 2077 in
2912 2022 3097 2079 verbis
3123 2033 3225 2079 est.
3252 2020 3381 2080 Illos

1778 2129 1918 2167 nunc
1938 2128 2259 2169 arcanorum
2275 2113 2438 2187 360
2454 2117 2753 2172 caelestium
2777 2127 3107 2174 scrutatores
3129 2117 3376 2184 consulo,

1779 2214 1837 2260 ut
1864 2206 2161 2262 secundum
2207 2219 2452 2264 naturam
2500 2224 2649 2264 suam
2694 2211 2801 2265 nati
2834 2225 2900 2266 ex
2947 2211 3156 2279 virgine
3180 2209 3382 2267 Christi

1779 2309 2178 2354 sacramentum
2205 2301 2508 2371 loquantur.
2532 2301 2686 2359 Unde
2708 2303 2892 2360 dicent
2916 2303 3110 2375 virgini
3133 2319 3372 2375 concep-

1783 2400 1896 2447 tum
1921 2394 1944 2448 ?
1983 2393 2128 2449 unde
2156 2395 2346 2466 virgini
2371 2397 2628 2466 partum?
2658 2397 2827 2466 Quam
2856 2397 2995 2452 hanc
3023 2411 3144 2454 esse
3170 2397 3382 2468 genita-

1781 2485 1911 2541 lium
1944 2487 2208 2558 originum
2237 2465 2452 2544 causam
2479 2465 2872 2560 disputabunt?
2898 2500 2953 2546 ct
2979 2491 3105 2562 quid
3130 2465 3267 2545 intFa
3291 2506 3385 2548 se-

1784 2591 1973 2633 cessus
2001 2588 2366 2636 maternorum
2400 2582 2612 2638 sinuum
2631 2584 2938 2639 coaluisse?
2964 2582 3176 2653 Corpus
3197 2583 3342 2640 unde
3361 2584 3386 2639 ?

1786 2681 1837 2726 et
1864 2671 2025 2728 homo
2059 2673 2239 2729 unde?
2269 2673 2383 2728 Jam
2431 2689 2561 2730 vero
2594 2684 2716 2746 post
2743 2674 2878 2742 hmc,
2910 2675 3036 2747 quid
3069 2677 3137 2731 sit
3167 2676 3390 2734 desceno

1787 2765 1933 2822 disse
1963 2766 2029 2823 de
2059 2767 2211 2825 ccelis
2253 2768 2420 2824 ﬁlium
2465 2771 2699 2826 hominis
2742 2771 2793 2826 in
2839 2771 2994 2828 etnlis
3031 2772 3390 2830 manentem?

1787 2859 1903 2915 Non
1937 2860 2085 2915 enim
2109 2860 2354 2931 ejusdem
2378 2871 2481 2927 est,
2511 2862 2807 2918 secundum
2833 2864 3145 2934 corporales
3173 2880 3388 2934 causas,

1789 2951 2121 3008 descendere
2160 2964 2214 3008 et
2253 2969 2516 3010 manere:
2553 2971 2781 3026 quorum
2835 2957 3064 3013 alterum
3096 2959 3173 3031 (It)
3204 2957 3394 3015 deces-

1790 3046 1959 3100 sionis
1989 3047 2366 3102 transmutatio
2396 3057 2500 3116 est,
2525 3049 2754 3104 alterum
2800 3050 3051 3106 manendi
3098 3051 3390 3120 impertur-

1793 3136 1938 3192 hatio
1965 3149 2064 3193 est.
2101 3137 2258 3209 Vagit
2289 3139 2486 3207 infans,
2515 3139 2606 3195 sed
2642 3141 2693 3194 in
2743 3140 2881 3198 coelo
2907 3153 2991 3198 est
3032 3157 3048 3196 :
3093 3157 3228 3212 puer
3247 3157 3396 3199 cres-

111 3228 285 3303 hos(d)
310 3248 678 3304 supersapere
704 3232 964 3288 stultitia?
988 3233 1176 3290 Nonne
1206 3235 1378 3304 ipsum
1408 3233 1537 3290 illud
1561 3249 1687 3291 aere
1717 3220 1763 3284 C
1794 3233 1908 3300 cit,
1960 3231 2055 3289 sed
2111 3234 2456 3303 plenitudinis
2517 3234 2658 3289 Deus
2724 3244 3018 3304 permanet.
3093 3235 3211 3291 Jam
3261 3251 3395 3293 vero

111 3322 453 3396 intelligentiae
508 3327 688 3384 lumen
740 3326 819 3401 (l)
865 3337 1054 3398 stupor
1099 3327 1308 3385 hebetis
1353 3329 1689 3399 desipientia:

113 3420 404 3488 occupabit?
433 3419 554 3476 Non
594 3419 739 3476 enim
789 3429 976 3476 natura
1010 3419 1237 3476 inferior
1286 3435 1500 3476 causam
1534 3434 1687 3476 natu-

113 3523 174 3562 m:
198 3509 263 3582 (ε)
294 3512 527 3579 potioris
557 3511 820 3583 intelliget
847 3530 859 3566 :
897 3527 996 3568 nec
1023 3513 1266 3582 subjacet
1292 3513 1540 3569 humanae
1557 3529 1690 3570 cou-

112 3604 316 3673 ceptioni
366 3608 513 3662 ratio
549 3608 786 3664 cmleslis
852 3607 927 3680 (id
967 3617 1062 3675 est,
1095 3607 1324 3681 divina).
1379 3609 1510 3664 Nam
1552 3611 1692 3664 intra

111 3696 454 3756 conditionem
491 3698 821 3755 inﬁrmitatis
870 3701 992 3767 erit,
1044 3701 1304 3772 quidquid
1333 3702 1528 3757 inﬁrmi
1557 3719 1691 3758 con-

113 3789 326 3849 scientia:
349 3793 424 3867 (in
457 3797 526 3847 3°
555 3794 702 3866 casu)
729 3794 995 3850 subditur.
1031 3796 1258 3853 Excedit
1288 3797 1472 3869 itaque
1506 3797 1696 3854 huma-

111 3898 216 3941 nam
239 3899 477 3944 mentem
514 3889 608 3946 Dei
637 3897 878 3961 potestas
905 3908 916 3946 :
946 3890 1012 3946 ad
1039 3907 1198 3960 quam
1228 3894 1272 3947 si
1300 3908 1360 3948 se
1411 3895 1697 3951 inﬁrmitas

113 3981 387 4051 prolendct,
426 3983 606 4055 magis
645 3983 855 4039 inﬁrma
888 3985 1147 4041 reddetur
1168 4028 1182 4052 ,
1213 3986 1341 4042 dum
1387 3987 1490 4044 hoc
1520 3990 1692 4060 ipsum

111 4073 230 4139 quod
256 4075 467 4132 obtinet
508 4077 736 4142 amittit,
787 4074 993 4147 potiore
1021 4078 1087 4134 ad
1129 4078 1530 4135 obtundendam
1575 4097 1694 4137 eam

112 4177 270 4220 rerum
297 4171 609 4224 caelestium
645 4179 870 4236 natura;
907 4171 1029 4242 quia
1063 4187 1276 4228 omnem
1319 4173 1438 4243 ejus
1469 4191 1694 4232 consec-

111 4261 254 4314 tantis
298 4276 357 4317 se
406 4263 770 4333 pervicaciam
803 4263 917 4333 ipsa
949 4264 1233 4334 complexu
1261 4264 1378 4336 ejus
1411 4267 1581 4337 major
1616 4269 1698 4324 in-

113 4349 266 4408 ﬁrmat
302 4355 374 4413 Ut
404 4358 572 4430 igitur
600 4357 680 4412 sol
705 4359 776 4412 ita
799 4355 1060 4413 videndus
1083 4369 1186 4426 est,
1211 4370 1270 4414 ut
1302 4361 1472 4429 possit
1501 4360 1694 4432 videri,

112 4451 377 4520 tantusque
423 4449 784 4522 excipiendus
833 4450 1035 4508 lumine
1057 4460 1436 4524 cst,quantus
1479 4454 1547 4527 (ι’)
1599 4455 1696 4511 ad-

168 4586 241 4671 lll
270 4589 472 4671 ξονον·
550 4663 561 4671 ,
660 4655 679 4671 .

169 4661 242 4730 (ἓ)
277 4662 614 4734 Expetenda.

1797 3343 1917 3382 cum
1964 3326 2248 3382 adscendit
2297 3327 2386 3382 ubi
2447 3335 2606 3385 antea
2660 3328 2759 3384 l'uit
2791 3371 2805 3395 ,
2859 3339 2915 3386 et
2973 3330 3258 3387 descendit
3302 3331 3394 3402 qui

1798 3428 2022 3482 manet,
2073 3435 2182 3490 quo
2260 3419 2630 3492 intelligentia:
2698 3420 2948 3478 humanae
3009 3439 3170 3479 sensu
3224 3422 3402 3478 conti-

1799 3512 2015 3568 uehitur
2068 3512 2170 3586 (i)?
2213 3511 2474 3569 Dominus
2527 3516 2671 3570 enim
2722 3516 2798 3571 ait
2845 3516 3034 3583 :Quid
3079 3519 3124 3572 si
3173 3516 3401 3573 uideritis

1799 3605 1970 3675 filium
2003 3607 2225 3661 hominis
2255 3606 2645 3663 adscendentent
2674 3609 2760 3663 ubi
2785 3620 2938 3666 antea
2967 3611 3065 3682 fuit
3089 3609 3297 3680 (Joan.,
3321 3625 3398 3676 vt,

1803 3699 1924 3771 65)?
1950 3699 2247 3756 Adscendit
2276 3701 2416 3755 lilius
2447 3699 2684 3757 hominis
2713 3702 2799 3758 ubi
2827 3713 2983 3757 antea
3020 3703 3154 3768 fuit;
3188 3712 3243 3759 et
3278 3701 3403 3775 quis

1802 3795 1906 3850 hoc
1933 3809 2126 3850 sensus
2151 3794 2472 3865 concipiet?
2523 3796 2816 3852 Descendit
2838 3797 2904 3852 de
2932 3798 3072 3853 ca-lo
3111 3797 3252 3852 ﬁlius
3297 3795 3400 3853 ho-

1801 3887 1964 3942 minis
1992 3888 2080 3958 qui
2116 3887 2168 3941 in
2196 3886 2352 3942 cmlis
2383 3894 2500 3954 est;
2534 3897 2589 3943 et
2618 3903 2738 3957 qua:
2771 3887 2874 3944 hoc
2913 3889 3054 3944 ratio
3081 3888 3402 3959 praestabit?

1812 3977 2030 4034 Verbum
2053 3995 2172 4034 caro
2207 3979 2400 4048 factum
2429 3988 2537 4046 est;
2575 3996 2692 4051 quae
2725 3978 2829 4036 hoc
2858 3980 3018 4035 verba
3067 3979 3401 4052 loquentur?

1803 4072 1888 4128 Fit
1918 4088 2044 4128 caro
2077 4071 2338 4138 Verbum,
2370 4073 2422 4128 id
2464 4082 2545 4128 est
2573 4113 2587 4136 ,
2623 4073 2784 4129 homo
2815 4073 2956 4130 Deus
2987 4091 3000 4128 :
3033 4080 3089 4128 ct
3115 4074 3204 4143 qui
3237 4073 3402 4130 homo

1805 4174 1907 4229 est,
1956 4169 2008 4222 in
2038 4167 2189 4222 caelis
2206 4176 2318 4233 est;
2352 4179 2407 4222 et
2433 4167 2522 4238 qui
2550 4167 2688 4222 Deus
2711 4177 2815 4233 est,
2843 4167 2910 4222 de
2932 4167 3086 4223 ccelis
3135 4176 3240 4224 est.
3294 4167 3405 4224 Ad-

1806 4259 2017 4315 scendit
2045 4258 2421 4315 descendens:
2454 4259 2548 4315 sed
2585 4259 2868 4315 descendit
2897 4257 2966 4334 (ά)
3007 4275 3112 4315 non
3167 4259 3400 4316 descen-

1806 4355 1963 4412 dens.
2001 4353 2097 4409 Est
2129 4353 2218 4426 qui
2249 4349 2400 4422 erat;
2429 4363 2484 4410 et
2513 4354 2654 4423 quod
2684 4364 2767 4409 est
2799 4368 2905 4408 non
2954 4362 3092 4409 erat.
3125 4353 3405 4410 Currimus

1807 4464 1905 4526 per
1933 4461 2157 4515 causas,
2202 4454 2258 4504 et
2283 4447 2494 4503 ratione
2521 4446 2602 4518 (5)
2633 4445 2956 4503 deﬁcimur:
2990 4446 3255 4503 rationem
3286 4460 3408 4504 cer-

1882 4593 1962 4667 (5)
1993 4592 2293 4663 Deﬁcimus.

167 4781 236 4852 (a)
288 4781 636 4838 Vocabulum
678 4797 775 4836 nos
818 4793 1137 4836 revocamus
1181 4794 1249 4836 ex
1276 4778 1411 4836 Bad.
1455 4788 1510 4836 et
1567 4794 1698 4836 mss.
1731 4779 1781 4840 1)
1807 4771 2230 4852 ve_l_imus_.__Tum
2259 4770 2383 4825 Par.
2427 4784 2549 4852 cu_m
2582 4783 2686 4852 tus.
2712 4765 2886 4852 vatic.
2923 4767 3039 4823 bas.
3067 4768 3408 4852 expeterenln

109 4849 294 4924 Deinde
324 4870 427 4923 pro
460 4863 730 4920 tamquam
754 4893 768 4915 ,
814 4852 954 4924 male
1002 4852 1201 4907 habent
1231 4867 1358 4908 mss.
1394 4852 1604 4924 Remig.
1624 4867 1703 4924 ac

110 4922 300 4980 Theod.
327 4922 489 4994 tam;
525 4924 630 4980 hoc
652 4926 794 4979 enim
823 4923 926 4978 sibi
948 4924 1094 4978 vult:
1129 4935 1378 4993 tanquam
1404 4927 1469 4977 ad
1503 4922 1706 4979 intelli-

107 4996 322 5061 gendum
351 5007 516 5052 tanto
544 5006 689 5052 essm
717 4996 898 5051 acrius
918 4995 1177 5062 judicium
1207 5005 1476 5060 nostrum,
1501 5005 1706 5066 quanto

111 5069 269 5133 patior
304 5072 453 5123 Deus
497 5068 566 5122 ad
594 5066 958 5123 efﬁciendum.
992 5066 1091 5121 Hic
1121 5076 1173 5122 et
1199 5067 1456 5134 deinceps
1484 5067 1702 5134 reprimi

109 5139 305 5209 videtur
322 5138 851 5209 Eunomiijactatio,
874 5154 978 5208 qua
1001 5137 1345 5194 Theodoreto
1363 5137 1607 5194 testelib.
1630 5153 1703 5203 tv,

108 5208 234 5265 llazr.
266 5213 406 5279 l’ab.,
437 5227 496 5268 c.
532 5212 567 5267 5
596 5208 614 5264 ;“
635 5225 688 5264 se
706 5211 836 5265 nihil
866 5226 928 5265 ea:
952 5210 1100 5264 rebus
1129 5209 1313 5264 divinis
1335 5215 1572 5279 ignorare
1595 5209 1710 5280 glo-

110 5282 356 5338 riahatur.

169 5352 243 5427 (ὁ)
271 5357 565 5426 Antiquus
593 5354 772 5410 Codex
797 5353 951 5410 Coll).
983 5354 1085 5410 ires
1112 5352 1490 5408 Macedoniam.

174 5449 243 5517 (c)
272 5449 522 5506 Carnut.
557 5449 754 5519 aliique
783 5449 1026 5504 nonnulli
1058 5464 1190 5503 mss.
1225 5462 1346 5502 cum
1385 5444 1513 5500 Bad.
1543 5454 1597 5501 et
1619 5443 1714 5500 Er.

110 5531 338 5577 naturam
365 5540 478 5577 non
515 5521 722 5576 habent.

173 5612 250 5691 (di
273 5615 504 5691 blartin.
545 5630 1025 5691 ms._supercapere.
1049 5613 1246 5691 ‘Grtece
1272 5614 1621 5691 ὑπερςρρονςῖν.

170 5688 242 5756 (c)
273 5687 330 5742 In
365 5705 483 5743 uno
517 5700 620 5740 ms.
648 5688 826 5749 (lolb..
851 5688 1024 5741 altero
1046 5685 1278 5740 Sorbon.
1307 5685 1600 5740 et'M'artin.
1631 5697 1718 5736 stt-

107 5760 334 5831 perioris.
367 5762 429 5815 ln
466 5759 582 5831 alio
611 5757 772 5831 Cttlb.
791 5768 847 5814 et
875 5758 1059 5815 Germ.
1085 5758 1404 5831 posterioris.

175 5830 252 5903 (ι’)
282 5829 594 5903 Exemplar
622 5829 835 5887 Martio.
861 5825 1112 5902 quantum
1133 5829 1357 5884 admittit
1381 5844 1398 5881 ς
1423 5826 1510 5898 qui
1536 5826 1580 5883 si
1604 5825 1720 5899 plus

1809 4849 1938 4904 edit.
1988 4845 2108 4900 aliis
2131 4888 2146 4910 ,
2191 4853 2439 4916 spectare.
2487 4841 2544 4895 In
2590 4840 2792 4908 aliquot
2821 4854 2950 4895 mss.
2983 4840 3264 4916 aspectare.
3295 4840 3410 4916 Non

1809 4922 1916 4976 alio
1944 4933 2104 4973 sensu
2140 4919 2190 4971 in
2217 4912 2507 4984 plerisque,
2553 4920 2886 4984 exspectare:
2916 4921 2970 4966 et
2998 4927 3126 4984 mox
3156 4912 3209 4967 in
3237 4913 3415 4969 omni-

1809 4993 1911 5048 bus
1939 4983 2282 5060 exspectnnda
2303 5029 2315 5049 ,
2349 4985 2437 5040 ubi
2473 4987 2523 5038 in
2556 4983 2783 5053 vulgatis
2818 4983 3124 5054 expetenda.

1885 5080 1961 5155 (g)
1997 5079 2266 5155 Vat._has.
2314 5091 2418 5155 ms._
2445 5090 2600 5155 _et_1m
2652 5072 2805 5155 Colb.
2853 5073 3121 5155 et_.Sor_b.
3165 5076 3411 5155 perspici.

1813 5144 1968 5210 Ma'r't'.
1998 5150 2184 5218 respici
2209 5167 2223 5202 ;
2255 5163 2318 5202 ac
2340 5144 2570 5202 subinde
2591 5160 2710 5202 cum
2733 5146 2880 5203 dicto
2906 5145 3026 5202 Vat.
3062 5144 3178 5202 bas.
3210 5158 3266 5204 et
3288 5144 3415 5205 ’Βο-

1815 5227 1941 5294 mig
1977 5224 2022 5277 si
2046 5222 2197 5294 modo
2223 5221 2360 5294 quod
2387 5228 2550 5290 potes.

1889 5290 1969 5368 (It)
1999 5294 2054 5348 In
2077 5293 2330 5368 vulgatis,
2357 5290 2723 5368 descensiont's.
2765 5290 2935 5361 Magis
2957 5290 3275 5360 placetcum
3324 5304 3419 5362 po-

1820 5363 2047 5424 tioribus
2075 5380 2208 5420 mss.
2239 5363 2570 5417 decessionis.

1894 5437 1958 5511 (i)
2003 5437 2148 5511 Idem
2181 5445 2572 5511 argumentum
2601 5432 2771 5488 fusius
2819 5432 3164 5504 prosequitur
3188 5430 3420 5507 Gregor.

1823 5505 2076 5568 Nazianz.
2105 5510 2198 5563 υτ.
2228 5523 2392 5572 xxxv,
2427 5523 2483 5561 n.
2507 5505 2578 5561 88
2610 5517 2665 5560 et
2688 5521 2841 5576 seqq.

1898 5605 1968 5677 (j)
2009 5601 2066 5657 In
2112 5608 2328 5677 vetusto
2357 5598 2544 5677 codice
2591 5598 2741 5677 Colb_.
2777 5597 3262 5677 non_adscendens.
3308 5598 3425 5677 Hoc

1825 5668 2139 5747 argumenti
2172 5685 2342 5747 genus
2383 5670 2620 5724 maxime
2651 5669 2795 5747 valet
2841 5668 3103 5747 adversus
3151 5686 3277 5737 eos,
3330 5672 3425 5744 qui

1828 5739 2063 5803 Ve'rbum
2111 5739 2206 5800 Dei
2246 5759 2367 5799 cum
2415 5756 2577 5815 carne
2615 5739 3037 5815 subStantialitcr
3077 5739 3428 5815 conjunctiuﬂ

1830 5827 2047 5892 negant,
2072 5824 2164 5872 aut
2190 5829 2312 5872 cum
2343 5828 2407 5871 ea
2429 5811 2784 5870 confundunt.
