3988 6332
594 342 696 402 591

1739 359 1744 366 ·
1792 339 2041 397 SANCTI
2079 340 2334 398 l‘lILARII
2376 342 2681 401 EPlSCOPl
3727 353 3800 409 5.93

595 458 924 515 contrahunt.
956 457 1268 526 Qumtioncs
1289 456 1445 512 varia:
1473 457 1540 512 de
1563 455 1756 513 Christi
1789 469 1967 513 morte.
1991 488 2062 499 ——
2082 457 2192 514 Vos
2220 465 2266 522 Α
2297 475 2476 514 sermo
2507 470 2606 524 est,
2640 473 2700 513 se
2720 456 3041 513 derelictum
3069 459 3472 530 conquerentis,
3497 469 3544 517 et
3563 478 3611 519 se
3635 480 3801 536 regnare

596 570 738 610 nttuc
779 553 864 608 vel
909 554 1271 622 tripertientes
1297 549 1572 606 Christum
1625 552 1678 606 in
1719 551 1952 606 Verbum
1983 561 2037 606 et
2077 551 2196 606 ani-

597 663 737 702 mum
778 657 833 702 et
879 661 1096 715 corpus,
1143 646 1226 701 vel
1262 653 1427 702 totum
1459 645 1729 701 Christum
1763 647 1928 701 Deum
1955 645 2192 702 Verbum

595 741 650 796 in
676 740 849 796 solum
882 740 1184 795 communis
1233 739 1447 810 generis
1477 739 1748 795 hominem
1789 741 2193 806 contrahentes,

596 834 701 889 huc
746 832 902 887 nobis
955 847 1161 904 magna:
1205 831 1418 901 pietatis
1469 841 1862 887 sacramentum
1889 876 1904 899 ,
1950 831 2092 903 quod
2141 830 2194 886 in

595 942 759 983 carne
789 925 868 999 (a)
896 926 1294 981 manifestatum
1325 933 1430 992 est,
1457 926 1690 982 revelate
1718 925 1757 999 (l
1787 925 1922 980 Tim.
1957 941 2036 991 Ill,
2069 923 2194 994 16):

596 1036 754 1091 quem
779 1018 1065 1074 tradiderit
1094 1020 1341 1089 Spiritum
1374 1018 1644 1084 Christus,
1676 1029 1730 1074 et
1759 1021 1879 1090 quis
1920 1019 1975 1074 in
2008 1032 2200 1074 manus

597 1113 772 1169 Patris
797 1111 1264 1168 comtnendaverit
1297 1127 1452 1167 suum
1482 1113 1753 1180 spiritum,
1787 1121 1840 1168 et
1870 1113 1990 1182 quis
2013 1113 2064 1166 in
2100 1125 2196 1180 pa-

597 1205 777 1262 radiso
807 1204 895 1260 die
923 1203 1112 1260 eadem
1146 1203 1326 1269 fuerit,
1355 1205 1555 1274 etquis
1581 1204 1879 1274 derelinqui
1923 1219 1984 1259 se
2030 1219 2058 1256 a
2088 1203 2201 1258 Deo

599 1310 822 1373 questus
837 1299 925 1354 sit.
950 1298 1082 1355 Nam
1112 1298 1332 1368 querela
1359 1297 1605 1353 derelicti
1658 1297 1939 1352 morientis
1971 1293 2205 1350 inﬁrmi-

603 1407 683 1450 tas
712 1403 832 1450 est:
870 1394 1156 1465 promissio
1183 1401 1360 1447 autem
1394 1390 1648 1462 paradisi,
1681 1391 1914 1446 viventis
1941 1389 2038 1445 Dei
2081 1404 2204 1460 reg-

605 1507 736 1546 num
761 1500 863 1545 est.
887 1487 1301 1545 Commendatio
1330 1487 1581 1557 spiritus,
1606 1485 2038 1544 commendantis
2074 1500 2206 1541 con-

604 1583 824 1640 ﬁdentia
845 1592 930 1640 est
956 1603 970 1639 :
1001 1583 1218 1638 traditio
1244 1583 1489 1653 spiritus,
1517 1580 1800 1637 morientis
1829 1580 2073 1637 excessio
2098 1589 2204 1635 est.

605 1677 801 1747 Quaero
832 1678 1030 1748 itaque,
1061 1677 1181 1746 quis
1205 1676 1468 1730 moritur?
1505 1675 1707 1745 Nempe
1735 1677 1824 1745 qui
1855 1675 2014 1729 tradit
2039 1673 2204 1745 Spiri-

605 1779 741 1826 tum.
773 1769 980 1825 Deinde
1021 1768 1142 1840 quis
1173 1767 1337 1824 tradit
1368 1769 1655 1838 Spiritum?
1687 1758 1886 1837 Utique
1933 1766 2023 1837 qtti
2059 1765 2203 1820 Patri

2299 552 2598 622 proﬁtentis
2630 568 2642 606 :
2677 567 2778 621 qua
2828 550 2990 606 ﬁdem
3021 563 3259 607 nostram
3307 552 3615 609 inﬁdelitatis
3649 558 3802 616 ratione

2296 642 2604 710 dividimus,
2641 650 2698 697 ut
2739 659 2843 698 non
2876 642 3016 698 idem
3052 643 3102 698 in
3149 653 3393 714 tempore
3422 645 3593 702 eodem
3616 648 3671 702 sit
3694 665 3800 706 mor-

2300 746 2441 803 tuus,
2475 737 2563 807 qui
2587 744 2642 791 et
2663 745 2881 804 regnet;
2941 752 3062 791 eum
3103 736 3245 791 idem
3287 738 3402 808 ipse
3429 737 3492 794 de
3516 753 3568 795 se
3594 751 3807 813 utrumque

2301 840 2527 886 teStatus
2552 833 2642 897 sit,
2674 840 2729 887 et
2765 831 3156 888 commendans
3183 832 3448 903 spirituum,
3476 844 3522 888 et
3562 836 3809 906 exspirans?

2299 925 2454 992 Quod
2486 926 2528 980 si
2559 925 2700 981 idem
2730 925 3117 981 commendans
3156 926 3402 996 spiritum
3452 936 3596 997 atque
3636 928 3808 995 tradens,

2298 1028 2354 1074 et
2420 1035 2649 1090 regnans
2721 1020 2947 1074 moritur
3025 1031 3076 1075 et
3153 1032 3395 1074 mortuus
3476 1033 3678 1092 regnat;
3747 1022 3812 1078 lu-

2302 1115 2493 1170 bemus
2542 1114 2594 1168 in
2647 1124 2990 1171 sacramento
3041 1113 3134 1169 ﬁlii
3188 1113 3419 1169 hominis
3457 1125 3508 1170 et
3546 1114 3628 1168 lilii
3655 1115 3814 1181 Dei,cl

2303 1208 2439 1263 meri
2471 1216 2804 1278 regnantem,
2834 1215 2888 1262 et
2914 1222 3140 1278 regnare
3172 1208 3512 1262 morientem.

2377 1299 2466 1354 65.
2513 1299 2782 1372 Epilogus.
2815 1329 2884 1339 --
2911 1299 3151 1355 Absistat
3191 1299 3374 1368 itaque
3407 1298 3816 1371 omnisirretigiosa

2303 1402 2358 1449 et
2387 1393 2551 1448 divini
2584 1393 2906 1448 sacramenti
2937 1393 3166 1463 incaan
3199 1392 3489 1448 inﬁdelitas
3514 1391 3713 1465 (Confer.
3737 1397 3820 1448 Am-

2303 1485 2467 1554 bros.,
2496 1485 2587 1540 lib.
2623 1501 2679 1550 χ,
2726 1486 2779 1538 in
2824 1483 2981 1551 Luc.,
3013 1503 3068 1539 η.
3103 1483 3195 1554 56)
3232 1503 3246 1540 :
3279 1501 3399 1555 qua:
3431 1485 3593 1540 nescit
3616 1483 3819 1540 Christum

2307 1595 2416 1634 non
2446 1579 2547 1634 sibi
2577 1579 2730 1645 ﬂere,
2760 1579 2856 1634 sed
2889 1579 3067 1646 nobis,
3112 1585 3172 1632 ut
3206 1580 3468 1649 assumpti
3501 1578 3700 1634 hominis
3723 1577 3822 1634 reri-

2307 1682 2472 1729 tatem
2507 1674 2621 1742 ipse
2661 1689 2875 1744 quoque
2923 1672 3151 1730 allectus
3203 1671 3454 1728 humanae
3501 1674 3822 1729 consuetudinis

2307 1775 2591 1837 susceptus
2636 1776 3206 1838 protestaretur:qu:c
3244 1767 3460 1838 ignorat
3501 1766 3734 1824 Christum
3754 1782 3824 1823 non

603 1861 1274 1932 commendavitspiritum
1299 1862 1556 1917 suum.Et
1586 1863 1629 1916 si
1650 1861 1788 1916 idem
1819 1859 1912 1931 qui
1933 1874 2207 1915 commen-
2236 1857 2283 1918 Β
2311 1863 2411 1918 sibi
2447 1864 2607 1927 muri,
2646 1861 2740 1917 Sed
2789 1864 2910 1918 vita:
2937 1852 3177 1928 nostra),
3221 1871 3281 1917 ut
3326 1878 3424 1933 per
3466 1862 3741 1918 immortalis
3766 1861 3826 1917 Dei

607 1961 774 2027 davit,
806 1959 946 2014 idem
986 1957 1203 2014 tradens
1233 1956 1480 2027 Spiritum
1510 1968 1756 2011 mortuus
1778 1965 1898 2011 est:
1933 1955 2206 2023 interrogo

610 2067 790 2113 utrum
820 2070 1016 2124 corpus
1048 2054 1282 2108 animam
1311 2050 1678 2115 commendet,
1712 2048 1786 2121 (ὁ)
1818 2065 1884 2104 an
1913 2048 2054 2104 Deus
2081 2063 2206 2103 cor-

609 2149 759 2224 poris
807 2146 1076 2205 animam?
1121 2145 1252 2202 Nam
1303 2145 1492 2217 spiritu
1547 2143 1859 2216 frequenter
1914 2140 2207 2214 signiﬁcari

609 2243 842 2298 animam
876 2256 981 2297 non
1009 2238 1316 2311 ambiguum
1333 2249 1418 2293 est
1448 2256 1460 2291 :
1493 2236 1646 2294 etvel
1670 2253 1732 2292 ex
1768 2237 1870 2292 hoc
1897 2235 2037 2306 ipso,
2062 2234 2206 2306 quod

529 2407 534 2410 _
609 2337 766 2395 Iesus
788 2338 1080 2393 moriturus
1105 2332 1324 2390 tradidit
1348 2332 1617 2404 spiritum.
1646 2331 1702 2386 Si
1731 2329 1890 2402 igitur
1915 2331 2203 2401 quisquam

609 2431 1024 2492 existimandum
1042 2427 1268 2502 putabit,
1285 2425 1650 2482 commendari
1667 2427 1900 2479 animam
1915 2439 1942 2476 a
1956 2437 2206 2492 corpore,

609 2545 640 2584 a
658 2525 1002 2584 dissulvendo
1018 2525 1311 2585 viventem,
1331 2517 1491 2591 365
1509 2517 1577 2591 (ε)
1596 2534 1623 2571 a
1642 2515 2038 2588 corrumpendo
2050 2525 2209 2571 mter—

610 2637 757 2687 nam,
785 2635 813 2674 a
868 2614 1241 2674 resuscitando
1293 2622 1633 2677 manentem;
1679 2621 1732 2667 et
1785 2628 1888 2668 nou
1919 2608 2208 2679 ambigitur

607 2715 738 2788 quin
767 2711 908 2768 idem
935 2707 1398 2768 commendaverit
1427 2705 1673 2775 Spiritum
1715 2705 1891 2771 Patri,
1923 2704 2012 2775 qui
2041 2714 2096 2758 et
2121 2703 2209 2758 die

610 2807 799 2864 eadem
845 2806 898 2858 in
929 2799 1180 2873 paradiso
1211 2798 1374 2854 fuerit
1396 2814 1516 2854 cum
1566 2798 1776 2852 latrone
1807 2814 1820 2850 :
1849 2808 1904 2852 et
1927 2810 2114 2866 quaero
2139 2811 2207 2849 an

613 2899 864 2970 sepulcro
891 2908 1163 2966 receptus,
1197 2894 1249 2948 in
1281 2891 1532 2963 paradiso
1561 2887 1853 2955 manserit;
1901 2904 1967 2943 an
2001 2903 2127 2944 vero
2156 2887 2208 2942 in

614 2991 864 3066 paradiso
892 3003 1139 3054 manens,
1163 2985 1477 3042 derelictqu
1507 2998 1566 3038 se
1597 2999 1626 3038 a
1653 2983 1764 3038 Deo
1791 2991 2015 3053 questus
2043 2980 2133 3036 sit.

682 3087 772 3142 ϐξ.
816 3084 1045 3142 Salutio.
1067 3112 1138 3124 —
1167 3081 1316 3138 Unus
1338 3077 1418 3151 (ιι)
1449 3079 1590 3133 enim
1623 3084 1783 3148 atque
1810 3075 1954 3133 idem
1988 3083 2071 3131 est
2107 3075 2212 3131 Do-

613 3180 794 3237 minus
821 3178 980 3235 Jesus
1009 3177 1287 3241 Christus,
1314 3173 1555 3228 Verbum
1594 3187 1722 3227 caro
1765 3171 1986 3239 factum,
2031 3185 2091 3226 se
2129 3170 2212 3241 ip-

2310 1963 2563 2019 mortem,
2598 1954 2906 2009 mortalium
2947 1955 3050 2009 vita
3103 1965 3394 2010 renovetur
3427 1974 3440 2010 :
3471 1973 3581 2026 que
3609 1972 3698 2011 non
3723 1953 3827 2009 intel-

2311 2049 2428 2120 ligit
2455 2052 2730 2120 querelam
2759 2049 3023 2118 derelicti,
3070 2059 3123 2106 et
3167 2051 3447 2120 regnantis
3493 2049 3824 2116 conﬁdentiam;

2311 2152 2368 2198 ut
2415 2144 2556 2214 quod
2618 2144 2756 2198 Deus
2796 2154 3001 2214 regnat.
3053 2155 3107 2200 et
3160 2145 3308 2216 quod
3362 2159 3424 2200 se
3472 2146 3597 2199 mori
3636 2144 3826 2214 queritur,

2311 2234 2381 2290 sit
2409 2234 2485 2307 (l)
2519 2237 2571 2289 in
2597 2234 2673 2307 (Ι)
2709 2236 3060 2304 intelligentia
3093 2242 3278 2290 nostra
3304 2279 3318 2302 ,
3351 2245 3407 2292 et
3447 2235 3598 2291 homo
3639 2243 3827 2300 mortuis,

2309 2339 2364 2386 et
2390 2330 2527 2384 Deus
2558 2345 2809 2400 regnans.
2856 2329 2972 2384 Non
3022 2330 3165 2385 enim
3208 2330 3348 2386 alius
3375 2338 3464 2386 est
3493 2328 3702 2386 moriens
3722 2340 3830 2385 etre-

2309 2437 2520 2494 gnans,
2571 2438 2746 2492 neque
2801 2423 2940 2478 alius
2987 2434 3069 2478 est
3119 2425 3510 2481 commendans
3562 2423 3763 2496 spiritum
3795 2431 3830 2477 et

2313 2519 2619 2587 exspirans,
2650 2533 2826 2590 neque
2853 2519 2989 2573 alius
3016 2528 3099 2574 est
3126 2519 3369 2591 sepultus
3398 2531 3455 2576 et
3483 2533 3749 2590 resurgens,
3772 2531 3833 2572 ue-

2311 2627 2415 2682 que
2449 2628 2552 2667 non
2582 2629 2718 2666 unus
2749 2620 2832 2666 est
2858 2611 3196 2668 descendens
3224 2622 3279 2668 et
3305 2612 3650 2669 adscendens.

2383 2705 2616 2778 36664
2626 2705 2876 2762 .Cltristus
2890 2708 3154 2762 indiuisus.
3166 2707 3280 2762 Hoc
3293 2709 3429 2779 fugit
3443 2710 3609 2764 δαναιιὶ
3618 2707 3834 2781 prudentes.

2311 2801 2523 2855 -—Audi
2546 2801 2596 2855 in
2619 2801 2718 2856 hoc
2740 2802 3047 2872 apostolum
3065 2803 3325 2860 doctrinae
3344 2805 3602 2861 eruditam
3618 2819 3702 2859 non
3715 2803 3835 2858 carnis

2313 2909 2496 2961 sensu,
2515 2895 2608 2950 sed
2626 2895 2770 2951 dono
2785 2895 3222 2966 Spiritus-ﬁdem,
3241 2912 3361 2953 cum
3377 2899 3578 2956 Gruters
3594 2897 3833 2969 Sapientiam

2313 2999 2362 3042 et
2381 2987 2581 3042 Judtcis
2596 2988 2744 3058 signa
2761 2988 3106 3058 poscentibus
3121 2990 3386 3060 loquitur:
3419 2989 3525 3044 Nos
3545 2999 3692 3044 autem
3705 2986 3836 3060 pradi-

2313 3097 2487 3135 camus
2501 3078 2761 3134 Christum
2781 3079 2813 3134 J
2819 3097 2958 3134 esum
2981 3084 3119 3135 cruci
3123 3083 3282 3151 ﬁxum
3294 3125 3307 3148 ,
3320 3082 3524 3137 Judwis
3541 3083 3717 3154 quidem
3734 3095 3836 3132 scan-

2315 3175 2508 3236 dalum,
2528 3175 2760 3248 gentibus
2783 3184 2950 3228 autem
2963 3176 3230 3230 stultitiam
3249 3194 3268 3243 ;
3289 3177 3414 3248 ipsis
3429 3188 3592 3232 autem
3609 3170 3838 3230 vocatisltt-

615 3289 733 3331 sum
764 3287 862 3344 per
892 3270 1010 3326 haec
1033 3273 1284 3325 universa
1311 3266 1619 3336 signiﬁcans
1645 3283 1657 3318 :
1690 3265 1780 3336 qui
1804 3263 1931 3319 dum
1961 3264 2027 3319 ad
2057 3278 2206 3319 mor-
2237 3263 2283 3328 C
2317 3269 2440 3323 (Ιωὶε
2466 3278 2617 3339 atque
2643 3267 2838 3323 Grazcis
2876 3268 3132 3323 Christum
3159 3267 3340 3324 Iesum
3368 3269 3466 3325 Dei
3491 3272 3700 3324 virtutem
3721 3275 3755 3320 et
3776 3261 3839 3318 Dei

614 3373 724 3422 tem
768 3364 1064 3433 derelinqui
1115 3377 1174 3417 se
1222 3360 1506 3431 signiﬁcat,
1539 3359 1701 3414 homo
1748 3367 1868 3424 est;
1909 3357 2036 3412 dum
2079 3373 2211 3414 vero

616 3458 780 3513 homo
810 3466 914 3521 est,
947 3456 1000 3509 in
1030 3453 1278 3524 paradiso
1307 3453 1446 3508 Deus
1472 3460 1681 3522 regnet,
1715 3465 1949 3522 regnans
1979 3467 2139 3520 porro
2162 3453 2212 3507 in

621 3550 891 3622 paradiso,
926 3547 1072 3604 Patri
1097 3545 1441 3602 commendet
1471 3545 1716 3615 spiritum
1750 3544 1842 3599 Dei
1870 3543 2043 3611 ﬁlius;
2070 3559 2217 3599 com-

621 3646 932 3704 mendatum
960 3658 1091 3701 vero
1117 3641 1262 3698 Patri
1295 3641 1562 3713 spiritum,
1594 3640 1831 3696 hominis
1873 3641 2016 3696 ﬁlius
2045 3641 2221 3696 tradat

617 3741 684 3798 ad
708 3750 957 3797 mortem.
985 3737 1123 3807 Quid
1155 3749 1298 3791 nunc
1323 3734 1392 3790 de
1416 3744 1757 3789 sacramento
1784 3734 2006 3789 facimus
2027 3743 2218 3789 contu-

621 3834 879 3892 meliam?
909 3831 982 3904 (ε)
1012 3830 1188 3886 Habes
1211 3829 1262 3883 in
1293 3837 1664 3899 conquerente
1699 3825 1766 3881 ad
1799 3838 2029 3883 mortem
2060 3828 2218 3883 relic-

622 3941 732 3988 tum
755 3947 814 3986 se
843 3942 986 3995 esse,
1009 3924 1311 3997 quiahomo
1327 3933 1411 3980 est
1439 3941 1450 3978 :
1478 3923 1644 3978 habes
1671 3937 1816 3988 eum,
1850 3922 1940 3994 qui
1965 3923 2214 3990 moritur,

620 4026 962 4099 proﬁtentem
992 4037 1053 4077 se
1079 4021 1130 4076 in
1172 4017 1421 4090 paradiso
1461 4032 1711 4088 regnare,
1760 4017 1884 4089 quia
1931 4016 2072 4072 Deus
2108 4023 2212 4072 est.

620 4119 731 4176 Cur
753 4119 854 4173 hoc
883 4114 1026 4188 quod
1057 4113 1212 4169 nobis
1240 4112 1306 4166 ad
1335 4110 1747 4181 intelligentiam
1781 4111 1970 4166 mortis
1999 4125 2109 4166 sum
2136 4109 2219 4164 lo-

621 4220 779 4268 cutus
809 4216 911 4275 est,
943 4207 1116 4263 solum
1166 4203 1234 4259 ad
1281 4203 1610 4272 impietatem
1661 4203 1998 4269 retinemus;
2040 4210 2096 4258 et
2140 4201 2212 4268 id,

624 4302 768 4375 quod
799 4303 939 4358 idem
971 4300 1035 4356 ad
1061 4297 1581 4354 demonstrationem
1631 4295 2052 4350 immortalitatis
2107 4310 2219 4351 sua:

625 4409 705 4455 est
736 4396 1031 4469 professus,
1072 4393 1346 4449 tacemus?
1399 4391 1456 4448 Si
1497 4390 1739 4462 ejusdem
1771 4406 1875 4447 vox
1903 4390 2016 4446 btec
2059 4401 2221 4463 atque

699 4538 780 4612 (l)
809 4538 972 4594 Abest
999 4535 1052 4589 in
1082 4548 1113 4589 a
1137 4547 1240 4588 ms.
1275 4538 1482 4587 nostro.

2317 3362 2621 3433 sapientiam
2649 3361 2692 3432 (l
2721 3362 2866 3430 Con,
2897 3379 2936 3429 ι,
2975 3363 3048 3418 ’25
3087 3374 3131 3418 et
3165 3363 3282 3435 24).
3316 3362 3584 3435 Numquid
3610 3362 3840 3417 divisusest

2320 3458 2586 3524 Christus,
2619 3469 2676 3513 ut
2698 3458 2834 3514 alius
2863 3461 2929 3514 sit
2958 3459 3114 3515 Jcsus
3159 3459 3476 3528 cruciﬁxus,
3507 3459 3637 3515 alius
3662 3453 3842 3511 Christus

2319 3553 2489 3609 virtus
2517 3562 2572 3608 et
2600 3555 2863 3624 sapientia
2908 3554 3039 3609 Dei?
3079 3553 3185 3610 Sed
3233 3555 3334 3610 hnc
3374 3564 3433 3610 et
3479 3552 3752 3610 scandalum
3781 3546 3842 3602 lu-

2321 3645 2478 3712 da-is,
2507 3657 2558 3702 et
2589 3646 2810 3702 stultitia
2851 3647 3100 3718 gentibus
3144 3655 3228 3703 est
3262 3666 3274 3702 :
3311 3647 3471 3704 nobis
3526 3661 3645 3703 vero
3666 3641 3844 3698 Christus

2315 3741 2475 3798 Jesus
2508 3740 2599 3795 Dei
2629 3741 2822 3806 virtus,
2852 3741 3051 3812 Deique
3080 3741 3373 3808 sapientia;
3403 3741 3500 3798 sed
3522 3737 3750 3809 sapientia
3772 3745 3842 3786 non

2321 3833 2522 3888 mundo
2555 3833 2788 3904 Cognita,
2837 3849 2937 3890 nec
2986 3835 3254 3889 intellecta
3315 3833 3660 3903 prudentibus
3698 3823 3844 3884 seculi.

2323 3929 2386 3984 Et
2413 3944 2572 4000 quam
2614 3945 2720 3984 non
2770 3930 3038 3985 intellecta
3063 3930 3151 3997 sit,
3196 3929 3347 3985 disce
3374 3929 3569 3985 eodem
3597 3927 3730 3982 beato
3750 3923 3847 3990 Apo-

2319 4023 2462 4078 stolo
2491 4021 2709 4078 dicente
2741 4039 2753 4075 :
2789 4023 2893 4078 Sed
2921 4023 3177 4093 loquimur
3210 4019 3304 4076 Dei
3342 4023 3663 4094 sapientiam,
3702 4031 3788 4086 qua
3813 4011 3847 4063 in

2320 4127 2640 4172 sacramento
2662 4118 2910 4172 absconsa
2932 4127 3025 4183 est,
3053 4133 3206 4188 quam
3227 4116 3502 4185 prmﬁniuit
3533 4113 3658 4168 Deus
3679 4119 3768 4164 ante
3786 4118 3848 4157 εω-

2321 4211 2440 4264 cula
2466 4211 2518 4263 in
2547 4211 2767 4280 gloriam
2794 4221 3022 4264 nostram
3049 4251 3063 4275 ,
3101 4226 3253 4280 quam
3281 4207 3362 4281 (ῃ)
3393 4224 3543 4262 nemo
3578 4221 3636 4261 ea:
3661 4193 3848 4277 principi-

2323 4303 2416 4356 bus
2447 4303 2600 4370 hujus
2631 4304 2803 4358 διεωιὶ
2832 4303 3064 4373 cognovit
3094 4317 3112 4355 :
3134 4302 3178 4356 si
3211 4302 3347 4355 enim
3373 4299 3724 4375 cognouissent,
3750 4303 3850 4344 ηειδε-

2323 4412 2476 4466 quam
2507 4395 2786 4452 Dominum
2807 4397 2986 4468 gloria
3011 4395 3382 4466 cruci/ixissent
3415 4394 3459 4467 (1
3481 4391 3620 4462 Cor.,
3642 4408 3692 4456 u,
3711 4390 3736 4444 7
3754 4378 3850 4452 etii).

699 4659 777 4728 (a)
803 4653 952 4728 Lips.
975 4662 1032 4728 et
1048 4649 1171 4728 Par.
1204 4663 1326 4704 cum
1358 4653 1568 4701 vetusto
1594 4643 1780 4728 codice
1800 4643 1954 4701 Colb.
1985 4644 2224 4728 utar-tiles:
2251 4643 2305 4704 D
2333 4650 2514 4728 nasi-us
2544 4648 2637 4728 lib.
2667 4649 2735 4728 de
2763 4650 2973 4728 incarn.
3005 4649 3225 4728 Christi,
3259 4652 3552 4728 pag.‘650,
3583 4646 3850 4728 traditionem

630 4718 735 4786 tum
761 4718 977 4784 estfllic
1004 4723 1164 4780 iidem
1189 4728 1513 4789 arguuntur,
1556 4718 1646 4787 qui
1694 4731 1854 4786 supra
1899 4733 2044 4789 num.
2071 4718 2140 4774 49
2168 4726 2224 4773 et

629 4801 1026 4858 convincuntur
1058 4812 1163 4851 non
1196 4787 1358 4862 posse
1389 4792 1439 4844 in
1470 4805 1565 4844 sua
1601 4793 1871 4849 sententia
1903 4787 2176 4860 explicare
2203 4830 2218 4858 ,

631 4872 848 4946 quafde
874 4867 1091 4946 Christo
1118 4864 1315 4946 scripta
1342 4871 1488 4918 sunt.

705 4945 781 5019 (ὁ)
808 4941 958 5019 Apud
983 4939 1112 5019 B_ad.
1143 4937 1307 5019 etEr.
1337 4953 1403 4990 an
1431 4950 1618 5019 corpus
1636 4934 1861 5017 animum
1889 4949 1908 4988 :
1937 4934 2111 5001 inepta
2138 4949 2222 4988 re-

631 5006 1098 5090 pet‘it'io.'l.ipsius
1125 5008 1318 5090 deinde
1347 5024 1412 5063 ex
1446 5006 1652 5090 lirasmi
1683 5007 1926 5090 margine
1955 5019 2224 5090 reponas

630 5076 700 5146 an
728 5087 868 5142 Deus
892 5083 1143 5156 corporis,
1166 5080 1348 5134 ontisit
1371 5079 1618 5156 animum,
1645 5093 1747 5156 nec
1781 5078 1923 5156 apud
1954 5076 2075 5156 Par.
2110 5093 2225 5131 res-

631 5164 845 5217 titutum
872 5148 1096 5214 estinc
1124 5148 1178 5207 et
1206 5167 1356 5206 num.
1391 5152 1460 5206 55
1494 5167 1598 5203 non
1637 5149 1952 5217 simpliciter
1974 5148 2220 5210 animant,

629 5234 725 5290 sed
762 5247 882 5287 cum
914 5227 1167 5298 adjuncto
1193 5223 1423 5296 corporis
1444 5223 1594 5292 punit
1620 5220 2010 5298 llilarius,_quo
2037 5218 2228 5298 absur-

630 5307 753 5360 dam
773 5311 960 5360 caveat
980 5291 1665 5372 iipiriionem,quaurnotat
1686 5308 1836 5372 num.
1858 5291 1949 5354 57,
1969 5306 2035 5372 ne
2059 5291 2218 5372 videl.

631 5376 795 5434 Verbi
824 5363 1289 5440 anima'putetur.
1304 5365 1463 5440 _'l‘um
1497 5365 1549 5440 in
1580 5363 1808 5432 vulgatis
1839 5378 1908 5440 ac
1939 5363 2226 5440 plerisque

633 5465 763 5503 mss.
818 5445 953 5499 Nam
979 5434 1243 5514 spiritum:
1272 5434 1640 5514 Magisplacet
1666 5449 1801 5514 cum
1829 5434 1991 5514 Cori).
2024 5442 2080 5514 et
2121 5434 2225 5488 ne-

630 5521 759 5588 mig.
796 5515 935 5588 Nam
970 5504 1178 5588 spiritu.
1205 5510 1340 5588 Cum
1369 5504 1858 5588 :spiritut‘nOChristi
1887 5504 2224 5558 divinitatem

630 5576 772 5645 illius
798 5587 971 5644 soleat
997 5576 1232 5641 Hilarius
1255 5579 1578 5647 intelligere,
1611 5577 1654 5629 si
1685 5576 1911 5630 Verbum
1933 5591 1962 5629 a
1994 5590 2223 5647 corpore

630 5669 845 5718 mortuo
869 5666 1174 5728 separatum
1201 5646 1481 5728 sensisset,
1505 5647 1848 5728 traditionem
1888 5646 2223 5728 Spiritusﬂl‘a:

628 5735 731 5790 cile
759 5718 1145 5802 interpretatus
1169 5733 1317 5802 esset
1351 5719 1649 5802 divinitatis
1677 5719 2082 5802 discessionem:
2108 5718 2220 5802 Sed

627 5789 1090 5874 opinionis'bujus
1115 5795 1408 5874 suspicioni
1458 5794 1656 5874 locum~
1673 5792 1874 5874 nullum
1903 5789 2222 5874 permittunt

623 5861 734 5952 ja‘m
765 5875 928 5942 dicta,
960 5861 1023 5930 ac
1049 5861 1294 5945 proxime
1317 5864 1564 5924 dicenda.
1616 5861 1821 5920 Eodem
1860 5861 2021 5920 modo
2051 5862 2222 5920 Atha-

2325 4724 2544 4794 spiritus
2561 4723 2628 4778 de
2643 4724 2838 4778 animae
2859 4722 3191 4779 discessione
3209 4718 3433 4792 exponit
3463 4743 3477 4778 :
3505 4739 3564 4777 ac
3586 4718 3754 4794 deinde
3768 4728 3853 4768 sen-

2328 4792 2550 4852 tentiam
2577 4832 2595 4861 ,
2635 4809 2793 4864 quam
2828 4794 3031 4866 Hilario
3071 4797 3289 4866 quidam
3324 4811 3431 4850 non
3481 4796 3609 4851 satis
3637 4792 3856 4866 pruriente!

2326 4859 2612 4935 efﬁngunt,
2641 4859 2886 4934 explodit
2913 4884 2925 4919 :
2955 4859 3168 4921 adeant
3195 4859 3737 4937 exspirationemrienra
3756 4859 3856 4937 dini

2326 4941 2392 4993 rit
2411 4938 2611 4992 deitatis
2636 4938 3010 5008 traductionem
3034 4935 3616 5008 transmigrationemve,
3637 4935 3855 5008 sedatum

2328 5012 2604 5082 discessum
2633 5024 2759 5063 esse.
2795 5007 2935 5063 Nam
2958 5011 3002 5062 si
3028 5020 3138 5080 post
3160 5006 3546 5082 emigrationem
3569 5006 3746 5082 diritatis
3765 5009 3856 5082 mors

2331 5081 2710 5153 supervenit,...
2767 5078 3036 5148 propriam
3073 5078 3315 5136 nimirum
3345 5093 3562 5137 mortem
3595 5078 3754 5140 obivit,
3789 5079 3858 5122 ηοω

2332 5165 2504 5208 nostra
2533 5155 2832 5224 perfunctus
2854 5161 2949 5207 est.

2405 5247 2478 5314 (ε)
2519 5245 2984 5315 Corrumpendnm
3014 5254 3071 5300 ut
3100 5255 3152 5300 et
3177 5245 3581 5302 dissolvendum
3608 5241 3748 5302 dicit.
3772 5232 3857 5304 αηῖθ

2335 5333 2456 5372 mox
2485 5319 2591 5371 vita
2623 5318 2940 5372 cariturum.
2973 5317 3142 5373 Porro
3184 5330 3428 5374 sanctum
3458 5315 3662 5374 Domini
3691 5320 3858 5376 eorrup-

2333 5389 2532 5445 tioaem
2562 5404 2668 5444 non
2697 5391 2933 5444 visurum
2976 5404 3098 5445 esse
3129 5390 3359 5445 adstruit
3387 5404 3550 5462 supra
3576 5407 3625 5443 ιι.
3659 5386 3731 5441 l2.

2428 5483 2483 5552 d)
2511 5483 2635 5538 Par.
2666 5499 2788 5538 cum
2818 5485 3038 5552 antiquo
3062 5482 3247 5538 codice
3273 5483 3423 5537 Colb.
3453 5499 3608 5537 unum
3629 5479 3759 5552 enim.
3922 5479 3923 5548 ξ

2428 5483 2483 5552 d)
2511 5483 2635 5538 Par.
2666 5499 2788 5538 cum
2818 5485 3038 5552 antiquo
3062 5483 3247 5538 codice
3273 5483 3423 5537 Colb.
3453 5499 3608 5537 unum
3629 5483 3759 5536 enim.
3922 5483 3923 5548 ξ

2406 5483 2476 5627 ie)
2510 5554 2583 5608 lla
2619 5555 2798 5626 plures
2829 5570 2961 5611 mss.
2995 5553 3253 5610 Nonnulli
3279 5570 3398 5612 cum
3418 5555 3601 5622 editis,
3624 5549 3754 5606 liabet
3777 5556 3862 5597 cate
3922 5577 3923 5627 ἡ

2332 5637 2641 5697 querentem.

2403 5718 2483 5792 (1⁸)
2525 5719 2789 5792 Particula
2815 5720 2871 5792 in
2894 5734 2960 5775 ex
2987 5734 3122 5775 mss.
3155 5719 3260 5775 huc
3288 5729 3595 5776 revocatur.

2519 5790 2742 5846 Carnut.
2775 5790 2967 5858 codex,
3001 5808 3149 5845 nemo
3193 5793 3483 5863 principum
3515 5810 3529 5845 ;
3561 5797 3614 5846 et,
3647 5799 3754 5842 mox
3791 5775 3865 5831 Do-
3922 5823 3923 5826 η

2327 5862 2524 5918 minam
2552 5863 2855 5934 maiestatis,
2887 5880 2988 5920 non
3011 5862 3213 5935 gloriae.
3922 5863 3923 5872 “
