3988 6332
183 286 299 345 395

182 513 466 558 Cramento
491 520 611 563 esse
638 509 977 582 absconsum,
1004 526 1057 571 et
1084 534 1207 574 esse
1238 523 1571 594 principibus
1601 532 1784 586 szccnli

182 591 582 664 ignorabilem?
610 602 763 659 Anne
786 603 974 662 dividit
994 609 1287 677 Christum,
1324 627 1379 670 ut
1410 591 1549 673 in...
1583 621 1652 676 sit
1682 622 1788 679 Do-

182 682 369 741 minus
392 688 715 757 majestatis,
738 693 878 750 alius
904 695 1061 754 Jesus
1082 704 1423 762 cruciﬁxus?
1454 708 1558 765 Sed
1580 715 1787 771 stultis-

180 773 342 831 sima:
379 777 505 836 huic
556 792 719 854 atque
763 787 1095 859 impiissimze
1145 796 1389 866 Opinioni
1441 806 1782 875 contradicit,

180 864 376 925 dicens
418 888 432 927 :
489 870 610 929 Non
650 878 784 931 enim
827 881 1062 951 judicari
1108 904 1186 943 me
1233 891 1513 963 quidquam
1559 899 1689 954 scire
1731 900 1787 955 in

182 960 327 1016 vobis
347 1005 359 1028 ,
378 963 479 1019 nisi
495 963 974 1042 ChristumJesum,
992 988 1037 1031 et
1062 978 1199 1035 hunc
1228 985 1530 1055 cruciﬁxum
1559 989 1669 1059 (Ib.
1703 992 1782 1065 2).

258 1056 350 1111 65.
392 1055 583 1114 Contra
605 1059 795 1118 Christi
825 1068 1105 1138 divisores;
1133 1090 1249 1145 qua:
1273 1076 1324 1130 in
1351 1094 1408 1133 eo
1433 1081 1669 1136 videnlur
1693 1101 1787 1155 0p-

178 1152 355 1222 posita
383 1155 741 1215 conciliantur.
777 1192 848 1202 --
877 1164 1036 1220 Aliud
1068 1169 1360 1239 Apostolus
1391 1178 1582 1242 nescit,
1611 1195 1786 1253 neque

178 1245 329 1299 aliud
377 1248 515 1305 scire
564 1267 622 1307 se
654 1252 859 1322 judicat
897 1275 908 1309 :
945 1275 1042 1315 nos
1082 1276 1258 1319 autem
1292 1281 1342 1322 ct
1378 1270 1606 1327 inﬁrmis
1639 1276 1786 1347 inge-

178 1336 280 1403 nii,
314 1348 371 1394 et
401 1339 712 1400 infirmioris
742 1346 887 1413 lidei,
922 1348 1195 1408 Christum
1242 1356 1426 1414 Jesum
1465 1364 1781 1434 scindimus,

177 1427 497 1495 dividimus,
527 1434 884 1506 duplicamus,
932 1444 1117 1501 arbitri
1162 1455 1543 1521 mysteriorum
1595 1469 1649 1514 et
1695 1476 1786 1518 oc-

175 1519 310 1574 culti
342 1527 667 1581 sacramenti
698 1529 1139 1592 calumniatores.
1174 1519 1327 1596 Alius
1348 1544 1491 1599 enim
1520 1547 1673 1603 nobis
1705 1560 1788 1606 est

173 1610 431 1671 Christus
456 1618 769 1687 cruciﬁxus,
801 1626 942 1689 alius
972 1627 1064 1684 Dei
1096 1632 1393 1703 sapientia;
1430 1638 1566 1695 alius
1605 1645 1786 1714 sepul-

173 1710 289 1773 tus,
343 1709 478 1766 alius
531 1711 901 1784 descendens;
958 1718 1031 1793 (a)
1065 1732 1118 1778 et
1157 1725 1293 1781 alius
1337 1728 1481 1785 lilius
1526 1732 1782 1804 hominis,

170 1799 317 1857 alius
366 1802 509 1860 [ilius
561 1806 674 1863 Dei.
725 1807 838 1863 Νυη
890 1813 1253 1885 iutelligentes
1293 1819 1570 1890 docemus,
1603 1799 1779 1884 etne;
1810 1846 1856 1907 Β

170 1896 414 1953 scientes
432 1901 724 1969 argnimns,
748 1915 802 1961 et
828 1906 969 1963 dicta
996 1909 1087 1965 Dei
1113 1911 1362 1972 homines
1390 1920 1778 1980 emendamus:

168 1998 228 2046 et
254 2007 365 2047 non
392 1993 677 2066 dignamur
721 2002 1018 2059 secundum
1054 2006 1375 2077 Apostolnm
1407 2011 1478 2066 iza
1512 2015 1736 2073 credere
1767 2035 1782 2072 :

173 2081 259 2156 (ὁ)
292 2083 421 2152 Quis
446 2087 797 2145 criminabitur
830 2094 1011 2150 electos
1044 2095 1178 2154 Dei?
1209 2099 1346 2157 Deus
1373 2115 1447 2159 est
1477 2108 1565 2176 qui
1588 2109 1781 2179 justi/i-

174 2186 258 2230 cat
283 2193 302 2230 :
324 2178 441 2247 quis
468 2190 540 2235 est
564 2182 651 2252 qui
679 2185 1024 2243 condemnat?
1046 2190 1278 2249 Christus
1308 2196 1397 2264 qui
1426 2208 1657 2255 mortuus
1687 2178 1781 2267 est,

180 2266 287 2324 imo
339 2272 488 2326 etiam
537 2277 624 2345 qui
650 2283 953 2345 resurrexit,
999 2286 1086 2353 qui
1125 2295 1196 2340 est
1226 2286 1280 2342 in
1306 2287 1519 2345 dextera
1548 2290 1665 2357 Dei,
1700 2296 1786 2365 qui

172 2371 226 2417 et
253 2366 481 2434 postulat
534 2385 630 2439 pro
675 2371 823 2428 nobis
875 2373 1054 2447 (Rom.
1104 2394 1219 2447 vni,
1274 2380 1346 2436 55
1372 2393 1419 2437 et
1455 2383 1573 2453 54).
1630 2385 1787 2443 Anne

168 2454 317 2511 alius
347 2473 445 2527 pro
476 2460 634 2518 nobis
661 2466 901 2535 posmlat
924 2508 939 2535 ,
969 2484 1131 2539 quam
1178 2472 1271 2544 qui
1325 2473 1378 2529 in
1428 2475 1650 2535 dextera
1690 2479 1787 2537 Dei

166 2548 296 2604 est?
354 2550 431 2623 (l)
481 2554 564 2609 vel
621 2556 711 2625 qui
754 2558 819 2642 _in
859 2559 1080 2618 dextera
1149 2564 1242 2620 Dei
1304 2576 1409 2635 est,
1486 2586 1592 2626 non
1670 2572 1788 2642 ipse

166 2648 258 2698 cst
297 2641 393 2712 qui
440 2640 776 2702 resurrexit?
825 2651 909 2707 vel
964 2653 1055 2723 qui
1104 2662 1421 2725 resurrexit,
1477 2676 1586 2718 non
1644 2663 1787 2721 idem

167 2738 426 2786 mortuus
476 2732 595 2788 est?
662 2736 742 2793 vel
810 2739 902 2810 qui
975 2752 1222 2799 mortuus
1285 2755 1390 2814 est,
1464 2765 1573 2805 non
1644 2751 1787 2812 idem

166 2817 543 2875 condemnat?
574 2824 655 2879 vel
683 2826 770 2894 qui
803 2828 1154 2899 condemnat,
1215 2850 1319 2892 non
1370 2837 1512 2896 idem
1563 2850 1649 2898 est
1696 2844 1788 2914 qui

161 2912 441 2986 justiticat
473 2915 653 2972 Deus?
680 2918 1008 2990 Separemus
1037 2941 1187 2997 ergo.
1220 2928 1265 2983 si
1308 2930 1456 2998 licet,
1510 2950 1539 2989 a
1586 2912 1782 3005 justiﬁ-

168 3009 338 3057 cante
388 3002 502 3060 Deo
546 3005 1006 3069 condemnantem
1052 3014 1214 3089 367
1253 3002 1611 3091 Christum,a
1659 3042 1790 3083 con-

169 3092 478 3151 demnante
531 3096 750 3155 Cliristo
798 3111 1072 3160 mortuum
1126 3108 1441 3182 Christum,
1494 3129 1523 3167 a
1569 3126 1786 3175 mortuo

168 3183 399 3244 Christo
421 3188 696 3247 Christum
741 3191 794 3249 in
836 3192 1045 3253 dextris
1074 3199 1377 3271 sedentem,
1425 3218 1784 3281 orantemque
1811 3231 1857 3295 ε

168 3289 277 3347 pro
307 3276 488 3333 nobis.
532 3277 587 3335 Si
626 3284 807 3352 itaque
832 3281 949 3341 haec
973 3288 1152 3345 omnia
1197 3288 1444 3350 Christus
1496 3313 1634 3354 unus
1661 3276 1781 3370 est;

169 3383 364 3441 neque
410 3370 551 3426 alius
593 3384 678 3429 est
723 3373 975 3435 Chrisrus
1020 3380 1287 3451 mortuus,
1319 3386 1456 3444 alius
1504 3393 1782 3463 sepultus;

168 3470 274 3517 aut
296 3463 437 3519 alius
466 3463 804 3524 descendens
830 3470 895 3526 ad
925 3471 1155 3543 inferna,
1185 3484 1240 3551 et
1265 3478 1402 3535 alius
1449 3482 1786 3542 adscendens

168 3554 229 3612 in
259 3556 467 3625 caelos,
497 3559 790 3616 secundum
832 3563 962 3620 illud
1005 3569 1248 3637 Aposmli
1275 3589 1287 3625 :
1312 3571 1591 3631 Adscendit
1620 3588 1787 3634 autem

168 3651 305 3722 quid
350 3661 446 3716 est,
502 3654 604 3708 nisi
642 3657 731 3726 qui
773 3658 1032 3714 descendit
1076 3662 1128 3717 in
1168 3665 1419 3736 inferiora
1466 3673 1652 3727 teme?
1684 3674 1788 3742 Qui

170 3745 466 3814 descendit,
496 3748 575 3822 (2)
624 3751 734 3821 ipse
775 3763 845 3807 est
885 3764 934 3809 et
975 3757 1063 3825 qui
1104 3757 1367 3815 adscendit
1415 3781 1567 3839 super
1611 3783 1786 3824 omnes

169 3839 446 3909 calas,.ut
486 3842 763 3915 adimpleat
789 3846 959 3901 omnia
989 3847 1209 3919 (Ep/tes.
1247 3868 1322 3921 tv,
1353 3853 1386 3910 9
1426 3866 1473 3911 et
1506 3857 1596 3928 10)
1630 3878 1643 3915 :
1680 3876 1788 3931 quo

168 3948 357 4006 usque
420 3933 711 4006 impietatis
768 3947 968 3996 nostrae
1022 3944 1362 4002 extendimus
1414 3951 1783 4024 stultiloquam

171 4026 603 4098 ignorationem,
628 4040 684 4085 ut
709 4030 848 4102 quod
880 4033 934 4089 in
962 4047 1306 4092 sacramento
1335 4039 1430 4097 Dei
1459 4042 1785 4102 absconsum

174 4127 289 4185 est,
334 4120 389 4176 id
435 4121 692 4194 explicari
749 4140 780 4179 a
834 4126 990 4185 nobis
1041 4144 1202 4200 posse
1242 4133 1630 4203 proﬁteamur?
1685 4138 1786 4207 Qui

175 4213 471 4282 descendit,
518 4216 629 4287 ipse
666 4227 739 4274 est
776 4230 823 4274 et
857 4222 946 4292 qui
991 4224 1276 4281 adscendit.
1318 4227 1588 4303 Numquid
1617 4234 1786 4291 ambi-

254 4331 338 4407 (Ι)
368 4332 562 4407 Antea,
590 4336 666 4390 vel
693 4337 778 4407 qui
808 4337 990 4394 dextra
1016 4340 1069 4395 in
1095 4340 1212 4398 Dei.

255 4401 341 4481 (ξ)
390 4401 509 4481 ipse
528 4417 600 4462 est
621 4401 778 4481 quiet
803 4412 1085 4481 adscendit,
1119 4425 1171 4471 et
1200 4415 1268 4471 ita
1293 4416 1535 4478 inferius.

252 4474 341 4548 (ὃ)
382 4474 409 4528 l
416 4493 507 4547 pse
525 4488 572 4532 et
594 4479 881 4536 adscendit.

1424 312 1514 368 In;
1556 315 2173 395 TBINITA’I‘E;,LIBICR
2214 329 2281 387 χ.

184 406 348 464 Anne
386 411 678 481 Apostolus
716 416 944 488 ignorat,
979 421 1118 480 hanc
1150 425 1240 483 Dei
1281 431 1600 500 sapientiam
1626 438 1676 493 in
1707 452 1792 494 sa-
1819 442 1870 502 A

3394 354 3501 413 594

1897 446 2060 514 gitur,
2105 451 2232 517 quin
2274 451 2431 509 Jesus
2448 454 2695 512 Christus
2744 459 2905 516 homo
2949 476 3014 518 ex
3058 466 3286 523 mortuis
3317 483 3500 526 resur-

1889 552 2043 607 gens,
2077 557 2241 611 snper
2261 559 2452 602 onmes
2482 548 2652 604 caelos
2673 550 3034 622 adscendens,
3078 572 3108 611 a
3155 557 3362 616 dextris
3406 563 3499 620 Dei

1889 632 1997 685 sit?
2024 632 2292 707 Numquid
2325 638 2675 698 descendisse
2701 645 2766 699 ad
2796 645 3000 704 inferos
3025 664 3244 722 corpus,
3270 655 3413 725 quod
3442 657 3495 712 in

1889 726 2138 794 sepulcro
2161 729 2328 797 jacuit
2353 774 2367 798 ,
2402 732 2476 805 (ο)
2507 733 2758 791 dicetur?
2803 737 2859 794 Si
2908 741 3087 813 itaque
3128 747 3219 815 qui
3269 746 3499 805 descen-

1889 815 1988 885 dit,
2019 819 2097 890 (5)
2146 822 2261 892 ipse
2300 832 2465 881 estet
2493 828 2581 898 qui
2622 829 2927 898 adscendit,
2972 846 3026 890 et
3076 855 3252 911 neque
3297 856 3498 915 corpus

1888 907 2235 971 descendisse
2251 916 2315 971 ad
2338 916 2539 975 inferos
2560 923 2819 989 creditur,
2859 935 2910 982 et
2938 943 3229 1000 resurgens
3254 950 3321 990 ex
3351 951 3498 993 utor-

1889 1004 1994 1060 tuis
2023 1021 2222 1078 corpus
2248 1010 2567 1069 adcendisse
2596 1014 2646 1069 in
2678 1018 2848 1073 cmlos
2873 1036 2978 1075 non
3006 1023 3297 1096 ambigitur
3326 1044 3342 1083 :
3371 1043 3495 1098 quae

1889 1095 1976 1152 hic
2004 1108 2204 1170 praeter
2232 1100 2457 1177 (supple,
2492 1106 2678 1179 quam)
2718 1111 2914 1167 occulti
2945 1095 3294 1185 sacramenti,
3329 1095 3494 1176 et—in-

1887 1192 2085 1262 cogniti
2145 1196 2346 1250 mundo
2393 1214 2459 1252 ae
2519 1202 2850 1272 principibus
2890 1208 3071 1261 saeculi
3123 1208 3256 1263 lides
3303 1211 3493 1269 relicta

1888 1296 2009 1351 cst,
2063 1297 2118 1340 ut
2163 1302 2284 1341 cum
2329 1305 2468 1344 unus
2515 1301 2676 1362 atque
2722 1294 2863 1350 idem
2916 1298 3379 1358 sitdascendens
3436 1313 3493 1359 et

1887 1376 2219 1444 ascendens,
2249 1395 2384 1435 llllllS
2408 1397 2624 1454 quoque
2668 1386 2825 1442 nobis
2853 1387 3012 1444 Jesus
3046 1390 3294 1449 Christus
3321 1396 3411 1462 sit,
3440 1408 3497 1454 et

1894 1469 1984 1526 Dei
2012 1470 2176 1537 ﬁlius,
2201 1483 2248 1529 et
2277 1476 2513 1533 hominis
2537 1478 2699 1545 (ilius,
2726 1489 2782 1535 ct
2814 1481 3045 1540 Verbum
3068 1487 3228 1555 Deus,
3256 1499 3308 1544 et
3332 1489 3497 1548 homo

1889 1577 2040 1631 caro,
2071 1576 2125 1620 et
2149 1582 2361 1637 passus,
2392 1581 2449 1626 ot
2487 1583 2756 1642 mortuus,
2806 1587 2862 1632 et
2906 1581 3173 1650 sepultus,
3208 1592 3264 1639 et
3316 1600 3497 1643 resur-

1886 1672 2040 1728 gens,
2070 1668 2124 1715 et
2150 1662 2201 1716 in
2233 1664 2401 1719 caelos
2431 1678 2681 1737 receptus
2702 1712 2715 1737 ,
2743 1682 2796 1726 et
2826 1671 3024 1730 sedens
3077 1673 3158 1748 (4)
3193 1677 3260 1732 ad
3303 1678 3495 1737 dexte-

1889 1765 2002 1805 ram
2034 1752 2125 1808 Dei
2149 1771 2163 1808 :
2192 1753 2398 1812 habens
2427 1759 2477 1814 in
2504 1776 2563 1817 se
2587 1777 2693 1817 uno
2720 1764 3050 1836 eodemque,
3080 1783 3178 1837 per
3204 1768 3497 1840 dispensa-

1884 1843 2082 1899 tionem
2127 1856 2288 1915 atque
2333 1862 2602 1920 naturam,
2658 1856 2708 1911 in
2758 1857 3064 1919 Deilorma
3107 1871 3160 1917 et
3202 1863 3254 1917 in
3318 1864 3495 1923 forma

1888 1938 2064 2006 servi,
2100 1941 2220 1997 sine
2267 1945 2443 2016 aliqua
2475 1946 2555 2021 (Il)
2596 1950 2680 2005 sui
2726 1961 2780 2006 et
2816 1954 3104 2022 partitione
3146 1959 3290 2027 quod
3336 1962 3498 2020 homo

1888 2040 1992 2096 est,
2023 2046 2078 2089 et
2106 2035 2368 2095 divisione
2394 2042 2536 2111 quod
2564 2043 2706 2100 Deus
2732 2049 2860 2102 est?

1959 2126 2046 2184 66.
2091 2128 2159 2185 In
2198 2149 2298 2188 uno
2348 2133 2554 2192 Christo
2592 2149 2648 2192 ut
2695 2142 2900 2199 hontine
2928 2146 3227 2218 in/irmitas,
3283 2161 3338 2206 ut
3386 2151 3499 2209 Deo

1888 2224 2070 2280 uirtus.
2111 2257 2184 2268 -—
2222 2228 2457 2287 Incautte
2499 2233 2660 2305 igitur
2689 2246 2853 2309 atque
2888 2241 3182 2312 ignorantis
3214 2249 3489 2318 opinionis

1889 2330 2091 2375 nostra:
2141 2323 2301 2380 tidem
2356 2326 2656 2398 Apostolus
2699 2330 2963 2401 formans,
3026 2340 3094 2392 ita
3139 2341 3498 2401 confessionis

1889 2414 2049 2483 hujus
2070 2430 2471 2477 sacramentum
2502 2423 2713 2481 locutus
2741 2437 2863 2483 est:
2897 2430 3034 2485 Nam
3065 2435 3156 2489 etsi
3212 2439 3495 2506 cruciﬁxus

1888 2518 1963 2562 est
1985 2508 2067 2581 (5)
2090 2506 2161 2582 (e)
2187 2528 2250 2567 ea:
2262 2514 2584 2581 infirmitate,
2603 2520 2694 2573 sed
2716 2522 2834 2575 vivit
2858 2540 2920 2577 ea:
2946 2525 3131 2581 virtute
3160 2526 3257 2583 Dei
3302 2529 3347 2602 (ι
3370 2529 3491 2586 Cor.

1889 2611 2003 2666 snt,
2033 2597 2115 2671 4).
2145 2600 2456 2660 Prmdicans
2481 2606 2625 2660 enim
2657 2609 2824 2664 lilium
2871 2610 3106 2671 hominis
3159 2616 3251 2671 Dei
3298 2618 3491 2687 lilium,

1889 2689 1979 2758 qui
2012 2703 2133 2743 cum
2164 2706 2227 2744 ex
2257 2690 2666 2762 dispensatione
2709 2695 2872 2752 homo
2924 2711 3105 2766 esset,
3140 2716 3385 2762 maneret
3413 2717 3499 2762 ta-

1890 2795 2014 2836 men
2042 2797 2107 2836 ex
2142 2794 2334 2839 natura
2368 2785 2543 2853 Deus;
2575 2790 2823 2845 eumdem
2867 2808 2931 2847 ex
2978 2793 3292 2854 inﬁrmitate
3313 2800 3498 2856 cruci-

1890 2872 2056 2928 ﬁxum
2087 2876 2186 2939 ait,
2216 2874 2311 2947 qui
2330 2891 2394 2931 ex
2428 2878 2626 2935 virtute
2659 2882 2750 2937 Dei
2779 2882 2987 2940 viveret
3025 2908 3038 2943 :
3079 2897 3137 2943 ut
3177 2905 3298 2945 cum
3347 2892 3498 2949 iulir—

1889 2962 2052 3017 milas
2076 2974 2222 3018 esset
2259 2980 2327 3020 ex
2372 2964 2539 3022 fortuna
2573 2971 2758 3036 servi,
2802 2980 2859 3027 et
2904 2988 3093 3029 natura
3141 2989 3387 3036 maneret
3430 2997 3500 3039 ex

1892 3055 1986 3112 Dei
2011 3056 2278 3121 l'orma,et
2301 3060 2391 3129 qui
2417 3075 2538 3116 emn
2570 3074 2718 3119 esset
2764 3064 2816 3120 in
2855 3067 3023 3122 forma
3065 3070 3232 3144 368
3276 3074 3368 3129 Dei
3406 3090 3498 3130 as-

1891 3152 2214 3220 sumpsisset
2242 3153 2468 3209 formam
2497 3156 2677 3222 servi;
2711 3172 2815 3213 non
2866 3162 3175 3232 ambiguum
3218 3177 3383 3235 esset,
3433 3168 3493 3225 in

1890 3256 1995 3311 quo
2016 3251 2358 3297 sacramento
2387 3253 2443 3299 et
2471 3259 2661 3312 passus
2698 3258 2864 3312 esset,
2905 3261 2957 3304 et
2997 3250 3210 3308 viveret
3238 3271 3253 3308 :
3286 3265 3342 3309 ut
3372 3272 3497 3313 cum

1890 3331 1942 3383 in
1976 3330 2167 3385 eodem
2199 3339 2366 3396 esset,
2397 3340 2446 3389 et
2470 3331 2754 3389 inﬁrmitas
2782 3335 2848 3391 ad
2879 3337 3218 3407 passionem,
3242 3351 3298 3398 et
3324 3342 3389 3397 ad
3418 3344 3500 3399 vi-

1891 3425 1998 3473 tam
2034 3418 2125 3475 Dei
2150 3420 2355 3487 virtus;
2386 3435 2490 3475 non
2534 3422 2672 3477 alius
2700 3438 2762 3478 ac
2788 3422 2995 3481 divisus
3031 3425 3101 3497 (f)
3142 3444 3172 3483 ει
3221 3443 3281 3487 se
3321 3442 3491 3503 esset,

1890 3509 2056 3581 quiet
2079 3517 2377 3580 pateretur,
2400 3517 2456 3563 ct
2486 3508 2708 3565 viveret.

1965 3604 2054 3660 67.
2117 3603 2483 3674 Mysteriorum
2521 3601 2712 3659 Christi
2765 3606 3131 3677 capiendorum
3185 3613 3382 3681 regula.
3420 3594 3496 3655 ἶ·-

1892 3692 2091 3749 Passus
2111 3690 2330 3762 quidem
2347 3700 2430 3747 est
2453 3688 2760 3761 unigenitus
2792 3692 3070 3765 Deusquu:
3101 3695 3348 3754 homines
3388 3700 3499 3769 pati

1894 3794 2119 3856 possunt
2139 3783 2259 3838 :scd
2284 3793 2495 3838 utamur
2518 3786 2556 3836 Λ
2567 3782 2763 3852 postoli
2788 3782 2891 3840 lide
2904 3795 3063 3856 atque
3077 3786 3222 3843 dicto
3249 3806 3261 3842 :
3280 3788 3501 3847 Tradidi

1894 3873 2031 3927 enim
2066 3872 2204 3927 vobis
2247 3873 2301 3926 in
2347 3872 2544 3942 primis,
2591 3871 2711 3943 quia
2742 3870 2979 3927 Christus
3009 3887 3241 3931 mortuus
3279 3888 3354 3934 est
3403 3898 3501 3952 pro

1894 3965 2116 4035 peccatis
2128 3963 2329 4018 nostris
2356 3963 2634 4017 secundum
2671 3963 2971 4033 Scripturas
2994 4006 3009 4031 ,
3040 3978 3088 4022 et
3117 3970 3240 4039 quia
3266 3972 3500 4041 sepultus

1893 4065 1986 4117 est.
2011 4065 2056 4111 et
2076 4056 2196 4127 quia
2222 4056 2497 4110 resurrexit
2546 4054 2630 4109 die
2670 4055 2821 4109 tertio
2868 4058 3151 4114 secundum
3195 4061 3499 4133 Scripturas

1895 4148 1937 4218 (l
1962 4146 2081 4203 Cor.
2108 4163 2204 4214 xv,
2238 4146 2273 4201 5
2297 4156 2345 4202 et
2372 4142 2451 4216 4).
2484 4144 2599 4201 Non
2628 4147 2784 4201 nudis
2813 4163 2940 4203 usus
2965 4158 3050 4205 est
3081 4151 3146 4205 ad
3174 4154 3378 4210 erroris
3404 4172 3497 4211 oc-

1889 4238 2163 4294 casionem
2180 4236 2446 4292 dictorum
2468 4234 2889 4306 deﬁnitionibus,
2913 4239 3007 4294 sed
3026 4240 3216 4297 intortis
3233 4252 3287 4298 et
3310 4259 3495 4301 resur—

1967 4353 2048 4426 (ι)
2086 4351 2132 4426 4
2159 4352 2350 4426 dextris
2365 4350 2487 4426 Dei.

1966 4424 2047 4498 (5)
2089 4424 2171 4480 Ea:
2192 4425 2487 4494 inﬁrmitate
2512 4431 2706 4479 nostra.

254 4592 338 4666 (α)
380 4593 526 4687 Unt'ts
570 4611 671 4687 ms.
703 4594 857 4687 Coll).
907 4606 989 4687 et,
1010 4601 1148 4684 alter
1176 4603 1408 4687 Sorbon.
1457 4606 1543 4665 hic
1561 4609 1782 4687 addunt,
1814 4615 1869 4677 D
1894 4603 2265 4687 timotheum”
2283 4601 2463 4687 laudat
2523 4601 2807 4687 conciliat"
2847 4604 3126 4687 _SP"'¢"§_G
3171 4624 3364 4687 "v-92
3394 4613 3497 4687 ηε

176 4678 228 4724 et
258 4669 398 4722 alius
423 4667 753 4747 adscendens.
788 4669 922 4747 Tres
944 4671 1117 4747 vatic.
1151 4691 1216 4732 ac
1243 4678 1485 4747 plerique
1517 4667 1782 4738 recentia:

176 4756 273 4797 ms
297 4755 409 4815 ptui:
428 4754 486 4794 se
516 4738 715 4803 ferunt,
755 4742 888 4815 alius
918 4742 987 4796 od
1014 4744 1217 4815 inferna
1244 4738 1591 4807 descendens.
1624 4756 1789 4811 AbeSt

176 4812 254 4866 ad
281 4810 486 4886 inferna
530 4827 559 4886 a
609 4814 1015 4881 velusﬁoribus,
1067 4810 1313 4886 quamvis
1353 4823 1439 4879 hic
1477 4824 1547 4880 de
1592 4810 1789 4882 Chri-ti

175 4883 252 4938 ad
285 4882 495 4966 inferos
520 4884 781 4967 descensu
810 4900 991 4967 sermo
1130 4890 1464 4967 _H;erelieos,
1500 4899 1568 4951 de
1596 4899 1790 4967 quibus

178 4955 280 5011 hic
302 4954 611 5038 disseritur,
645 4958 985 5040 tripertientes
1016 4958 1277 5040 Christum
1313 4954 1474 5040 supra
1502 4954 1791 5040 (cognomi-V-

176 5042 321 5084 nare
349 5025 499 5081 licuit
524 5025 779 5107 maxime
807 5043 1055 5107 reSpectn
1098 5036 1287 5107 mortis
1311 5025 1543 5104 Clit-isti;
1572 5025 1789 5107 quando

176 5098 476 5182 nimirum.
500 5114 734 5182 carnem.
769 5101 819 5155 in
867 5102 1119 5182 sepulcro
1146 5143 1162 5169 ,
1204 5105 1256 5161 in
1288 5107 1500 5165 inferno
1530 5098 1787 5182 animam,

181 5168 431 5227 Verbum
465 5170 515 5225 in
549 5171 800 5243 paradiso
824 5168 1183 5230 collocabant.

262 5262 352 5339 (b)_
386 5262 441 5317 in
474 5262 833 5339 mf._Carnut.
872 5266 1022 5335 Quis,
1069 5268 1262 5339 inquit,
1306 5273 1566 5328 accusabit
1608 5276 1792 5332 adver-

180 5333 284 5391 sus
300 5333 488 5389 electos
510 5333 608 5389 Dei
633 5350 651 5389 :
672 5346 726 5391 et
747 5333 1220 5411 moxﬁnterpell'at,
1241 5341 1359 5399 loco
1378 5346 1523 5401 verbi
1548 5347 1792 5418 postulat.

262 5426 340 5502 (ε)
377 5425 524 5484 ldem
553 5428 723 5485 codex
752 5432 938 5503 patuit,
966 5448 1074 5489 non
1101 5434 1320 5491 dicetur.
1353 5437 1556 5495 Eadem
1587 5441 1797 5525 ratione

321 5500 607 5525 Διῑ.....-..2,.
655 5504 789 5525 -..ιρι
857 5505 920 5525 -.Ι
966 5505 1109 5525 rs_2_.
1152 5515 1201 5525 ,η
1250 5524 1253 5525 ,
1379 5508 1402 5525 ιι
1436 5511 1465 5525 η
1554 5522 1562 5525 .

181 5500 611 5585 abethanasio
653 5500 810 5572 epiSt.
854 5505 929 5585 ad
964 5505 1263 5585 Epictetum
1313 5508 1657 5581 refelluntur,
1705 5512 1797 5585 qui

181 5569 435 5628 Verbum
462 5586 584 5627 cum
606 5569 771 5630 carne
799 5569 1225 5637 conluudebant.

266 5664 347 5739 (ὁ)
376 5664 501 5739 Vat.
530 5666 645 5723 bas.
679 5683 783 5724 ms.
807 5676 862 5725 et
894 5670 1036 5727 alius
1067 5671 1238 5729 Vatie.
1286 5690 1409 5730 cum
1455 5676 1669 5735 Martia.
1713 5680 1795 5735 sui

292 5739 449 5814 tione.
474 5737 685 5811 Remig.
708 5742 789 5795 sui
806 5752 855 5796 et
880 5744 1134 5814 partione.
1164 5745 1313 5803 Unus
1337 5746 1490 5804 Colb.
1521 5765 1642 5805 cum
1667 5750 1795 5806 Sor-

270 5827 326 5865 n.
350 5811 441 5893 sui
480 5813 821 5895 excerptione.
862 5811 1509 5895 Opportunus_hie_locus
1535 5830 1620 5895 est
1642 5820 1792 5895 frag-

184 5882 391 5954 menti,
411 5883 556 5956 quod
579 5882 752 5941 sancti
780 5882 1002 5944 nomine
1023 5889 1078 5944 in
1103 5890 1447 5964 explicatione
1464 5893 1697 5967 episton
1722 5882 1792 5951 5d

726 5980 1004 6047 Ρηιιοι..
1063 5981 1149 6048 Χ.

1896 4679 2016 4734 Eme
2038 4676 2175 4733 6'37:
2213 4673 2265 4729 Ν
2269 4692 2351 4756 aut
2374 4684 2421 4756 et
2450 4693 2564 4730 cum
2590 4676 2717 4733 dicit
2740 4678 3033 4747 Scriptura,
3053 4673 3494 4756 IIomoC/zristus;

1895 4763 2079 4805 etcum
2105 4748 2249 4811 dicit,
2289 4746 2523 4802 Christus
2564 4760 2796 4804 mortuus
2826 4758 2915 4814 est,
2948 4760 2996 4802 et
3032 4767 3147 4804 cum
3177 4754 3333 4816 dicit,
3371 4746 3501 4811 Ver:-

1894 4822 2013 4876 bum
2045 4838 2164 4876 caro
2194 4821 2383 4895 factum
2406 4829 2479 4872 est
2508 4835 2528 4874 :
2558 4837 2659 4895 non
2685 4831 2782 4895 “est
2823 4822 3125 4895 spoliandus
3161 4840 3251 4895 per
3276 4829 3501 4895 frauda-

1895 4893 2105 4949 lentiam
2134 4892 2345 4961 legentis
2392 4892 2940 4961 expositionihussuis
2984 4908 3172 4949 sermo.
3224 4892 3364 4952 Nam
3410 4902 3499 4957 ulti

1895 4969 2048 5020 homo
2078 4960 2332 5030 Christus,
2363 4971 2439 5015 est
2460 4960 2730 5039 praecedit,
2764 4960 3020 5039 Mediator
3068 4964 3166 5019 Dei
3201 4978 3355 5039 atque
3399 4973 3496 5026 ho-

1895 5038 2212 5091 minum:ut
2243 5049 2304 5088 ea:
2356 5042 2601 5101 utroque,
2653 5033 2764 5089 Deo
2810 5045 2856 5089 et
2919 5036 3152 5096 homine.
3209 5033 3341 5095 unus
3378 5046 3501 5099 sub-

1896 5107 2261 5178 sistat;sitquc
2304 5105 2436 5184 inter
2458 5106 2713 5160 hominem
2747 5106 2999 5184 etnDeum
3042 5109 3495 5184 mediustconfes-

1896 5179 2038 5234 sione
2063 5182 2116 5232 in
2142 5176 2196 5232 se
2223 5176 2489 5253 utriusque
2533 5188 2748 5253 naturae.
2790 5176 2890 5234 Ubi
2927 5195 3042 5253 uero
3084 5179 3209 5253 (ait)
3250 5176 3498 5243 Christus

1900 5260 2132 5305 mortuus
2146 5257 2238 5309 est,
2256 5248 2548 5317 subjicitur:
2564 5249 2665 5313 Qui
2691 5251 2990 5315 resurrexit,
3004 5252 3092 5320 qui
3100 5248 3198 5305 est
3209 5254 3263 5307 in
3286 5254 3500 5313 dextera

1903 5322 2016 5376 Dei.
2046 5319 2117 5375 In
2140 5331 2300 5375 "torte
2325 5320 2436 5389 ejus
2462 5322 2632 5376 carnis
2666 5332 2852 5378 nostrte
2879 5319 3152 5390 inﬁrmitas
3188 5333 3281 5391 est,
3317 5327 3371 5379 in
3408 5344 3497 5384 re-

1901 5393 2393 5481 surrectioneuirtus
2422 5393 2555 5464 ejus,
2583 5394 2635 5448 in
2660 5398 2896 5477 confessu
2940 5391 3038 5481 Dei
3075 5394 3317 5481 dignitas:
3364 5397 3500 5481 llinc

1904 5480 2066 5535 porro
2093 5463 2461 5539 nonobscnre
2499 5475 2723 5534 apparet
2752 5463 2949 5519 veritas
2971 5463 3260 5539 ‘l'ragnienti
3294 5469 3452 5539 hujus
3480 5489 3497 5527 :

1900 5551 1968 5593 ex
1995 5551 2105 5611 quo
2125 5535 2358 5592 vicissim
2388 5536 2687 5611 illustratur
2714 5547 2873 5607 atque
2904 5536 3191 5591 roboratur
3215 5535 3500 5611 argumen-

1902 5605 2039 5674 tum,
2070 5608 2138 5664 de
2161 5622 2268 5678 quo
2297 5605 2455 5660 modo
2482 5607 2788 5663 disseritur.

1972 5680 2042 5753 (e)
2076 5680 2136 5735 In
2166 5680 2559 5754 pluribusqmss.
2584 5680 2968 5754 exin/inuitata
2992 5693 3188 5750 nostra,
3227 5687 3500 5754 quomodo

1897 5753 1949 5809 in
1981 5750 2130 5823 prius
2155 5751 2383 5821 vulgatis
2410 5750 2688 5823 legebatur
2708 5765 2872 5823 supra
2906 5750 3001 5807 lib.
3033 5768 3108 5819 rx,
3135 5773 3188 5810 ιι.
3223 5750 3310 5814 {5.
3336 5758 3498 5816 Utro-

1895 5821 2059 5900 hique
2083 5824 2236 5879 abest
2262 5834 2437 5900 nostra
2462 5840 2491 5874 a
2522 5821 2824 5900 potioribus
2853 5838 2984 5900 mss.
3012 5836 3073 5900 ut
3092 5842 3122 5882 a
3148 5843 3348 5900 ειιωοο,

1991 5841 2059 5880 ue
2083 5841 2236 5879 θυυδι
2262 5841 2437 5877 1ιοδῖιά
2462 5841 2491 5874 il
2522 5841 2824 5891 [)(MIOI'IDUS
2853 5841 2984 5878 IDSS.
3015 5841 3073 5881 ιιι

1958 5841 2036 5970 ll)
2076 5895 2240 5959 Deest
2259 5911 2293 5950 a
2319 5909 2373 5950 se
2395 5891 2451 5949 iu
2476 5894 2772 5956 vesmtiore
2798 5910 2901 5953 ms.
2931 5893 3088 5954 Colb.

3009 5993 3173 6089 13-
