3988 6332
546 334 655 398 895

1743 314 1992 381 SANC'I'I
2026 305 2283 373 HILARII
2318 294 2628 368 EPISCOPI

3685 302 3761 364 598

546 443 804 503 rectionis
844 440 1095 507 modum,
1161 450 1269 493 non
1323 441 1529 491 tantum
1580 445 1764 488 rerum
1813 429 2142 497 nominibus,
2172 426 2222 486 Δ
2248 423 2319 478 vi!
2361 437 2395 476 α
2424 419 2657 486 mortuis.
2687 414 2966 474 εαιυαὺενίο
2992 413 3173 488 (Ηοηισ
3195 428 3253 480 ι,
3284 409 3319 471 6
3339 419 3384 469 ει
3407 412 3572 488 οεςςο).
3600 414 3760 476 iustum

549 544 814 611 quantum
842 542 897 591 et
919 531 1321 602 Scripturarum
1344 526 1636 583 virtutibus
1662 524 1959 580 admonens
1981 522 2149 578 conﬁ-

552 630 771 689 tendum
805 646 819 683 :
852 634 913 682 ut
936 624 1054 681 inec
1089 631 1274 679 nostra
1314 629 1463 677 esset
1492 619 1547 675 in
1578 618 1697 690 ejus
1733 625 1908 672 morte
1952 614 2151 671 intelli-

548 723 752 796 gentia,
780 735 899 791 qua:
927 725 1075 774 esset
1107 716 1163 771 in
1193 708 2033 795 signiﬁcatione.Scripturarum.
2065 706 2153 761 ln-

549 816 735 872 ﬁrmas
760 812 906 869 enim
933 811 1313 883 cogitationes,
1341 815 1399 862 et
1420 803 1767 875 scrupulosas
1790 800 1913 856 ﬁdei
1941 800 2153 856 calum-

547 907 669 966 nias
710 922 818 962 non
862 904 1196 974 relinquens,
1235 903 1395 956 ﬁnem
1437 900 1580 955 hunc
1623 902 1831 952 tantum
1872 892 2154 949 secundum

552 999 855 1071 Scripturas
884 993 1245 1067 praedicanda:
1288 992 1479 1047 mortis
1521 998 1576 1045 et
1614 984 2029 1044 resurrectionis
2057 982 2154 1039 ad-

553 1089 726 1164 jecit:
762 1104 830 1145 ne
861 1080 1101 1143 inanium
1139 1083 1564 1156 disputationum
1613 1090 1775 1135 vento
1814 1074 2151 1142 circumacti,

559 1182 644 1240 vel
688 1180 959 1237 fallaciutn
990 1176 1351 1250 quaestionum
1398 1173 1596 1245 ineptis
1642 1170 1870 1243 argutiis
1909 1166 2155 1240 impediti

563 1274 970 1331 inlirmaremur
1001 1287 1016 1326 :
1049 1269 1144 1326 sed
1170 1270 1223 1325 in
1255 1267 1399 1325 hunc
1415 1283 1474 1324 se
1502 1280 1719 1337 semper
1744 1263 2021 1334 religionis
2046 1276 2157 1317 sum

551 1380 767 1442 portum
810 1366 944 1422 lides
992 1364 1159 1421 illaesa
1208 1369 1508 1427 revocaret,
1544 1368 1602 1415 ut
1627 1366 1855 1414 mortem
1889 1360 2157 1410 et‘resur-

551 1460 849 1518 reetionem
892 1456 1128 1514 hominis
1154 1454 1250 1511 ﬁlii
1279 1464 1334 1510 et
1366 1453 1457 1509 Dei
1507 1450 1604 1507 ﬁlii
1648 1450 1777 1507 Jesu
1817 1446 2019 1504 Christi
2068 1462 2155 1501 se-

549 1558 779 1614 cundum
812 1556 1113 1626 Scripturas
1139 1552 1387 1609 crederet
1414 1559 1470 1605 et
1497 1546 1848 1603 conﬁteretur
1876 1560 1891 1609 ;
1933 1542 2022 1614 pia
2057 1540 2156 1596 ad—

555 1665 747 1707 versus
803 1646 1129 1703 calumniam
1177 1641 1466 1701 resistendi
1504 1640 1797 1695 securitate
1844 1635 2154 1707 proposita,

550 1759 673 1801 cum
697 1743 771 1805 ita
798 1742 874 1816 (e)
902 1741 1038 1796 mori
1068 1753 1132 1794 ac
1161 1750 1443 1807 resurgere
1485 1730 1735 1789 Christus
1761 1728 1918 1786 Iesus
1955 1724 2158 1782 intelli-

2254 514 2388 571 ﬁdes
2415 520 2788 579 consummat,
2821 510 3119 566 secundum
3149 508 3293 579 quod
3322 508 3509 565 dictum
3535 520 3606 565 est
3631 529 3643 566 :
3667 509 3760 567 Cre-

2252 607 2383 662 didit
2409 606 2669 661 Abraham
2696 603 2821 673 Deo,
2865 613 2913 659 et
2947 603 3251 673 deputatum
3291 610 3366 657 est
3401 602 3445 657 ei
3479 602 3540 656 ad
3564 604 3767 677 justitiam

2255 701 2409 776 (Cen.
2447 716 2535 769 xv,
2587 700 2654 767 6;
2701 699 2854 755 Rom.
2886 713 2965 764 tv,
3009 696 3090 769 3).
3140 695 3405 768 Numquid
3446 695 3675 752 Abraham
3704 712 3769 754 ca-

2256 797 2552 853 lumniatus
2583 802 2669 852 est
2696 795 2842 862 Deo,
2871 806 2993 849 cum
3022 792 3071 848 ei
3105 791 3468 847 haereditatem
3493 792 3710 871 gentium.
3732 802 3771 850 et

2256 889 2556 947 secundum
2584 887 2862 945 stellarum
2893 895 3055 958 atque
3075 901 3255 942 arena:
3280 885 3641 942 multitudinem
3658 902 3773 943 mau-

2257 999 2399 1040 surae
2435 998 2501 1039 ex
2540 995 2601 1041 se
2643 980 2845 1037 sobolis
2875 980 3317 1035 numerositatem
3358 978 3770 1050 pollicebaturlbe

2259 1075 2651 1148 omnipotentia
2691 1074 2834 1132 enim
2876 1073 2978 1130 Dei
3020 1071 3182 1129 Fides
3221 1072 3481 1145 Religiosa
3522 1088 3615 1128 nou
3646 1073 3774 1129 ambi-

2256 1186 2412 1245 gens,
2446 1173 2694 1226 humana:
2735 1167 3063 1224 inﬁrmitatis
3094 1182 3200 1222 non
3239 1176 3320 1222 est
3352 1165 3556 1222 detenta
3588 1167 3772 1234 naturis;

2260 1263 2356 1320 sed
2386 1263 2439 1320 id
2468 1261 2613 1335 quod
2635 1262 2689 1317 in
2718 1276 2777 1317 se
2802 1268 2922 1317 erat
2955 1259 3215 1316 caducum
3254 1264 3616 1330 terrenumque
3641 1258 3775 1331 despi-

2259 1357 2433 1424 ciens,
2466 1357 2665 1413 divinaa
2695 1355 3006 1427 sponsionis
3038 1353 3197 1411 ﬁdem
3230 1352 3369 1408 ultra
3398 1352 3597 1409 modum
3629 1367 3777 1423 corpo-

2260 1464 2369 1506 reae
2397 1448 2798 1505 constitutionis
2852 1448 3067 1518 excepit
3115 1463 3129 1502 :
3184 1443 3311 1517 quia
3361 1460 3662 1517 nequaquam
3707 1442 3774 1500 Dei

2262 1542 2489 1598 virtutes
2520 1542 2611 1597 lex
2642 1542 2817 1613 possit
2842 1540 3076 1596 humana
3120 1538 3415 1609 moderari,
3440 1546 3627 1594 tantum
3652 1538 3695 1593 in
3722 1535 3781 1593 el-

2264 1632 2502 1689 ﬁciendo
2530 1631 2598 1708 (Ῑ)
2631 1631 2967 1689 liberalitatis
2994 1630 3076 1704 (2)
3105 1631 3217 1687 Deo
3244 1642 3523 1703 premente
3542 1673 3555 1697 ,
3580 1637 3781 1703 quantum

2263 1724 2319 1780 in
2370 1724 2688 1797 Spondeudo
2743 1724 3059 1781 ostenderet
3115 1723 3430 1781 voluntatis.
3484 1722 3612 1779 Nihil
3665 1723 3782 1795 igitur

550 1835 758 1910 gendus
787 1843 953 1900 esset,
984 1832 1216 1904 qualiter
1243 1828 1478 1900 scriptus
1504 1834 1606 1882 est.
1649 1822 1771 1879 Non
1807 1820 1950 1878 enim
1993 1819 2157 1875 habet
2185 1826 2234 1891 Β
2256 1819 2455 1890 justius
2486 1818 2589 1875 ﬁde
2614 1826 2700 1876 est
2730 1835 2744 1874 :
2774 1820 2896 1891 quia
2933 1834 3057 1876 cum
3084 1820 3310 1891 aequitas
3353 1828 3513 1891 atque
3548 1816 3783 1875 moderatio

551 1929 688 1985 ﬁdes
716 1926 1013 1998 periculurn
1041 1941 1055 1980 :
1084 1932 1142 1980 et
1160 1921 1338 1979 omnis
1361 1921 1446 1993 pia
1472 1917 1736 1991 professio
1761 1916 1814 1971 in
1840 1913 2055 1971 occulto
2077 1911 2153 1984 (b)

554 2027 898 2079 sacramento
933 2020 1024 2074 Dei
1051 2026 1164 2073 tuta
1205 2026 1307 2073 est.
1346 2013 1517 2070 Natus
1566 2027 1633 2068 ex
1662 2008 1885 2081 Virgine
1909 2005 2159 2063 Christus

551 2125 679 2174 est:
710 2114 806 2171 sed
831 2112 1114 2170 secundum
1142 2110 1441 2180 Scripturas
1490 2112 1783 2174 conceptus
1829 2099 1900 2157 de
1952 2098 2159 2170 Spiritu

551 2217 743 2265 sancto
760 2212 865 2262 est.
888 2203 1065 2259 Flevit
1081 2202 1331 2259 Christus
1355 2217 1370 2255 ε
1394 2198 1493 2256 sed
1517 2197 1798 2253 secundum
1816 2191 2157 2263 Scripturas;

552 2313 611 2359 ut
637 2303 768 2358 ineo
788 2298 932 2371 quod
950 2296 1118 2365 ﬂevit,
1151 2295 1224 2370 (ε)
1239 2293 1535 2367 gratulatus
1559 2290 1648 2347 sit.
1676 2288 1745 2345 Et
1765 2282 2161 2345 esurivitChri-

550 2406 690 2453 stus:
704 2392 801 2450 sed
814 2393 1093 2449 secundum
1106 2388 1405 2460 Scripturas
1419 2385 1534 2442 sine
1545 2383 1666 2441 cibo
1680 2382 1732 2438 in
1750 2396 1855 2436 non
1870 2378 2158 2445 habentem

551 2487 758 2545 fructus
795 2487 1044 2544 arborem
1082 2485 1225 2541 Deus
1255 2490 1511 2554 operatus
1549 2489 1653 2536 est.
1684 2477 1884 2533 Passus
1912 2472 2159 2530 Christus

552 2593 639 2641 est
668 2602 683 2638 :
713 2581 810 2639 sed
835 2579 1118 2637 secundum
1143 2575 1443 2647 Scripturas
1470 2582 1597 2629 tunc
1622 2587 1652 2626 a
1691 2568 1900 2626 dextris
1934 2563 2158 2622 Virtutis

551 2690 802 2733 sessurus
840 2683 945 2730 est.
983 2669 1293 2739 Derelinqui
1330 2684 1392 2725 se
1422 2667 1490 2723 ad
1521 2674 1752 2722 mortem
1781 2670 2006 2734 questus
2034 2666 2157 2714 est:

550 2768 649 2826 sed
676 2766 959 2824 secundum
991 2764 1292 2835 Scripturas
1321 2770 1450 2817 tunc
1474 2759 1843 2816 confessorem
1872 2768 2042 2811 suum
2073 2764 2161 2807 se-

550 2877 674 2919 cum
698 2862 751 2916 in
774 2875 944 2932 regno
966 2857 1199 2930 paradisi
1238 2856 1462 2927 recepit.
1504 2855 1747 2910 Mortuus
1789 2860 1873 2908 est
1906 2866 1919 2904 :
1948 2847 2048 2904 sed
2078 2861 2159 2901 se-

550 2955 777 3011 cundum
803 2952 1102 3023 Scripturas
1128 2950 1293 3023 369
1320 2963 1606 3019 resurgens
1641 2963 1671 2999 a
1708 2942 1915 3001 dextris
1946 2940 2155 2997 Domini

555 3048 819 3104 Dominus
837 3045 1063 3103 assedit.
1096 3044 1155 3099 ln
1187 3044 1346 3115 hujus
1379 3043 1540 3114 igitur
1565 3036 1891 3096 sacramenti
1914 3035 2026 3091 ﬁde
2052 3034 2158 3090 vita

549 3152 669 3198 est:
702 3139 784 3212 (d)
823 3139 1147 3194 calumniam
1168 3135 1439 3193 confessio
1467 3135 1568 3191 ista
1597 3148 1706 3190 non
1731 3129 1945 3202 recipit.

2262 1919 2607 1969 terrenorum
2635 1923 2851 1969 actuum
2887 1911 2960 1968 sit
2991 1911 3319 1982 probabilis,
3352 1909 3484 1967 nihil
3518 1918 3674 1967 tamen
3699 1909 3784 1981 jus-

2263 2004 2366 2061 tius
2396 2004 2603 2061 homini
2635 2003 2727 2071 sit,
2763 2020 2921 2077 quam
2951 2004 3402 2076 omnipotentiam
3441 2004 3529 2062 Dei
3551 2002 3621 2077 (g)
3645 2001 3784 2060 indeli-

2261 2098 2389 2154 nitaa
2416 2098 2699 2171 potestatis
2728 2098 3081 2170 intelligentia
3110 2096 3432 2155 credidisse.

2334 2193 2425 2250 69.
2454 2192 2743 2250 Descensus
2772 2201 2820 2248 et
2848 2191 3124 2248 adscensus
3141 2190 3333 2249 Christi
3360 2191 3487 2263 ﬁdes
3513 2191 3719 2261 exigitur.
3739 2220 3789 2232 —

2264 2287 2414 2343 Hanc
2455 2285 2641 2361 itaque
2683 2287 2737 2343 in
2785 2285 2964 2353 nobis,
3014 2299 3136 2358 quas
3179 2300 3246 2342 ex
3297 2285 3405 2342 ﬁde
3446 2294 3544 2350 est.
3582 2283 3788 2358 justitiam

2262 2382 2552 2454 Apostolus
2599 2391 2943 2453 exspectans,
2984 2380 3209 2438 incertae
3255 2388 3417 2453 atque
3462 2379 3623 2436 inﬁdae
3662 2378 3789 2434 ambi-

2259 2475 2478 2547 guitatis
2508 2474 2965 2548 irreligiositatem
2994 2472 3243 2543 removit,
3277 2483 3464 2530 vetans
3487 2488 3651 2529 curam
3681 2470 3789 2527 solli-

2259 2568 2381 2623 cita:
2410 2566 2465 2623 in
2491 2581 2587 2623 cor
2615 2566 2958 2639 cogitationis
2989 2565 3202 2622 admitti
3220 2609 3236 2635 ,
3270 2555 3403 2623 dicti
3431 2566 3584 2622 etiam
3609 2565 3790 2638 prophe-

2260 2660 2351 2718 tici
2382 2660 2462 2734 (h)
2493 2663 2814 2719 auctoritate
2856 2670 3174 2717 monStrata.
3205 2660 3294 2716 Ait
3328 2660 3474 2717 enim
3502 2678 3514 2717 :
3546 2657 3621 2715 Ne
3653 2658 3792 2715 diaetis

2258 2757 2316 2811 in
2343 2757 2498 2812 corde
2544 2764 2650 2825 tuo,
2691 2759 2803 2828 quis
2844 2754 3111 2811 adscendit
3149 2755 3202 2809 in
3247 2754 3431 2810 caelum
3463 2753 3627 2828 (Rom.
3653 2769 3697 2820 ι,
3726 2752 3792 2824 6)!

2264 2851 2391 2908 Iitcc
2413 2866 2444 2905 a
2465 2851 2735 2923 Propheta
2764 2848 2834 2906 ita
2861 2850 3026 2918 dicta,
3055 2848 3311 2920 subjecta:
3339 2850 3613 2906 sententiae
3630 2846 3792 2903 absolu-

2260 2945 2406 3003 tione
2427 2948 2793 3019 prosequitur,
2814 2945 3001 3001 dicens
3032 2962 3045 2999 :
3070 2943 3187 3001 Hoc
3214 2954 3285 2999 est
3315 2941 3794 3017 Christunrﬂode-

2262 3040 2462 3096 ducere.
2488 3040 2604 3097 Non
2635 3038 2778 3097 enim
2807 3054 2867 3095 se
2893 3039 2945 3094 in
2968 3037 3246 3095 cmlestem
3276 3037 3558 3112 (divinam)
3579 3034 3797 3094 scientiam

2263 3135 2509 3192 humanas
2531 3135 2728 3191 mentis
2756 3149 2950 3192 sensus
2980 3132 3225 3190 extendit
3254 3150 3269 3189 :
3296 3132 3398 3189 sed
3429 3147 3598 3204 neque
3618 3126 3791 3186 dediri-

624 3233 715 3290 68.
740 3230 896 3288 Fidei
920 3230 1317 3286 commendatio.
1340 3228 1592 3286 —Certe
1616 3226 1908 3297 Apostolus
1934 3239 2042 3279 non
2068 3238 2156 3281 re-
2184 3220 2231 3287 C
2265 3230 2349 3285 nis
2417 3229 2674 3301 operibus
2734 3228 2987 3300 religiosa
3048 3226 3181 3285 ﬁdes
3235 3227 3484 3300 ambigit.
3544 3226 3648 3282 Non
3693 3220 3800 3294 eguit

565 3324 782 3396 linquit,
828 3332 886 3380 ut
915 3322 1118 3394 ambigi
1156 3321 1371 3392 dicique
1417 3321 1578 3377 liceat
1626 3338 1640 3375 :
1685 3318 1932 3376 Christus
1974 3326 2153 3388 natus,

555 3431 782 3488 passus,
813 3426 1084 3480 mortuus,
1122 3428 1413 3485 resurgens
1443 3429 1551 3485 quo
1590 3413 1773 3480 modo,
1802 3427 1907 3484 qua
1935 3410 2152 3480 virtute,

557 3525 663 3580 qua
693 3509 995 3575 divisione,
1025 3507 1221 3578 quibus
1248 3505 1525 3578 partibus?
1552 3506 1671 3578 quis
1704 3507 2008 3579 Iacrymaus
2037 3511 2141 3572 est,

556 3574 679 3675 qtiis
726 3601 991 3674 gaudens,
1032 3602 1154 3672 quis
1196 3614 1571 3673 conquerens,
1617 3600 1739 3672 quis
1777 3598 2151 3667 descendens,

561 3695 685 3768 quis
709 3691 1084 3750 adscendens?
1112 3691 1219 3750 Sed
1246 3692 1370 3748 ﬁdei
1406 3692 1462 3748 in
1494 3692 1597 3748 hoc
1624 3692 1873 3749 meritum
1905 3707 1999 3765 per
2025 3706 2159 3748 con-

555 3788 850 3845 lessiouem
881 3784 1243 3842 incunctantis
1285 3792 1490 3840 tantum
1522 3781 1805 3856 religionis
1833 3782 2153 3850 ostendens,

551 3882 647 3947 ait,
712 3880 797 3937 Ea:
834 3880 936 3951 ﬁde
977 3888 1145 3935 autem
1174 3878 1385 3951 justitia
1424 3879 1497 3932 sic
1532 3878 1658 3931 dicit
1690 3892 1709 3932 :
1743 3875 1825 3932 Ne
1861 3876 2058 3931 dixeris
2100 3877 2157 3930 in

555 3976 709 4030 corde
732 3985 837 4040 tuo,
869 3974 983 4042 quis
1021 3971 1287 4029 adscendit
1328 3972 1381 4026 in
1411 3970 1638 4027 ctutum?
1670 3971 1766 4025 hoc
1794 3981 1866 4026 est
1891 3968 2157 4026 Christum

556 4069 826 4124 deducere.
890 4065 982 4122 Vel
1035 4068 1145 4137 quis
1198 4065 1461 4120 descendit
1506 4065 1559 4119 in
1606 4064 1891 4136 abyssum?
1941 4063 2035 4118 hoc
2080 4070 2158 4118 est

559 4162 822 4218 Christum
872 4177 904 4214 a
943 4159 1157 4213 mortuis
1200 4157 1457 4213 reducere.
1493 4156 1599 4213 Sed
1636 4157 1761 4227 quid
1805 4157 1928 4211 dicit
1974 4155 2160 4226 Scrip-

562 4253 720 4308 tura?
746 4254 823 4324 (l)
854 4252 926 4325 (e)
955 4250 1119 4307 Juxta
1157 4262 1231 4305 est
1260 4252 1467 4306 verbum
1496 4260 1640 4305 tuum
1675 4251 1729 4305 in
1760 4267 1848 4306 ore
1894 4259 1982 4305 tuo
2017 4258 2062 4305 et
2102 4251 2161 4303 in

556 4346 711 4399 corde
749 4355 857 4408 tuo,
901 4344 997 4397 hoc
1038 4353 1133 4408 est,
1180 4342 1387 4397 verbum
1425 4343 1547 4413 ﬁdei
1582 4342 1718 4411 quod
1761 4344 2098 4412 pradicamus
2126 4360 2147 4399 :

560 4436 683 4506 quia
712 4437 756 4490 si
785 4438 1050 4505 confessus
1078 4434 1235 4505 fueris
1261 4435 1314 4487 in
1343 4450 1431 4487 ore
1453 4445 1559 4497 tuo.
1590 4434 1712 4504 quia
1732 4432 1984 4491 Dominus
2003 4433 2160 4491 Iesus

2264 3320 2512 3380 Christus
2540 3323 2792 3379 humanas
2814 3322 3029 3379 virtutis
3056 3321 3284 3389 auxilio,
3318 3330 3379 3376 ut
3414 3336 3479 3378 es
3506 3320 3593 3378 illa
3620 3316 3797 3375 beatitu-

2273 3416 2414 3473 dinis
2446 3432 2557 3473 suae
2585 3416 2647 3489 (ί)
2674 3415 2804 3472 sede
2829 3414 3210 3472 adscendeutis
3239 3414 3558 3486 cujusquam
3583 3412 3634 3468 in
3652 3409 3801 3467 celum

2264 3525 2368 3582 ope
2413 3509 2774 3566 deduceretur
2818 3507 2873 3564 in
2917 3522 3160 3579 corpus:
3199 3522 3305 3562 non
3348 3505 3585 3563 exterior
3624 3508 3803 3576 potestas

2263 3618 2385 3658 eum
2412 3602 2522 3674 egit
2551 3600 2618 3657 ad
2658 3611 2849 3658 terras.
2882 3599 3200 3658 Credendus
3237 3609 3323 3657 est
3352 3601 3564 3658 venisse
3596 3595 3803 3669 qualiset

2271 3695 2415 3751 venit
2451 3711 2464 3748 :
2498 3705 2553 3750 et
2579 3709 2707 3750 vera
2745 3696 2917 3765 pietas
2954 3702 3058 3758 est,
3099 3691 3376 3749 Christum
3409 3707 3518 3750 non
3554 3689 3804 3751 deductum,

2269 3787 2364 3845 sed
2387 3786 2806 3844 descendentem
2836 3784 3104 3858 conﬁteri.
3135 3784 3551 3842 Sacramentum
3574 3796 3710 3841 suum
3729 3784 3804 3845 est.

2270 3893 2324 3937 et
2352 3883 2406 3938 in
2440 3893 2701 3954 tempore,
2736 3889 2793 3937 et
2828 3881 2880 3936 in
2910 3894 3098 3952 opere.
3127 3879 3312 3950 Neque
3348 3881 3476 3952 quia
3508 3876 3655 3935 modo
3682 3872 3806 3937 venit,

2270 3974 2536 4032 deductus
2573 3990 2671 4047 per
2695 3974 2928 4031 alterum
2955 3988 3080 4030 esse
3110 3973 3417 4030 credendus
3453 3982 3537 4029 est
3565 3984 3688 4028 :nec
3709 3976 3809 4023 teti-

2272 4067 2472 4140 poralis
2515 4067 2632 4138 ejus
2675 4066 2939 4122 adventus
2974 4066 3227 4136 potestati
3273 4064 3591 4125 deducentis
3620 4058 3809 4119 subditus

2272 4158 2655 4230 intelligendus
2695 4167 2797 4215 est.
2833 4158 2942 4215 Sed
2985 4174 3053 4216 ne
3097 4159 3322 4214 alterius
3353 4158 3570 4231 quidem
3606 4149 3810 4224 ambigui-

2272 4252 2398 4307 tatis
2430 4250 2722 4308 inﬁdelitas
2752 4252 2970 4308 sinitur.
3013 4252 3145 4307 Nam
3190 4251 3453 4309 continuo
3492 4268 3557 4309 ex
3583 4250 3705 4305 dicto
3726 4257 3814 4317 pro-

2269 4344 2487 4416 phetico
2537 4344 2801 4411 subditur,
2868 4343 2963 4399 Vel
3014 4345 3131 4417 quis
3182 4344 3446 4400 descendit
3495 4344 3546 4399 in
3586 4331 3808 4415 abyssum?

2269 4441 2349 4495 Ac
2392 4454 2520 4494 mox
2558 4438 2701 4494 dicta
2745 4439 2883 4493 ratio
2920 4439 3161 4510 subjecta
3200 4447 3321 4505 est,
3352 4437 3453 4495 hoc
3487 4448 3563 4495 est
3594 4434 3806 4494 Christum

559 4540 654 4599 est,
687 4540 733 4586 et
758 4529 1035 4585 credideris
1065 4529 1117 4584 in
1142 4528 1294 4584 corde
1321 4536 1409 4583 tuo
1429 4528 1551 4599 quia
1590 4525 1733 4584 Deus
1757 4529 1907 4585 illum
1936 4532 2158 4585 suscita-
2186 4519 2243 4581 D
2268 4547 2300 4585 α
2327 4532 2542 4587 mortuis
2570 4530 2812 4587 reducere
2843 4529 3020 4605 (Rom.
3052 4547 3109 4599 x,
3136 4529 3216 4603 7).
3250 4529 3504 4589 Libertas
3530 4523 3753 4588 redeundi
3768 4521 3806 4577 ίῦ

634 4693 713 4769 (ἱ)
743 4690 910 4750 Juxta
937 4704 984 4750 te
1013 4702 1107 4749 est.

636 4851 961 4927 (a)__Martin.
1009 4868 1111 4907 ms.
1156 4852 1378 4927 moriens
1421 4869 1788 4927 acrresurgens
1817 4871 1837 4910 :
1863 4861 1920 4911 et
1972 4863 2159 4925 postea

559 4924 681 4981 cum
714 4924 832 5000 Vat.
866 4925 1368 5000 has._uno,_Colb.et
1391 4926 1623 4981 Sorbon.
1643 4924 1890 5000 qualiter,
1908 4924 2159 5000 scriptum

560 5008 674 5080 est;
700 4996 788 5080 ubi
816 4997 1075 5080 vetustior
1119 4996 1275 5054 Colb.
1304 5014 1367 5054 ac
1399 4999 1579 5069 plures
1608 4996 1697 5053 alii
1724 4998 1943 5067 habent,
1986 4996 2158 5073 qualis

560 5078 782 5138 scriptus
808 5079 903 5122 est.

633 5141 708 5212 (b)
729 5139 908 5223 .Editi,
960 5141 1013 5195 in
1038 5142 1238 5197 occulto
1263 5144 1614 5199 sacramenti:
1645 5142 2000 5201 renitentibus
2036 5161 2157 5202 ma-

558 5225 871 5279 nuscrtptts.

635 5285 705 5355 (ε)
748 5284 896 5356 Lips.
942 5292 999 5341 et
1038 5284 1159 5339 Par.
1185 5301 1308 5341 cum
1337 5300 1440 5341 ms.
1480 5285 1694 5341 Martia.
1735 5295 1791 5341 et
1837 5302 1943 5341 uno
1978 5287 2152 5344 Vatie.

558 5356 877 5481 gloriﬁcatur
906 5358 970 5411 sit
997 5372 1015 5411 :
1042 5358 1126 5411 cui
1176 5358 1391 5412 lectioni
1433 5357 1613 5414 lavent
1657 5359 1818 5414 verba
1865 5375 2013 5414 num.
2056 5360 2153 5416 56.

588 5426 725 5481 lacis
757 5439 933 5481 tamen
965 5428 1131 5481 nlacet
1154 5444 1276 5481 cum
1312 5429 1464 5481 Bad..
1501 5431 1588 5481 Er.
1622 5445 1687 5481 ac
1725 5431 1999 5481 nlerismre
2023 5448 2153 5481 mss.

588 5426 725 5495 lagis
757 5439 933 5483 tamen
965 5428 1131 5499 placet
1154 5444 1276 5484 cum
1304 5429 1464 5500 Bad.,
1501 5431 1588 5485 Er.
1622 5445 1687 5485 ac
1725 5431 1999 5500 plerisque
2023 5448 2153 5488 mss.

558 5449 725 5495 mugls
757 5449 933 5483 lillllell
965 5449 1131 5499 placet
1154 5449 1276 5484 CIIII]
1312 5449 1464 5495 nam,
1501 5449 1588 5485 nr.
1622 5449 1687 5485 ac
1725 5449 1891 5500 plerts
1934 5449 1999 5486 UB
2023 5449 2153 5488 11165.

558 5500 845 5566 gratulatus
874 5500 941 5555 sit
975 5515 993 5554 :
1018 5500 1160 5568 quod
1181 5499 1464 5555 conﬁrmat
1492 5501 1623 5555 illud
1672 5518 1723 5554 ιι.
1753 5501 1860 5556 εις
1894 5449 2041 5558 ἓοὶιιι
2066 5520 2159 5560 nec

560 5579 769 5645 mortem
788 5568 977 5645 Lazari
1006 5573 1159 5640 ﬂere,
1180 5588 1329 5645 quam
1350 5572 1590 5642 gaudeat.
1618 5572 1683 5627 Et
1708 5574 1880 5645 major
1909 5574 2156 5645 quasdam

558 5650 650 5714 est
670 5640 853 5714 ﬁctum
882 5643 1025 5714 inter
1050 5652 1105 5697 et
1128 5640 1546 5714 gratulationem
1577 5644 1867 5714 oppositio.

634 5712 712 5775 (tl)
742 5712 900 5766 Solus
930 5713 1102 5769 codex
1130 5713 1251 5770 Vat.
1285 5715 1398 5769 bas.
1429 5712 1810 5771 contumeliam.

629 5780 704 5853 (e)
735 5782 792 5858 lu
822 5784 1028 5853 aliquot
1055 5800 1184 5841 mss.
1219 5786 1307 5840 hic
1330 5795 1388 5842 et
1414 5785 1577 5854 infra,
1600 5788 1757 5858 juxta
1779 5798 1825 5842 te
1845 5797 1924 5844 est
1946 5787 2153 5845 verbum

554 5861 716 5909 tuum.
754 5853 830 5911 Ex
858 5871 1055 5926 graeco,
1088 5858 1239 5931 ἐγγύς
1265 5880 1359 5916 σου
1399 5860 1457 5918 τὸ
1495 5853 1636 5937 petiit
1662 5860 1801 5920 ἐστιν
1826 5862 1876 5919 ἐν
1913 5869 1990 5940 τῷ
2034 5863 2156 5923 m-

2338 4690 2419 4768 (2)
2446 4690 2557 4748 Deo
2588 4701 2847 4765 prompte,
2874 4690 3153 4749 mendose.

2270 4880 2419 4931 ματι,
2451 4863 2666 4931 vertere
2696 4856 2821 4913 licet
2837 4857 2995 4927 juxta
3017 4862 3084 4922 te,
3118 4853 3162 4909 si
3202 4852 3366 4908 modo
3404 4854 3672 4908 omittatur
3701 4858 3810 4902 trra

2274 4929 2407 5001 post
2427 4929 2655 5001 verbum.
2836 4999 2845 5001 _
3026 4996 3041 5001 Δ
3162 4994 3191 5001 _
3234 4997 3267 5001 __
3530 4995 3561 5001 __

2349 4999 2418 5073 (ί)
2453 5000 2544 5055 Sic
2571 4996 3114 5073 priestantiorcodex
3150 4994 3309 5073 Golb.
3339 5012 3464 5073 cunt
3492 4995 3683 5073 aliquot
3705 4992 3810 5073 aliis.

2265 5067 2465 5128 Czeteri
2514 5067 2665 5135 vero,
2710 5070 2975 5126 libertatis.
3019 5069 3156 5125 Tum
3202 5071 3255 5124 in
3295 5069 3551 5124 omnibus
3590 5067 3810 5122 ferentis.

2272 5144 2382 5198 Deo
2407 5152 2677 5214 promptw,
2708 5146 2786 5198 vel
2810 5152 3062 5214 prompte,
3096 5156 3201 5195 non
3232 5151 3516 5214 premente.

2347 5205 2423 5287 (9)
2467 5205 2924 5287 Αηίὴιηῖοιῄίήιεβ.
2961 5205 3135 5287 ’(2911)1
3174 5205 3320 5287 ctim_
3345 5211 3554 5287 Remig.
3614 5224 3642 5263 a

2268 5283 2455 5349 manu,
2481 5283 2715 5357 iuﬁnitw.
2740 5284 2953 5340 Martia.
2980 5284 3270 5357 indeﬁnite.
3298 5283 3607 5357 Leuionem
3627 5285 3819 5337 nostram

2268 5354 2599 5413 mnu-mam
2625 5368 2895 5428 postrema
2923 5373 3073 5412 num.
3100 5354 3175 5411 ιε
3207 5356 3298 5428 lib.
3331 5371 3423 5411 vm
3447 5354 3625 5411 verba.

2349 5430 2427 5501 (h)
2461 5426 2711 5484 Nonnulli
2741 5444 2870 5483 mss.
2900 5444 3020 5483 cum
3048 5427 3304 5501 vulgatis,
3330 5426 3818 5501 ratimte‘monstngu}

2262 5489 2618 5572 corriguntur
2680 5517 2743 5557 ex
2798 5501 3106 5557 veterrimis
3139 5489 3303 5555 Vat:
3338 5498 3485 5568 has.,
3516 5494 3684 5563 Colb.,
3716 5489 3822 5547 llat-

2270 5575 2396 5639 tin.,
2429 5584 2531 5630 etc.

2347 5628 2410 5716 (ί)
2444 5645 2497 5698 In
2522 5628 2791 5714 vulgatis,
2819 5643 2952 5716 (sede
2991 5643 3306 5716 descendens
3334 5645 3643 5716 “jusque!!!
3678 5628 3823 5716 ιωξς

2264 5712 2369 5787 ope
2392 5712 2938 5773 deduceremuCum
2981 5714 3165 5770 allatis
3195 5712 3442 5786 Apostoii
3483 5712 3652 5787 vefbis
3684 5712 3821 5787 nos?

2264 5784 2530 5846 convenit
2550 5790 2734 5852 lectio.
2766 5804 2930 5859 quam
2960 5784 3287 5843 exhibemus
3312 5802 3346 5842 e
3372 5800 3504 5842 mss.
3542 5785 3597 5840 in
3633 5784 3824 5852 quorum

2267 5861 2548 5921 nonnullis
2567 5862 2856 5928 demetur,
2888 5876 2999 5918 non
3026 5859 3382 5916 deduceretur.

2178 6052 2247 6059 «α.
