  <div class='ocr_page' id='page_1' title='image "/cluster/home/n/w/nwhite01/storage/ocr_20150623/10/hvd.32044015471279/204.png"; bbox 0 0 3988 6332; ppageno 0'>
   <div class='ocr_carea' id='block_1_1' title="bbox 200 312 298 373">
    <p class='ocr_par' dir='ltr' id='par_1_1' title="bbox 200 312 298 373">
     <span class='ocr_line' id='line_1_1' title="bbox 200 312 298 373; baseline -0.082 0"><span class='ocrx_word' id='word_1_1' title='bbox 200 312 298 373; x_wconf 73' lang='lat'><strong>507</strong></span> 
     </span>
    </p>
   </div>
   <div class='ocr_carea' id='block_1_2' title="bbox 1427 318 2301 388">
    <p class='ocr_par' dir='ltr' id='par_1_2' title="bbox 1427 318 2301 388">
     <span class='ocr_line' id='line_1_2' title="bbox 1427 318 2301 388; baseline 0.013 -13"><span class='ocrx_word' id='word_1_2' title='bbox 1427 318 1518 376; x_wconf 75' lang='lat' dir='ltr'><strong>DE</strong></span> <span class='ocrx_word' id='word_1_3' title='bbox 1557 318 1935 382; x_wconf 73' lang='lat' dir='ltr'><strong>TRINITATE</strong></span> <span class='ocrx_word' id='word_1_4' title='bbox 1963 321 2171 385; x_wconf 80' lang='lat' dir='ltr'><strong>LIBER</strong></span> <span class='ocrx_word' id='word_1_5' title='bbox 2208 329 2301 388; x_wconf 77' lang='lat' dir='ltr'><strong>Xl.</strong></span> 
     </span>
    </p>
   </div>
   <div class='ocr_carea' id='block_1_3' title="bbox 3376 358 3483 416">
    <p class='ocr_par' dir='ltr' id='par_1_3' title="bbox 3376 358 3483 416">
     <span class='ocr_line' id='line_1_3' title="bbox 3376 358 3483 416; baseline 0 0"><span class='ocrx_word' id='word_1_6' title='bbox 3376 358 3483 416; x_wconf 77' lang='lat'><strong>598</strong></span> 
     </span>
    </p>
   </div>
   <div class='ocr_carea' id='block_1_4' title="bbox 199 408 3478 533">
    <p class='ocr_par' dir='ltr' id='par_1_4' title="bbox 199 408 3478 533">
     <span class='ocr_line' id='line_1_4' title="bbox 199 408 3478 533; baseline 0.013 -51"><span class='ocrx_word' id='word_1_7' title='bbox 199 427 400 533; x_wconf 59' lang='lat' dir='ltr'><strong>emicat,</strong></span> <span class='ocrx_word' id='word_1_8' title='bbox 425 442 491 483; x_wconf 79' lang='lat' dir='ltr'><strong>es</strong></span> <span class='ocrx_word' id='word_1_9' title='bbox 520 426 881 533; x_wconf 68' lang='lat' dir='ltr'><strong>descendendi</strong></span> <span class='ocrx_word' id='word_1_10' title='bbox 911 430 963 487; x_wconf 88' lang='lat' dir='ltr'><strong>in</strong></span> <span class='ocrx_word' id='word_1_11' title='bbox 994 435 1195 488; x_wconf 84' lang='lat' dir='ltr'><strong>terram</strong></span> <span class='ocrx_word' id='word_1_12' title='bbox 1229 431 1482 493; x_wconf 87' lang='lat' dir='ltr'><strong>libertate</strong></span> <span class='ocrx_word' id='word_1_13' title='bbox 1510 448 1616 495; x_wconf 84' lang='lat' dir='ltr'><strong>est.</strong></span> <span class='ocrx_word' id='word_1_14' title='bbox 1647 441 1778 495; x_wconf 83' lang='lat' dir='ltr'><strong>Am—</strong></span> <span class='ocrx_word' id='word_1_15' title='bbox 1804 442 1849 502; x_wconf 79' lang='grc' dir='ltr'><strong>Α</strong></span> <span class='ocrx_word' id='word_1_16' title='bbox 1882 442 2123 511; x_wconf 72' lang='lat' dir='ltr'><strong>firmitas.</strong></span> <span class='ocrx_word' id='word_1_17' title='bbox 2146 476 2220 489; x_wconf 89' lang='lat'><strong><em>—</em></strong></span> <span class='ocrx_word' id='word_1_18' title='bbox 2247 447 2304 504; x_wconf 81' lang='lat' dir='ltr'><strong>Si</strong></span> <span class='ocrx_word' id='word_1_19' title='bbox 2350 449 2530 521; x_wconf 85' lang='lat' dir='ltr'><strong>itaque</strong></span> <span class='ocrx_word' id='word_1_20' title='bbox 2571 408 2640 511; x_wconf 79' lang='lat' dir='ltr'><strong>ad</strong></span> <span class='ocrx_word' id='word_1_21' title='bbox 2681 456 3089 533; x_wconf 83' lang='lat' dir='ltr'><strong>intelligentiam</strong></span> <span class='ocrx_word' id='word_1_22' title='bbox 3133 470 3321 525; x_wconf 78' lang='lat' dir='ltr'><strong>mortis</strong></span> <span class='ocrx_word' id='word_1_23' title='bbox 3366 488 3478 531; x_wconf 64' lang='lat' dir='ltr'><strong>sua:</strong></span> 
     </span>
    </p>
   </div>
   <div class='ocr_carea' id='block_1_5' title="bbox 199 520 1774 601">
    <p class='ocr_par' dir='ltr' id='par_1_5' title="bbox 199 520 1774 601">
     <span class='ocr_line' id='line_1_5' title="bbox 199 520 1774 601; baseline 0.008 -25"><span class='ocrx_word' id='word_1_24' title='bbox 199 520 395 591; x_wconf 73' lang='lat' dir='ltr'><strong>bigendi</strong></span> <span class='ocrx_word' id='word_1_25' title='bbox 414 530 602 577; x_wconf 69' lang='lat' dir='ltr'><strong>autem</strong></span> <span class='ocrx_word' id='word_1_26' title='bbox 627 522 839 577; x_wconf 81' lang='lat' dir='ltr'><strong>sublata</strong></span> <span class='ocrx_word' id='word_1_27' title='bbox 868 526 1143 581; x_wconf 72' lang='lat' dir='ltr'><strong>cunctatio</strong></span> <span class='ocrx_word' id='word_1_28' title='bbox 1183 537 1262 583; x_wconf 88' lang='lat' dir='ltr'><strong>est</strong></span> <span class='ocrx_word' id='word_1_29' title='bbox 1298 546 1311 583; x_wconf 89' lang='lat'><strong>:</strong></span> <span class='ocrx_word' id='word_1_30' title='bbox 1340 528 1417 601; x_wconf 84' lang='lat' dir='ltr'><strong>(a)</strong></span> <span class='ocrx_word' id='word_1_31' title='bbox 1445 532 1671 585; x_wconf 85' lang='lat' dir='ltr'><strong>scientia</strong></span> <span class='ocrx_word' id='word_1_32' title='bbox 1722 533 1774 588; x_wconf 90' lang='lat' dir='ltr'><strong>in</strong></span> 
     </span>
    </p>
   </div>
   <div class='ocr_carea' id='block_1_6' title="bbox 197 614 1771 693">
    <p class='ocr_par' dir='ltr' id='par_1_6' title="bbox 197 614 1771 693">
     <span class='ocr_line' id='line_1_6' title="bbox 197 614 1771 693; baseline 0.009 -23"><span class='ocrx_word' id='word_1_33' title='bbox 197 614 295 671; x_wconf 84' lang='lat' dir='ltr'><strong>fide</strong></span> <span class='ocrx_word' id='word_1_34' title='bbox 319 624 421 683; x_wconf 84' lang='lat' dir='ltr'><strong>est,</strong></span> <span class='ocrx_word' id='word_1_35' title='bbox 454 619 592 672; x_wconf 78' lang='lat' dir='ltr'><strong>ratio</strong></span> <span class='ocrx_word' id='word_1_36' title='bbox 636 617 689 673; x_wconf 88' lang='lat' dir='ltr'><strong>in</strong></span> <span class='ocrx_word' id='word_1_37' title='bbox 732 618 933 676; x_wconf 87' lang='lat' dir='ltr'><strong>virtute</strong></span> <span class='ocrx_word' id='word_1_38' title='bbox 971 628 1078 689; x_wconf 85' lang='lat' dir='ltr'><strong>est,</strong></span> <span class='ocrx_word' id='word_1_39' title='bbox 1110 621 1333 680; x_wconf 70' lang='lat' dir='ltr'><strong>effectus</strong></span> <span class='ocrx_word' id='word_1_40' title='bbox 1372 625 1425 680; x_wconf 91' lang='lat' dir='ltr'><strong>iu</strong></span> <span class='ocrx_word' id='word_1_41' title='bbox 1467 626 1629 683; x_wconf 85' lang='lat' dir='ltr'><strong>rebus</strong></span> <span class='ocrx_word' id='word_1_42' title='bbox 1667 636 1771 693; x_wconf 85' lang='lat' dir='ltr'><strong>est.</strong></span> 
     </span>
    </p>
   </div>
   <div class='ocr_carea' id='block_1_7' title="bbox 195 708 847 780">
    <p class='ocr_par' dir='ltr' id='par_1_7' title="bbox 195 708 847 780">
     <span class='ocr_line' id='line_1_7' title="bbox 195 708 847 780; baseline 0 -15"><span class='ocrx_word' id='word_1_43' title='bbox 195 724 341 765; x_wconf 87' lang='lat' dir='ltr'><strong>causa</strong></span> <span class='ocrx_word' id='word_1_44' title='bbox 370 708 421 763; x_wconf 90' lang='lat' dir='ltr'><strong>in</strong></span> <span class='ocrx_word' id='word_1_45' title='bbox 450 716 716 780; x_wconf 84' lang='lat' dir='ltr'><strong>potestate</strong></span> <span class='ocrx_word' id='word_1_46' title='bbox 743 720 847 766; x_wconf 87' lang='lat' dir='ltr'><strong>est.</strong></span> 
     </span>
    </p>
   </div>
   <div class='ocr_carea' id='block_1_8' title="bbox 258 800 1774 877">
    <p class='ocr_par' dir='ltr' id='par_1_8' title="bbox 258 800 1774 877">
     <span class='ocr_line' id='line_1_8' title="bbox 258 800 1774 877; baseline 0.008 -22"><span class='ocrx_word' id='word_1_47' title='bbox 258 803 338 857; x_wconf 77' lang='grc' dir='ltr'><strong>Ἡ).</strong></span> <span class='ocrx_word' id='word_1_48' title='bbox 371 800 553 857; x_wconf 82' lang='lat' dir='ltr'><strong>Cordis</strong></span> <span class='ocrx_word' id='word_1_49' title='bbox 581 804 737 859; x_wconf 81' lang='lat' dir='ltr'><strong>simul</strong></span> <span class='ocrx_word' id='word_1_50' title='bbox 779 815 827 858; x_wconf 88' lang='lat' dir='ltr'><strong>et</strong></span> <span class='ocrx_word' id='word_1_51' title='bbox 863 805 967 860; x_wconf 89' lang='lat' dir='ltr'><strong>oris</strong></span> <span class='ocrx_word' id='word_1_52' title='bbox 1002 804 1149 862; x_wconf 86' lang='lat' dir='ltr'><strong>debet</strong></span> <span class='ocrx_word' id='word_1_53' title='bbox 1178 824 1287 864; x_wconf 84' lang='lat' dir='ltr'><strong>esse</strong></span> <span class='ocrx_word' id='word_1_54' title='bbox 1324 808 1471 877; x_wconf 73' lang='lat' dir='ltr'><strong>ﬁdes.</strong></span> <span class='ocrx_word' id='word_1_55' title='bbox 1506 809 1687 867; x_wconf 77' lang='lat' dir='ltr'><strong>Brevis</strong></span> <span class='ocrx_word' id='word_1_56' title='bbox 1726 821 1774 868; x_wconf 86' lang='lat' dir='ltr'><strong>et</strong></span> 
     </span>
    </p>
   </div>
   <div class='ocr_carea' id='block_1_9' title="bbox 193 898 1773 972">
    <p class='ocr_par' dir='ltr' id='par_1_9' title="bbox 193 898 1773 972">
     <span class='ocr_line' id='line_1_9' title="bbox 193 898 1773 972; baseline 0.006 -20"><span class='ocrx_word' id='word_1_57' title='bbox 193 900 346 972; x_wconf 77' lang='lat' dir='ltr'><strong>facilis</strong></span> <span class='ocrx_word' id='word_1_58' title='bbox 370 901 438 952; x_wconf 75' lang='lat' dir='ltr'><strong>ad</strong></span> <span class='ocrx_word' id='word_1_59' title='bbox 465 898 680 955; x_wconf 84' lang='lat' dir='ltr'><strong>salutem</strong></span> <span class='ocrx_word' id='word_1_60' title='bbox 701 901 805 970; x_wconf 75' lang='lat' dir='ltr'><strong>via,</strong></span> <span class='ocrx_word' id='word_1_61' title='bbox 835 899 983 971; x_wconf 81' lang='lat' dir='ltr'><strong>ﬁdes.</strong></span> <span class='ocrx_word' id='word_1_62' title='bbox 1012 932 1085 943; x_wconf 91' lang='lat'><strong>——</strong></span> <span class='ocrx_word' id='word_1_63' title='bbox 1110 902 1218 959; x_wconf 84' lang='lat' dir='ltr'><strong>Sed</strong></span> <span class='ocrx_word' id='word_1_64' title='bbox 1248 919 1352 959; x_wconf 87' lang='lat' dir='ltr'><strong>non</strong></span> <span class='ocrx_word' id='word_1_65' title='bbox 1385 914 1606 963; x_wconf 82' lang='lat' dir='ltr'><strong>nutante</strong></span> <span class='ocrx_word' id='word_1_66' title='bbox 1627 906 1693 962; x_wconf 88' lang='lat' dir='ltr'><strong>ad</strong></span> <span class='ocrx_word' id='word_1_67' title='bbox 1721 906 1773 962; x_wconf 89' lang='lat' dir='ltr'><strong>id</strong></span> 
     </span>
    </p>
   </div>
   <div class='ocr_carea' id='block_1_10' title="bbox 190 994 1771 1073">
    <p class='ocr_par' dir='ltr' id='par_1_10' title="bbox 190 994 1771 1073">
     <span class='ocr_line' id='line_1_10' title="bbox 190 994 1771 1073; baseline 0.005 -21"><span class='ocrx_word' id='word_1_68' title='bbox 190 1010 313 1066; x_wconf 77' lang='lat' dir='ltr'><strong>epos</strong></span> <span class='ocrx_word' id='word_1_69' title='bbox 334 1005 415 1050; x_wconf 83' lang='lat' dir='ltr'><strong>est</strong></span> <span class='ocrx_word' id='word_1_70' title='bbox 443 994 797 1051; x_wconf 80' lang='lat' dir='ltr'><strong>conscientia.</strong></span> <span class='ocrx_word' id='word_1_71' title='bbox 834 998 1123 1067; x_wconf 79' lang='lat' dir='ltr'><strong>Apostolus</strong></span> <span class='ocrx_word' id='word_1_72' title='bbox 1153 999 1306 1055; x_wconf 74' lang='lat' dir='ltr'><strong>enim’</strong></span> <span class='ocrx_word' id='word_1_73' title='bbox 1328 1008 1495 1057; x_wconf 88' lang='lat' dir='ltr'><strong>totum</strong></span> <span class='ocrx_word' id='word_1_74' title='bbox 1523 1001 1771 1073; x_wconf 83' lang='lat' dir='ltr'><strong>Scriptu-</strong></span> 
     </span>
    </p>
   </div>
   <div class='ocr_carea' id='block_1_11' title="bbox 189 1092 1774 1164">
    <p class='ocr_par' dir='ltr' id='par_1_11' title="bbox 189 1092 1774 1164">
     <span class='ocr_line' id='line_1_11' title="bbox 189 1092 1774 1164; baseline 0.006 -17"><span class='ocrx_word' id='word_1_75' title='bbox 189 1108 257 1147; x_wconf 71' lang='grc' dir='ltr'><strong>ηε</strong></span> <span class='ocrx_word' id='word_1_76' title='bbox 306 1092 616 1163; x_wconf 79' lang='lat' dir='ltr'><strong>mysterium</strong></span> <span class='ocrx_word' id='word_1_77' title='bbox 675 1108 998 1164; x_wconf 77' lang='lat' dir='ltr'><strong>exsequens,</strong></span> <span class='ocrx_word' id='word_1_78' title='bbox 1051 1096 1125 1151; x_wconf 87' lang='lat' dir='ltr'><strong>ait</strong></span> <span class='ocrx_word' id='word_1_79' title='bbox 1179 1114 1192 1150; x_wconf 90' lang='lat'><strong>:</strong></span> <span class='ocrx_word' id='word_1_80' title='bbox 1237 1097 1402 1153; x_wconf 67' lang='lat' dir='ltr'><strong>Juxta</strong></span> <span class='ocrx_word' id='word_1_81' title='bbox 1446 1109 1521 1153; x_wconf 88' lang='lat' dir='ltr'><strong>est</strong></span> <span class='ocrx_word' id='word_1_82' title='bbox 1564 1099 1774 1155; x_wconf 77' lang='lat' dir='ltr'><strong>verbum</strong></span> 
     </span>
    </p>
   </div>
   <div class='ocr_carea' id='block_1_12' title="bbox 188 1184 1769 1260">
    <p class='ocr_par' dir='ltr' id='par_1_12' title="bbox 188 1184 1769 1260">
     <span class='ocr_line' id='line_1_12' title="bbox 188 1184 1769 1260; baseline 0.006 -21"><span class='ocrx_word' id='word_1_83' title='bbox 188 1194 319 1239; x_wconf 75' lang='lat' dir='ltr'><strong>tuum</strong></span> <span class='ocrx_word' id='word_1_84' title='bbox 344 1185 396 1238; x_wconf 86' lang='lat' dir='ltr'><strong>in</strong></span> <span class='ocrx_word' id='word_1_85' title='bbox 427 1200 512 1238; x_wconf 88' lang='lat' dir='ltr'><strong>ore</strong></span> <span class='ocrx_word' id='word_1_86' title='bbox 530 1193 619 1239; x_wconf 82' lang='lat' dir='ltr'><strong>tuo</strong></span> <span class='ocrx_word' id='word_1_87' title='bbox 639 1186 761 1240; x_wconf 86' lang='lat' dir='ltr'><strong>etin</strong></span> <span class='ocrx_word' id='word_1_88' title='bbox 782 1184 933 1242; x_wconf 86' lang='lat' dir='ltr'><strong>corde</strong></span> <span class='ocrx_word' id='word_1_89' title='bbox 956 1196 1042 1241; x_wconf 88' lang='lat' dir='ltr'><strong>tuo</strong></span> <span class='ocrx_word' id='word_1_90' title='bbox 1071 1188 1247 1258; x_wconf 81' lang='lat' dir='ltr'><strong>(Rom.</strong></span> <span class='ocrx_word' id='word_1_91' title='bbox 1277 1206 1329 1256; x_wconf 84' lang='lat' dir='ltr'><strong>x,</strong></span> <span class='ocrx_word' id='word_1_92' title='bbox 1354 1190 1423 1258; x_wconf 86' lang='lat'><strong>8;</strong></span> <span class='ocrx_word' id='word_1_93' title='bbox 1449 1188 1606 1246; x_wconf 91' lang='lat' dir='ltr'><strong>Deut.</strong></span> <span class='ocrx_word' id='word_1_94' title='bbox 1633 1208 1769 1260; x_wconf 79' lang='lat' dir='ltr'><strong>xxx,</strong></span> 
     </span>
    </p>
   </div>
   <div class='ocr_carea' id='block_1_13' title="bbox 190 1276 1772 1355">
    <p class='ocr_par' dir='ltr' id='par_1_13' title="bbox 190 1276 1772 1355">
     <span class='ocr_line' id='line_1_13' title="bbox 190 1276 1772 1355; baseline 0.005 -20"><span class='ocrx_word' id='word_1_95' title='bbox 190 1279 286 1350; x_wconf 78' lang='lat' dir='ltr'><strong>ll).</strong></span> <span class='ocrx_word' id='word_1_96' title='bbox 314 1276 434 1334; x_wconf 80' lang='lat' dir='ltr'><strong>Non</strong></span> <span class='ocrx_word' id='word_1_97' title='bbox 467 1279 619 1334; x_wconf 83' lang='lat' dir='ltr'><strong>tarde</strong></span> <span class='ocrx_word' id='word_1_98' title='bbox 648 1294 785 1350; x_wconf 86' lang='lat' dir='ltr'><strong>opus</strong></span> <span class='ocrx_word' id='word_1_99' title='bbox 826 1291 910 1337; x_wconf 87' lang='lat' dir='ltr'><strong>est</strong></span> <span class='ocrx_word' id='word_1_100' title='bbox 946 1282 1224 1354; x_wconf 89' lang='lat' dir='ltr'><strong>petitoque</strong></span> <span class='ocrx_word' id='word_1_101' title='bbox 1260 1284 1416 1355; x_wconf 79' lang='lat' dir='ltr'><strong>longe</strong></span> <span class='ocrx_word' id='word_1_102' title='bbox 1446 1286 1613 1342; x_wconf 86' lang='lat' dir='ltr'><strong>verbo</strong></span> <span class='ocrx_word' id='word_1_103' title='bbox 1641 1301 1772 1342; x_wconf 90' lang='lat' dir='ltr'><strong>cou—</strong></span> 
     </span>
    </p>
   </div>
   <div class='ocr_carea' id='block_1_14' title="bbox 182 1371 1772 1450">
    <p class='ocr_par' dir='ltr' id='par_1_14' title="bbox 182 1371 1772 1450">
     <span class='ocr_line' id='line_1_14' title="bbox 182 1371 1772 1450; baseline 0.006 -23"><span class='ocrx_word' id='word_1_104' title='bbox 182 1371 446 1439; x_wconf 83' lang='lat' dir='ltr'><strong>fcssionis,</strong></span> <span class='ocrx_word' id='word_1_105' title='bbox 474 1388 571 1429; x_wconf 89' lang='lat' dir='ltr'><strong>nec</strong></span> <span class='ocrx_word' id='word_1_106' title='bbox 599 1372 886 1429; x_wconf 74' lang='lat' dir='ltr'><strong>intervallo</strong></span> <span class='ocrx_word' id='word_1_107' title='bbox 912 1375 1091 1447; x_wconf 88' lang='lat' dir='ltr'><strong>aliquo</strong></span> <span class='ocrx_word' id='word_1_108' title='bbox 1117 1376 1260 1432; x_wconf 89' lang='lat' dir='ltr'><strong>inter</strong></span> <span class='ocrx_word' id='word_1_109' title='bbox 1284 1390 1382 1432; x_wconf 90' lang='lat' dir='ltr'><strong>cor</strong></span> <span class='ocrx_word' id='word_1_110' title='bbox 1411 1386 1575 1450; x_wconf 88' lang='lat' dir='ltr'><strong>atque</strong></span> <span class='ocrx_word' id='word_1_111' title='bbox 1601 1394 1663 1435; x_wconf 86' lang='lat' dir='ltr'><strong>os</strong></span> <span class='ocrx_word' id='word_1_112' title='bbox 1686 1396 1772 1436; x_wconf 87' lang='lat' dir='ltr'><strong>re-</strong></span> 
     </span>
    </p>
   </div>
   <div class='ocr_carea' id='block_1_15' title="bbox 181 1464 1769 1542">
    <p class='ocr_par' dir='ltr' id='par_1_15' title="bbox 181 1464 1769 1542">
     <span class='ocr_line' id='line_1_15' title="bbox 181 1464 1769 1542; baseline 0.004 -22"><span class='ocrx_word' id='word_1_113' title='bbox 181 1464 315 1530; x_wconf 79' lang='lat' dir='ltr'><strong>licto,</strong></span> <span class='ocrx_word' id='word_1_114' title='bbox 350 1465 577 1536; x_wconf 81' lang='lat' dir='ltr'><strong>utquod</strong></span> <span class='ocrx_word' id='word_1_115' title='bbox 619 1467 685 1522; x_wconf 85' lang='lat' dir='ltr'><strong>ad</strong></span> <span class='ocrx_word' id='word_1_116' title='bbox 734 1467 1183 1536; x_wconf 85' lang='lat' dir='ltr'><strong>prolestationem</strong></span> <span class='ocrx_word' id='word_1_117' title='bbox 1228 1468 1506 1540; x_wconf 76' lang='lat' dir='ltr'><strong>religionis</strong></span> <span class='ocrx_word' id='word_1_118' title='bbox 1546 1470 1769 1542; x_wconf 83' lang='lat' dir='ltr'><strong>loquen-</strong></span> 
     </span>
    </p>
   </div>
   <div class='ocr_carea' id='block_1_16' title="bbox 180 1560 1765 1635">
    <p class='ocr_par' dir='ltr' id='par_1_16' title="bbox 180 1560 1765 1635">
     <span class='ocr_line' id='line_1_16' title="bbox 180 1560 1765 1635; baseline 0.003 -18"><span class='ocrx_word' id='word_1_119' title='bbox 180 1560 295 1617; x_wconf 88' lang='lat' dir='ltr'><strong>dum</strong></span> <span class='ocrx_word' id='word_1_120' title='bbox 321 1561 415 1628; x_wconf 89' lang='lat' dir='ltr'><strong>sit,</strong></span> <span class='ocrx_word' id='word_1_121' title='bbox 451 1577 546 1633; x_wconf 87' lang='lat' dir='ltr'><strong>per</strong></span> <span class='ocrx_word' id='word_1_122' title='bbox 585 1560 863 1617; x_wconf 78' lang='lat' dir='ltr'><strong>inﬁdelem</strong></span> <span class='ocrx_word' id='word_1_123' title='bbox 902 1561 1308 1633; x_wconf 79' lang='lat' dir='ltr'><strong>ambiguitatem</strong></span> <span class='ocrx_word' id='word_1_124' title='bbox 1349 1566 1635 1635; x_wconf 72' lang='lat' dir='ltr'><strong>cogitetur.</strong></span> <span class='ocrx_word' id='word_1_125' title='bbox 1660 1565 1765 1622; x_wconf 86' lang='lat' dir='ltr'><strong>Sed</strong></span> 
     </span>
    </p>
   </div>
   <div class='ocr_carea' id='block_1_17' title="bbox 181 1654 1762 1729">
    <p class='ocr_par' dir='ltr' id='par_1_17' title="bbox 181 1654 1762 1729">
     <span class='ocr_line' id='line_1_17' title="bbox 181 1654 1762 1729; baseline 0.004 -22"><span class='ocrx_word' id='word_1_126' title='bbox 181 1663 227 1707; x_wconf 85' lang='lat' dir='ltr'><strong>et</strong></span> <span class='ocrx_word' id='word_1_127' title='bbox 273 1654 422 1724; x_wconf 74' lang='lat' dir='ltr'><strong>juxta</strong></span> <span class='ocrx_word' id='word_1_128' title='bbox 455 1667 554 1708; x_wconf 87' lang='lat' dir='ltr'><strong>nos</strong></span> <span class='ocrx_word' id='word_1_129' title='bbox 581 1667 706 1709; x_wconf 81' lang='lat' dir='ltr'><strong>esse</strong></span> <span class='ocrx_word' id='word_1_130' title='bbox 749 1661 996 1724; x_wconf 80' lang='lat' dir='ltr'><strong>oportet,</strong></span> <span class='ocrx_word' id='word_1_131' title='bbox 1049 1664 1099 1709; x_wconf 91' lang='grc' dir='ltr'><strong>ει</strong></span> <span class='ocrx_word' id='word_1_132' title='bbox 1152 1656 1202 1709; x_wconf 87' lang='lat' dir='ltr'><strong>in</strong></span> <span class='ocrx_word' id='word_1_133' title='bbox 1242 1654 1397 1711; x_wconf 81' lang='lat' dir='ltr'><strong>nobis</strong></span> <span class='ocrx_word' id='word_1_134' title='bbox 1425 1673 1438 1711; x_wconf 88' lang='lat'><strong>:</strong></span> <span class='ocrx_word' id='word_1_135' title='bbox 1471 1671 1538 1712; x_wconf 89' lang='lat' dir='ltr'><strong>ne</strong></span> <span class='ocrx_word' id='word_1_136' title='bbox 1587 1657 1762 1729; x_wconf 87' lang='lat' dir='ltr'><strong>aliqua</strong></span> 
     </span>
    </p>
   </div>
   <div class='ocr_carea' id='block_1_18' title="bbox 179 1745 1768 1819">
    <p class='ocr_par' dir='ltr' id='par_1_18' title="bbox 179 1745 1768 1819">
     <span class='ocr_line' id='line_1_18' title="bbox 179 1745 1768 1819; baseline 0.006 -21"><span class='ocrx_word' id='word_1_137' title='bbox 179 1745 248 1819; x_wconf 76' lang='lat' dir='ltr'><strong>(lt)</strong></span> <span class='ocrx_word' id='word_1_138' title='bbox 271 1746 410 1801; x_wconf 87' lang='lat' dir='ltr'><strong>inter</strong></span> <span class='ocrx_word' id='word_1_139' title='bbox 438 1746 710 1815; x_wconf 81' lang='lat' dir='ltr'><strong>regionem</strong></span> <span class='ocrx_word' id='word_1_140' title='bbox 741 1746 922 1802; x_wconf 80' lang='lat' dir='ltr'><strong>cordis</strong></span> <span class='ocrx_word' id='word_1_141' title='bbox 947 1756 1110 1818; x_wconf 90' lang='lat' dir='ltr'><strong>atque</strong></span> <span class='ocrx_word' id='word_1_142' title='bbox 1133 1748 1246 1802; x_wconf 90' lang='lat' dir='ltr'><strong>oris</strong></span> <span class='ocrx_word' id='word_1_143' title='bbox 1272 1763 1447 1815; x_wconf 85' lang='lat' dir='ltr'><strong>mora,</strong></span> <span class='ocrx_word' id='word_1_144' title='bbox 1474 1749 1608 1805; x_wconf 84' lang='lat' dir='ltr'><strong>fides</strong></span> <span class='ocrx_word' id='word_1_145' title='bbox 1626 1750 1768 1807; x_wconf 85' lang='lat' dir='ltr'><strong>forte</strong></span> 
     </span>
    </p>
   </div>
   <div class='ocr_carea' id='block_1_19' title="bbox 1878 533 3475 633">
    <p class='ocr_par' dir='ltr' id='par_1_19' title="bbox 1878 533 3475 633">
     <span class='ocr_line' id='line_1_19' title="bbox 1878 533 3475 633; baseline 0.021 -46"><span class='ocrx_word' id='word_1_146' title='bbox 1878 533 1953 589; x_wconf 89' lang='lat' dir='ltr'><strong>ait</strong></span> <span class='ocrx_word' id='word_1_147' title='bbox 1978 552 1991 588; x_wconf 91' lang='lat'><strong>:</strong></span> <span class='ocrx_word' id='word_1_148' title='bbox 2011 535 2174 605; x_wconf 84' lang='lat' dir='ltr'><strong>Deus,</strong></span> <span class='ocrx_word' id='word_1_149' title='bbox 2193 538 2337 597; x_wconf 88' lang='lat' dir='ltr'><strong>Deus</strong></span> <span class='ocrx_word' id='word_1_150' title='bbox 2351 558 2517 612; x_wconf 88' lang='lat' dir='ltr'><strong>meus,</strong></span> <span class='ocrx_word' id='word_1_151' title='bbox 2543 563 2701 617; x_wconf 85' lang='lat' dir='ltr'><strong>quare</strong></span> <span class='ocrx_word' id='word_1_152' title='bbox 2721 568 2801 607; x_wconf 88' lang='lat' dir='ltr'><strong>me</strong></span> <span class='ocrx_word' id='word_1_153' title='bbox 2821 555 3136 628; x_wconf 87' lang='lat' dir='ltr'><strong>dereliquisti</strong></span> <span class='ocrx_word' id='word_1_154' title='bbox 3150 559 3177 614; x_wconf 68' lang='lat' dir='ltr'><strong>i</strong></span> <span class='ocrx_word' id='word_1_155' title='bbox 3196 570 3268 631; x_wconf 89' lang='lat' dir='ltr'><strong>et,</strong></span> <span class='ocrx_word' id='word_1_156' title='bbox 3295 563 3475 633; x_wconf 87' lang='lat' dir='ltr'><strong>Pater,</strong></span> 
     </span>
    </p>
   </div>
   <div class='ocr_carea' id='block_1_20' title="bbox 1879 636 3470 729">
    <p class='ocr_par' dir='ltr' id='par_1_20' title="bbox 1879 636 3470 729">
     <span class='ocr_line' id='line_1_20' title="bbox 1879 636 3470 729; baseline 0.021 -46"><span class='ocrx_word' id='word_1_157' title='bbox 1879 636 2180 690; x_wconf 85' lang='lat' dir='ltr'><strong>commendo</strong></span> <span class='ocrx_word' id='word_1_158' title='bbox 2221 637 2274 692; x_wconf 87' lang='lat' dir='ltr'><strong>in</strong></span> <span class='ocrx_word' id='word_1_159' title='bbox 2310 655 2493 696; x_wconf 81' lang='lat' dir='ltr'><strong>ntanus</strong></span> <span class='ocrx_word' id='word_1_160' title='bbox 2529 653 2644 699; x_wconf 89' lang='lat' dir='ltr'><strong>tuas</strong></span> <span class='ocrx_word' id='word_1_161' title='bbox 2670 647 2911 716; x_wconf 78' lang='lat' dir='ltr'><strong>spiritum</strong></span> <span class='ocrx_word' id='word_1_162' title='bbox 2947 668 3117 708; x_wconf 82' lang='lat' dir='ltr'><strong>meum</strong></span> <span class='ocrx_word' id='word_1_163' title='bbox 3147 655 3340 729; x_wconf 74' lang='lat' dir='ltr'><strong>(Marc.</strong></span> <span class='ocrx_word' id='word_1_164' title='bbox 3379 676 3470 727; x_wconf 86' lang='lat' dir='ltr'><strong>xv,</strong></span> 
     </span>
    </p>
   </div>
   <div class='ocr_carea' id='block_1_21' title="bbox 1878 722 3476 811">
    <p class='ocr_par' dir='ltr' id='par_1_21' title="bbox 1878 722 3476 811">
     <span class='ocr_line' id='line_1_21' title="bbox 1878 722 3476 811; baseline 0.02 -34"><span class='ocrx_word' id='word_1_165' title='bbox 1878 722 1981 792; x_wconf 65' lang='grc' dir='ltr'><strong>’ὄις</strong></span> <span class='ocrx_word' id='word_1_166' title='bbox 2025 724 2154 782; x_wconf 81' lang='lat' dir='ltr'><strong>Luc.</strong></span> <span class='ocrx_word' id='word_1_167' title='bbox 2198 744 2355 798; x_wconf 64' lang='grc' dir='ltr'><strong>χχιιι,</strong></span> <span class='ocrx_word' id='word_1_168' title='bbox 2398 732 2494 807; x_wconf 71' lang='grc'><strong>46)</strong></span> <span class='ocrx_word' id='word_1_169' title='bbox 2530 753 2545 788; x_wconf 90' lang='lat'><strong>:</strong></span> <span class='ocrx_word' id='word_1_170' title='bbox 2593 739 2851 811; x_wconf 88' lang='lat' dir='ltr'><strong>numquid</strong></span> <span class='ocrx_word' id='word_1_171' title='bbox 2899 722 3230 804; x_wconf 80' lang='lat' dir='ltr'><strong>confessioni</strong></span> <span class='ocrx_word' id='word_1_172' title='bbox 3275 722 3476 810; x_wconf 64' lang='lat' dir='ltr'><strong>nostrae</strong></span> 
     </span>
    </p>
   </div>
   <div class='ocr_carea' id='block_1_22' title="bbox 1876 817 3474 911">
    <p class='ocr_par' dir='ltr' id='par_1_22' title="bbox 1876 817 3474 911">
     <span class='ocr_line' id='line_1_22' title="bbox 1876 817 3474 911; baseline 0.019 -41"><span class='ocrx_word' id='word_1_173' title='bbox 1876 817 2194 887; x_wconf 84' lang='lat' dir='ltr'><strong>consulens,</strong></span> <span class='ocrx_word' id='word_1_174' title='bbox 2236 820 2506 880; x_wconf 86' lang='lat' dir='ltr'><strong>infirmum</strong></span> <span class='ocrx_word' id='word_1_175' title='bbox 2553 841 2615 883; x_wconf 87' lang='lat' dir='ltr'><strong>se</strong></span> <span class='ocrx_word' id='word_1_176' title='bbox 2657 844 2777 886; x_wconf 86' lang='lat' dir='ltr'><strong>esse</strong></span> <span class='ocrx_word' id='word_1_177' title='bbox 2820 833 2999 902; x_wconf 78' lang='lat' dir='ltr'><strong>potius</strong></span> <span class='ocrx_word' id='word_1_178' title='bbox 3047 838 3328 897; x_wconf 85' lang='lat' dir='ltr'><strong>confessus</strong></span> <span class='ocrx_word' id='word_1_179' title='bbox 3371 853 3474 911; x_wconf 85' lang='lat' dir='ltr'><strong>est,</strong></span> 
     </span>
    </p>
   </div>
   <div class='ocr_carea' id='block_1_23' title="bbox 1875 917 3470 996">
    <p class='ocr_par' dir='ltr' id='par_1_23' title="bbox 1875 917 3470 996">
     <span class='ocr_line' id='line_1_23' title="bbox 1875 917 3470 996; baseline 0.018 -31"><span class='ocrx_word' id='word_1_180' title='bbox 1875 926 2038 982; x_wconf 83' lang='lat' dir='ltr'><strong>quam</strong></span> <span class='ocrx_word' id='word_1_181' title='bbox 2073 928 2173 969; x_wconf 90' lang='lat' dir='ltr'><strong>nos</strong></span> <span class='ocrx_word' id='word_1_182' title='bbox 2197 917 2479 990; x_wconf 76' lang='lat' dir='ltr'><strong>ambiguos</strong></span> <span class='ocrx_word' id='word_1_183' title='bbox 2510 935 2616 977; x_wconf 88' lang='lat' dir='ltr'><strong>non</strong></span> <span class='ocrx_word' id='word_1_184' title='bbox 2648 924 2907 996; x_wconf 84' lang='lat' dir='ltr'><strong>reliquit?</strong></span> <span class='ocrx_word' id='word_1_185' title='bbox 2938 928 3285 990; x_wconf 82' lang='lat' dir='ltr'><strong>Excitaturus</strong></span> <span class='ocrx_word' id='word_1_186' title='bbox 3317 952 3470 992; x_wconf 82' lang='lat' dir='ltr'><strong>nam-</strong></span> 
     </span>
    </p>
   </div>
   <div class='ocr_carea' id='block_1_24' title="bbox 1875 1005 3473 1099">
    <p class='ocr_par' dir='ltr' id='par_1_24' title="bbox 1875 1005 3473 1099">
     <span class='ocr_line' id='line_1_24' title="bbox 1875 1005 3473 1099; baseline 0.018 -41"><span class='ocrx_word' id='word_1_187' title='bbox 1875 1018 1980 1075; x_wconf 87' lang='lat' dir='ltr'><strong>que</strong></span> <span class='ocrx_word' id='word_1_188' title='bbox 2019 1005 2283 1065; x_wconf 78' lang='lat' dir='ltr'><strong>Lazarum</strong></span> <span class='ocrx_word' id='word_1_189' title='bbox 2329 1021 2450 1067; x_wconf 85' lang='lat' dir='ltr'><strong>orat</strong></span> <span class='ocrx_word' id='word_1_190' title='bbox 2483 1014 2550 1069; x_wconf 88' lang='lat' dir='ltr'><strong>ad</strong></span> <span class='ocrx_word' id='word_1_191' title='bbox 2601 1015 2813 1073; x_wconf 84' lang='lat' dir='ltr'><strong>Patrem</strong></span> <span class='ocrx_word' id='word_1_192' title='bbox 2847 1037 2860 1073; x_wconf 90' lang='lat'><strong>:</strong></span> <span class='ocrx_word' id='word_1_193' title='bbox 2892 1021 2971 1095; x_wconf 84' lang='lat' dir='ltr'><strong>(l)</strong></span> <span class='ocrx_word' id='word_1_194' title='bbox 3003 1026 3263 1098; x_wconf 87' lang='lat' dir='ltr'><strong>numquid</strong></span> <span class='ocrx_word' id='word_1_195' title='bbox 3313 1044 3473 1099; x_wconf 87' lang='lat' dir='ltr'><strong>prece</strong></span> 
     </span>
    </p>
   </div>
   <div class='ocr_carea' id='block_1_25' title="bbox 1874 1100 3475 1186">
    <p class='ocr_par' dir='ltr' id='par_1_25' title="bbox 1874 1100 3475 1186">
     <span class='ocr_line' id='line_1_25' title="bbox 1874 1100 3475 1186; baseline 0.015 -33"><span class='ocrx_word' id='word_1_196' title='bbox 1874 1100 2022 1169; x_wconf 77' lang='lat' dir='ltr'><strong>eguit</strong></span> <span class='ocrx_word' id='word_1_197' title='bbox 2069 1101 2258 1159; x_wconf 89' lang='lat' dir='ltr'><strong>dicens</strong></span> <span class='ocrx_word' id='word_1_198' title='bbox 2291 1119 2305 1157; x_wconf 91' lang='lat'><strong>:</strong></span> <span class='ocrx_word' id='word_1_199' title='bbox 2347 1103 2526 1175; x_wconf 83' lang='lat' dir='ltr'><strong>Pater,</strong></span> <span class='ocrx_word' id='word_1_200' title='bbox 2564 1110 2761 1181; x_wconf 80' lang='lat' dir='ltr'><strong>gratias</strong></span> <span class='ocrx_word' id='word_1_201' title='bbox 2798 1129 2896 1185; x_wconf 77' lang='lat' dir='ltr'><strong>ego</strong></span> <span class='ocrx_word' id='word_1_202' title='bbox 2931 1115 3022 1169; x_wconf 85' lang='lat' dir='ltr'><strong>tibi</strong></span> <span class='ocrx_word' id='word_1_203' title='bbox 3060 1118 3182 1186; x_wconf 87' lang='lat' dir='ltr'><strong>quia</strong></span> <span class='ocrx_word' id='word_1_204' title='bbox 3217 1124 3475 1177; x_wconf 74' lang='lat' dir='ltr'><strong>exaudiin</strong></span> 
     </span>
    </p>
   </div>
   <div class='ocr_carea' id='block_1_26' title="bbox 1873 1200 3474 1277">
    <p class='ocr_par' dir='ltr' id='par_1_26' title="bbox 1873 1200 3474 1277">
     <span class='ocr_line' id='line_1_26' title="bbox 1873 1200 3474 1277; baseline 0.014 -30"><span class='ocrx_word' id='word_1_205' title='bbox 1873 1209 1956 1249; x_wconf 78' lang='lat' dir='ltr'><strong>me</strong></span> <span class='ocrx_word' id='word_1_206' title='bbox 2002 1211 2022 1249; x_wconf 85' lang='lat'><strong>.&#39;</strong></span> <span class='ocrx_word' id='word_1_207' title='bbox 2063 1204 2111 1250; x_wconf 91' lang='lat' dir='ltr'><strong>et</strong></span> <span class='ocrx_word' id='word_1_208' title='bbox 2149 1213 2244 1269; x_wconf 85' lang='lat' dir='ltr'><strong>ego</strong></span> <span class='ocrx_word' id='word_1_209' title='bbox 2292 1200 2512 1254; x_wconf 83' lang='lat' dir='ltr'><strong>sciebam</strong></span> <span class='ocrx_word' id='word_1_210' title='bbox 2554 1207 2675 1272; x_wconf 83' lang='lat' dir='ltr'><strong>quia</strong></span> <span class='ocrx_word' id='word_1_211' title='bbox 2721 1220 2923 1277; x_wconf 83' lang='lat' dir='ltr'><strong>semper</strong></span> <span class='ocrx_word' id='word_1_212' title='bbox 2969 1224 3048 1264; x_wconf 87' lang='lat' dir='ltr'><strong>me</strong></span> <span class='ocrx_word' id='word_1_213' title='bbox 3088 1213 3322 1276; x_wconf 76' lang='lat' dir='ltr'><strong>exaudis,</strong></span> <span class='ocrx_word' id='word_1_214' title='bbox 3382 1217 3474 1270; x_wconf 88' lang='lat' dir='ltr'><strong>sed</strong></span> 
     </span>
    </p>
   </div>
   <div class='ocr_carea' id='block_1_27' title="bbox 1873 1289 3471 1369">
    <p class='ocr_par' dir='ltr' id='par_1_27' title="bbox 1873 1289 3471 1369">
     <span class='ocr_line' id='line_1_27' title="bbox 1873 1289 3471 1369; baseline 0.014 -31"><span class='ocrx_word' id='word_1_215' title='bbox 1873 1296 2080 1357; x_wconf 79' lang='lat' dir='ltr'><strong>propter</strong></span> <span class='ocrx_word' id='word_1_216' title='bbox 2128 1289 2331 1343; x_wconf 84' lang='lat' dir='ltr'><strong>turbam</strong></span> <span class='ocrx_word' id='word_1_217' title='bbox 2368 1290 2446 1365; x_wconf 83' lang='lat' dir='ltr'><strong>(f)</strong></span> <span class='ocrx_word' id='word_1_218' title='bbox 2476 1293 2607 1361; x_wconf 74' lang='lat' dir='ltr'><strong>dixi,</strong></span> <span class='ocrx_word' id='word_1_219' title='bbox 2645 1304 2703 1349; x_wconf 83' lang='lat' dir='ltr'><strong>ut</strong></span> <span class='ocrx_word' id='word_1_220' title='bbox 2732 1298 2940 1353; x_wconf 82' lang='lat' dir='ltr'><strong>credant</strong></span> <span class='ocrx_word' id='word_1_221' title='bbox 2980 1301 3102 1369; x_wconf 87' lang='lat' dir='ltr'><strong>quia</strong></span> <span class='ocrx_word' id='word_1_222' title='bbox 3144 1311 3201 1357; x_wconf 87' lang='lat' dir='ltr'><strong>tu</strong></span> <span class='ocrx_word' id='word_1_223' title='bbox 3248 1322 3327 1361; x_wconf 85' lang='lat' dir='ltr'><strong>me</strong></span> <span class='ocrx_word' id='word_1_224' title='bbox 3376 1309 3471 1361; x_wconf 83' lang='lat' dir='ltr'><strong>mi-</strong></span> 
     </span>
    </p>
   </div>
   <div class='ocr_carea' id='block_1_28' title="bbox 1871 1380 3473 1463">
    <p class='ocr_par' dir='ltr' id='par_1_28' title="bbox 1871 1380 3473 1463">
     <span class='ocr_line' id='line_1_28' title="bbox 1871 1380 3473 1463; baseline 0.014 -31"><span class='ocrx_word' id='word_1_225' title='bbox 1871 1380 1979 1434; x_wconf 85' lang='lat' dir='ltr'><strong>sisti</strong></span> <span class='ocrx_word' id='word_1_226' title='bbox 2002 1380 2182 1451; x_wconf 68' lang='lat' dir='ltr'><strong>(John.</strong></span> <span class='ocrx_word' id='word_1_227' title='bbox 2205 1398 2281 1451; x_wconf 73' lang='grc' dir='ltr'><strong>ιι,</strong></span> <span class='ocrx_word' id='word_1_228' title='bbox 2304 1383 2370 1438; x_wconf 64' lang='lat' dir='ltr'><strong>Li</strong></span> <span class='ocrx_word' id='word_1_229' title='bbox 2397 1394 2443 1440; x_wconf 86' lang='lat' dir='ltr'><strong>et</strong></span> <span class='ocrx_word' id='word_1_230' title='bbox 2461 1385 2596 1457; x_wconf 68' lang='lat'><strong>42)?</strong></span> <span class='ocrx_word' id='word_1_231' title='bbox 2621 1387 2786 1445; x_wconf 85' lang='lat' dir='ltr'><strong>Nobis</strong></span> <span class='ocrx_word' id='word_1_232' title='bbox 2811 1391 2991 1463; x_wconf 85' lang='lat' dir='ltr'><strong>itaque</strong></span> <span class='ocrx_word' id='word_1_233' title='bbox 3016 1395 3212 1462; x_wconf 88' lang='lat' dir='ltr'><strong>oravit,</strong></span> <span class='ocrx_word' id='word_1_234' title='bbox 3239 1413 3307 1452; x_wconf 89' lang='lat' dir='ltr'><strong>ne</strong></span> <span class='ocrx_word' id='word_1_235' title='bbox 3330 1397 3473 1455; x_wconf 90' lang='lat' dir='ltr'><strong>filius</strong></span> 
     </span>
    </p>
   </div>
   <div class='ocr_carea' id='block_1_29' title="bbox 1867 1474 3469 1566">
    <p class='ocr_par' dir='ltr' id='par_1_29' title="bbox 1867 1474 3469 1566">
     <span class='ocr_line' id='line_1_29' title="bbox 1867 1474 3469 1566; baseline 0.012 -35"><span class='ocrx_word' id='word_1_236' title='bbox 1867 1474 2211 1547; x_wconf 80' lang='lat' dir='ltr'><strong>ignoraretur</strong></span> <span class='ocrx_word' id='word_1_237' title='bbox 2249 1495 2264 1537; x_wconf 86' lang='lat'><strong>:</strong></span> <span class='ocrx_word' id='word_1_238' title='bbox 2308 1489 2363 1537; x_wconf 84' lang='lat' dir='ltr'><strong>et</strong></span> <span class='ocrx_word' id='word_1_239' title='bbox 2397 1496 2519 1538; x_wconf 86' lang='lat' dir='ltr'><strong>cum</strong></span> <span class='ocrx_word' id='word_1_240' title='bbox 2558 1484 2660 1539; x_wconf 87' lang='lat' dir='ltr'><strong>sibi</strong></span> <span class='ocrx_word' id='word_1_241' title='bbox 2706 1501 2813 1541; x_wconf 88' lang='lat' dir='ltr'><strong>non</strong></span> <span class='ocrx_word' id='word_1_242' title='bbox 2857 1487 3148 1558; x_wconf 81' lang='lat' dir='ltr'><strong>proliceret</strong></span> <span class='ocrx_word' id='word_1_243' title='bbox 3174 1490 3337 1566; x_wconf 75' lang='lat'><strong>372</strong></span> <span class='ocrx_word' id='word_1_244' title='bbox 3372 1493 3469 1549; x_wconf 86' lang='lat' dir='ltr'><strong>de-</strong></span> 
     </span>
    </p>
   </div>
   <div class='ocr_carea' id='block_1_30' title="bbox 1869 1571 3469 1645">
    <p class='ocr_par' dir='ltr' id='par_1_30' title="bbox 1869 1571 3469 1645">
     <span class='ocr_line' id='line_1_30' title="bbox 1869 1571 3469 1645; baseline 0.012 -23"><span class='ocrx_word' id='word_1_245' title='bbox 1869 1571 2197 1640; x_wconf 76' lang='lat' dir='ltr'><strong>precationis</strong></span> <span class='ocrx_word' id='word_1_246' title='bbox 2224 1587 2426 1640; x_wconf 86' lang='lat' dir='ltr'><strong>sermo,</strong></span> <span class='ocrx_word' id='word_1_247' title='bbox 2467 1576 2532 1631; x_wconf 89' lang='lat' dir='ltr'><strong>ad</strong></span> <span class='ocrx_word' id='word_1_248' title='bbox 2576 1576 2874 1645; x_wconf 85' lang='lat' dir='ltr'><strong>profectum</strong></span> <span class='ocrx_word' id='word_1_249' title='bbox 2906 1587 3088 1638; x_wconf 82' lang='lat' dir='ltr'><strong>tamen</strong></span> <span class='ocrx_word' id='word_1_250' title='bbox 3113 1595 3315 1641; x_wconf 69' lang='lat' dir='ltr'><strong>nostra:</strong></span> <span class='ocrx_word' id='word_1_251' title='bbox 3345 1585 3469 1643; x_wconf 86' lang='lat' dir='ltr'><strong>fidei</strong></span> 
     </span>
    </p>
   </div>
   <div class='ocr_carea' id='block_1_31' title="bbox 1868 1662 3463 1741">
    <p class='ocr_par' dir='ltr' id='par_1_31' title="bbox 1868 1662 3463 1741">
     <span class='ocr_line' id='line_1_31' title="bbox 1868 1662 3463 1741; baseline 0.011 -24"><span class='ocrx_word' id='word_1_252' title='bbox 1868 1662 2208 1734; x_wconf 78' lang='lat' dir='ltr'><strong>loquebatur.</strong></span> <span class='ocrx_word' id='word_1_253' title='bbox 2239 1665 2536 1737; x_wconf 75' lang='lat' dir='ltr'><strong>Noninops</strong></span> <span class='ocrx_word' id='word_1_254' title='bbox 2559 1684 2692 1741; x_wconf 78' lang='lat' dir='ltr'><strong>ergo</strong></span> <span class='ocrx_word' id='word_1_255' title='bbox 2723 1678 2833 1726; x_wconf 82' lang='lat' dir='ltr'><strong>tum</strong></span> <span class='ocrx_word' id='word_1_256' title='bbox 2860 1674 3045 1730; x_wconf 81' lang='lat' dir='ltr'><strong>auxilii</strong></span> <span class='ocrx_word' id='word_1_257' title='bbox 3072 1685 3158 1731; x_wconf 89' lang='lat' dir='ltr'><strong>est</strong></span> <span class='ocrx_word' id='word_1_258' title='bbox 3189 1694 3203 1732; x_wconf 89' lang='lat'><strong>:</strong></span> <span class='ocrx_word' id='word_1_259' title='bbox 3230 1679 3323 1733; x_wconf 87' lang='lat' dir='ltr'><strong>sed</strong></span> <span class='ocrx_word' id='word_1_260' title='bbox 3364 1695 3463 1735; x_wconf 86' lang='lat' dir='ltr'><strong>nos</strong></span> 
     </span>
    </p>
   </div>
   <div class='ocr_carea' id='block_1_32' title="bbox 1868 1757 3469 1842">
    <p class='ocr_par' dir='ltr' id='par_1_32' title="bbox 1868 1757 3469 1842">
     <span class='ocr_line' id='line_1_32' title="bbox 1868 1757 3469 1842; baseline 0.011 -31"><span class='ocrx_word' id='word_1_261' title='bbox 1868 1770 2054 1812; x_wconf 87' lang='lat' dir='ltr'><strong>sumus</strong></span> <span class='ocrx_word' id='word_1_262' title='bbox 2086 1757 2274 1829; x_wconf 85' lang='lat' dir='ltr'><strong>inopes</strong></span> <span class='ocrx_word' id='word_1_263' title='bbox 2299 1759 2584 1817; x_wconf 64' lang='lat' dir='ltr'><strong>doctrinae.</strong></span> <span class='ocrx_word' id='word_1_264' title='bbox 2607 1761 2909 1821; x_wconf 82' lang='lat' dir='ltr'><strong>Clarificari</strong></span> <span class='ocrx_word' id='word_1_265' title='bbox 2940 1781 3001 1822; x_wconf 88' lang='lat' dir='ltr'><strong>se</strong></span> <span class='ocrx_word' id='word_1_266' title='bbox 3029 1783 3244 1839; x_wconf 82' lang='lat' dir='ltr'><strong>quoque</strong></span> <span class='ocrx_word' id='word_1_267' title='bbox 3274 1770 3469 1842; x_wconf 88' lang='lat' dir='ltr'><strong>depre-</strong></span> 
     </span>
    </p>
   </div>
   <div class='ocr_carea' id='block_1_33' title="bbox 178 1834 3469 1931">
    <p class='ocr_par' dir='ltr' id='par_1_33' title="bbox 178 1834 3469 1931">
     <span class='ocr_line' id='line_1_33' title="bbox 178 1834 3469 1931; baseline 0.008 -37"><span class='ocrx_word' id='word_1_268' title='bbox 178 1849 343 1904; x_wconf 74' lang='lat' dir='ltr'><strong>nostra</strong></span> <span class='ocrx_word' id='word_1_269' title='bbox 390 1856 495 1896; x_wconf 91' lang='lat' dir='ltr'><strong>non</strong></span> <span class='ocrx_word' id='word_1_270' title='bbox 539 1840 610 1895; x_wconf 87' lang='lat' dir='ltr'><strong>ita</strong></span> <span class='ocrx_word' id='word_1_271' title='bbox 642 1840 695 1895; x_wconf 89' lang='lat' dir='ltr'><strong>ln</strong></span> <span class='ocrx_word' id='word_1_272' title='bbox 727 1855 889 1897; x_wconf 87' lang='lat' dir='ltr'><strong>sensu</strong></span> <span class='ocrx_word' id='word_1_273' title='bbox 921 1841 1011 1907; x_wconf 75' lang='lat' dir='ltr'><strong>sit,</strong></span> <span class='ocrx_word' id='word_1_274' title='bbox 1058 1850 1114 1895; x_wconf 90' lang='lat' dir='ltr'><strong>ut</strong></span> <span class='ocrx_word' id='word_1_275' title='bbox 1157 1841 1211 1896; x_wconf 91' lang='lat' dir='ltr'><strong>in</strong></span> <span class='ocrx_word' id='word_1_276' title='bbox 1250 1841 1465 1910; x_wconf 82' lang='lat' dir='ltr'><strong>verbis;</strong></span> <span class='ocrx_word' id='word_1_277' title='bbox 1504 1843 1598 1899; x_wconf 90' lang='lat' dir='ltr'><strong>sed</strong></span> <span class='ocrx_word' id='word_1_278' title='bbox 1629 1859 1760 1899; x_wconf 87' lang='lat' dir='ltr'><strong>con-</strong></span> <span class='ocrx_word' id='word_1_279' title='bbox 1795 1834 1844 1896; x_wconf 82' lang='grc' dir='ltr'><strong>Β</strong></span> <span class='ocrx_word' id='word_1_280' title='bbox 1869 1858 2042 1917; x_wconf 89' lang='lat' dir='ltr'><strong>catur,</strong></span> <span class='ocrx_word' id='word_1_281' title='bbox 2066 1865 2127 1905; x_wconf 90' lang='lat' dir='ltr'><strong>ac</strong></span> <span class='ocrx_word' id='word_1_282' title='bbox 2156 1868 2278 1906; x_wconf 71' lang='lat' dir='ltr'><strong>nios</strong></span> <span class='ocrx_word' id='word_1_283' title='bbox 2302 1852 2372 1909; x_wconf 89' lang='lat' dir='ltr'><strong>de</strong></span> <span class='ocrx_word' id='word_1_284' title='bbox 2396 1856 2539 1911; x_wconf 73' lang='lat' dir='ltr'><strong>coelo</strong></span> <span class='ocrx_word' id='word_1_285' title='bbox 2567 1870 2667 1911; x_wconf 78' lang='lat' dir='ltr'><strong>vox</strong></span> <span class='ocrx_word' id='word_1_286' title='bbox 2695 1858 2788 1913; x_wconf 87' lang='lat' dir='ltr'><strong>Dei</strong></span> <span class='ocrx_word' id='word_1_287' title='bbox 2812 1859 2981 1931; x_wconf 81' lang='lat' dir='ltr'><strong>patris</strong></span> <span class='ocrx_word' id='word_1_288' title='bbox 3007 1834 3469 1921; x_wconf 39' lang='lat' dir='ltr'><strong>clarificautis’au-</strong></span> 
     </span>
    </p>
   </div>
   <div class='ocr_carea' id='block_1_34' title="bbox 178 1932 1757 2003">
    <p class='ocr_par' dir='ltr' id='par_1_34' title="bbox 178 1932 1757 2003">
     <span class='ocr_line' id='line_1_34' title="bbox 178 1932 1757 2003; baseline 0.003 -17"><span class='ocrx_word' id='word_1_289' title='bbox 178 1946 299 1987; x_wconf 78' lang='lat' dir='ltr'><strong>nexa</strong></span> <span class='ocrx_word' id='word_1_290' title='bbox 336 1932 423 1987; x_wconf 83' lang='lat' dir='ltr'><strong>ori</strong></span> <span class='ocrx_word' id='word_1_291' title='bbox 452 1943 614 2003; x_wconf 87' lang='lat' dir='ltr'><strong>atque</strong></span> <span class='ocrx_word' id='word_1_292' title='bbox 651 1933 825 2000; x_wconf 87' lang='lat' dir='ltr'><strong>cordi,</strong></span> <span class='ocrx_word' id='word_1_293' title='bbox 860 1934 1261 1993; x_wconf 82' lang='lat' dir='ltr'><strong>incunctantem</strong></span> <span class='ocrx_word' id='word_1_294' title='bbox 1306 1934 1500 1989; x_wconf 84' lang='lat' dir='ltr'><strong>habeat</strong></span> <span class='ocrx_word' id='word_1_295' title='bbox 1539 1944 1597 1990; x_wconf 89' lang='lat' dir='ltr'><strong>et</strong></span> <span class='ocrx_word' id='word_1_296' title='bbox 1630 1951 1757 1991; x_wconf 80' lang='lat' dir='ltr'><strong>seu-</strong></span> 
     </span>
    </p>
   </div>
   <div class='ocr_carea' id='block_1_35' title="bbox 178 2024 1759 2098">
    <p class='ocr_par' dir='ltr' id='par_1_35' title="bbox 178 2024 1759 2098">
     <span class='ocr_line' id='line_1_35' title="bbox 178 2024 1759 2098; baseline 0.003 -19"><span class='ocrx_word' id='word_1_297' title='bbox 178 2024 330 2081; x_wconf 87' lang='lat' dir='ltr'><strong>tiendi</strong></span> <span class='ocrx_word' id='word_1_298' title='bbox 354 2032 415 2080; x_wconf 85' lang='lat' dir='ltr'><strong>et</strong></span> <span class='ocrx_word' id='word_1_299' title='bbox 441 2026 691 2096; x_wconf 83' lang='lat' dir='ltr'><strong>loquendi</strong></span> <span class='ocrx_word' id='word_1_300' title='bbox 727 2026 1068 2097; x_wconf 79' lang='lat' dir='ltr'><strong>religionem.</strong></span> <span class='ocrx_word' id='word_1_301' title='bbox 1096 2026 1160 2081; x_wconf 88' lang='lat' dir='ltr'><strong>Et</strong></span> <span class='ocrx_word' id='word_1_302' title='bbox 1186 2027 1346 2098; x_wconf 86' lang='lat' dir='ltr'><strong>hujus</strong></span> <span class='ocrx_word' id='word_1_303' title='bbox 1373 2028 1591 2098; x_wconf 87' lang='lat' dir='ltr'><strong>quidem</strong></span> <span class='ocrx_word' id='word_1_304' title='bbox 1628 2030 1759 2085; x_wconf 85' lang='lat' dir='ltr'><strong>dicti</strong></span> 
     </span>
    </p>
   </div>
   <div class='ocr_carea' id='block_1_36' title="bbox 178 2119 1761 2192">
    <p class='ocr_par' dir='ltr' id='par_1_36' title="bbox 178 2119 1761 2192">
     <span class='ocr_line' id='line_1_36' title="bbox 178 2119 1761 2192; baseline 0.001 -17"><span class='ocrx_word' id='word_1_305' title='bbox 178 2119 484 2190; x_wconf 83' lang='lat' dir='ltr'><strong>prophetici,</strong></span> <span class='ocrx_word' id='word_1_306' title='bbox 512 2129 569 2174; x_wconf 91' lang='lat' dir='ltr'><strong>ut</strong></span> <span class='ocrx_word' id='word_1_307' title='bbox 593 2119 648 2173; x_wconf 84' lang='lat' dir='ltr'><strong>in</strong></span> <span class='ocrx_word' id='word_1_308' title='bbox 675 2120 909 2185; x_wconf 67' lang='lat' dir='ltr'><strong>cst-teris,</strong></span> <span class='ocrx_word' id='word_1_309' title='bbox 942 2123 1206 2175; x_wconf 84' lang='lat' dir='ltr'><strong>rationem</strong></span> <span class='ocrx_word' id='word_1_310' title='bbox 1243 2119 1539 2190; x_wconf 78' lang='lat' dir='ltr'><strong>Apostolus</strong></span> <span class='ocrx_word' id='word_1_311' title='bbox 1578 2122 1761 2192; x_wconf 84' lang='lat' dir='ltr'><strong>subje-</strong></span> 
     </span>
    </p>
   </div>
   <div class='ocr_carea' id='block_1_37' title="bbox 180 2211 1763 2285">
    <p class='ocr_par' dir='ltr' id='par_1_37' title="bbox 180 2211 1763 2285">
     <span class='ocr_line' id='line_1_37' title="bbox 180 2211 1763 2285; baseline 0.001 -18"><span class='ocrx_word' id='word_1_312' title='bbox 180 2212 279 2268; x_wconf 84' lang='lat' dir='ltr'><strong>cit:</strong></span> <span class='ocrx_word' id='word_1_313' title='bbox 311 2211 424 2267; x_wconf 84' lang='lat' dir='ltr'><strong>lloe</strong></span> <span class='ocrx_word' id='word_1_314' title='bbox 452 2221 527 2267; x_wconf 86' lang='lat' dir='ltr'><strong>est</strong></span> <span class='ocrx_word' id='word_1_315' title='bbox 567 2213 772 2267; x_wconf 69' lang='lat' dir='ltr'><strong>verbum</strong></span> <span class='ocrx_word' id='word_1_316' title='bbox 810 2212 934 2283; x_wconf 82' lang='lat' dir='ltr'><strong>ﬁdei</strong></span> <span class='ocrx_word' id='word_1_317' title='bbox 968 2213 1105 2285; x_wconf 83' lang='lat' dir='ltr'><strong>quod</strong></span> <span class='ocrx_word' id='word_1_318' title='bbox 1148 2212 1491 2285; x_wconf 75' lang='lat' dir='ltr'><strong>prtedieamus</strong></span> <span class='ocrx_word' id='word_1_319' title='bbox 1516 2215 1678 2277; x_wconf 85' lang='lat' dir='ltr'><strong>:quia</strong></span> <span class='ocrx_word' id='word_1_320' title='bbox 1716 2214 1763 2270; x_wconf 88' lang='lat' dir='ltr'><strong>si</strong></span> 
     </span>
    </p>
   </div>
   <div class='ocr_carea' id='block_1_38' title="bbox 179 2304 1762 2378">
    <p class='ocr_par' dir='ltr' id='par_1_38' title="bbox 179 2304 1762 2378">
     <span class='ocr_line' id='line_1_38' title="bbox 179 2304 1762 2378; baseline 0.003 -20"><span class='ocrx_word' id='word_1_321' title='bbox 179 2305 420 2373; x_wconf 73' lang='lat' dir='ltr'><strong>confessus</strong></span> <span class='ocrx_word' id='word_1_322' title='bbox 449 2304 614 2376; x_wconf 83' lang='lat' dir='ltr'><strong>fueris</strong></span> <span class='ocrx_word' id='word_1_323' title='bbox 636 2305 688 2358; x_wconf 81' lang='lat' dir='ltr'><strong>in</strong></span> <span class='ocrx_word' id='word_1_324' title='bbox 717 2321 806 2359; x_wconf 91' lang='lat' dir='ltr'><strong>ore</strong></span> <span class='ocrx_word' id='word_1_325' title='bbox 844 2315 931 2359; x_wconf 88' lang='lat' dir='ltr'><strong>tuo</strong></span> <span class='ocrx_word' id='word_1_326' title='bbox 955 2306 1076 2378; x_wconf 88' lang='lat' dir='ltr'><strong>quia</strong></span> <span class='ocrx_word' id='word_1_327' title='bbox 1107 2304 1363 2361; x_wconf 88' lang='lat' dir='ltr'><strong>Dominus</strong></span> <span class='ocrx_word' id='word_1_328' title='bbox 1400 2315 1475 2361; x_wconf 90' lang='lat' dir='ltr'><strong>est</strong></span> <span class='ocrx_word' id='word_1_329' title='bbox 1506 2304 1684 2374; x_wconf 72' lang='lat' dir='ltr'><strong>Iesus,</strong></span> <span class='ocrx_word' id='word_1_330' title='bbox 1714 2318 1762 2362; x_wconf 85' lang='lat' dir='ltr'><strong>et</strong></span> 
     </span>
    </p>
   </div>
   <div class='ocr_carea' id='block_1_39' title="bbox 177 2398 1763 2467">
    <p class='ocr_par' dir='ltr' id='par_1_39' title="bbox 177 2398 1763 2467">
     <span class='ocr_line' id='line_1_39' title="bbox 177 2398 1763 2467; baseline 0.002 -15"><span class='ocrx_word' id='word_1_331' title='bbox 177 2399 443 2454; x_wconf 79' lang='lat' dir='ltr'><strong>credideris</strong></span> <span class='ocrx_word' id='word_1_332' title='bbox 484 2399 536 2453; x_wconf 88' lang='lat' dir='ltr'><strong>in</strong></span> <span class='ocrx_word' id='word_1_333' title='bbox 575 2398 729 2453; x_wconf 81' lang='lat' dir='ltr'><strong>corde</strong></span> <span class='ocrx_word' id='word_1_334' title='bbox 769 2407 857 2453; x_wconf 89' lang='lat' dir='ltr'><strong>tuo</strong></span> <span class='ocrx_word' id='word_1_335' title='bbox 902 2399 1025 2467; x_wconf 87' lang='lat' dir='ltr'><strong>quia</strong></span> <span class='ocrx_word' id='word_1_336' title='bbox 1063 2398 1202 2454; x_wconf 83' lang='lat' dir='ltr'><strong>Deus</strong></span> <span class='ocrx_word' id='word_1_337' title='bbox 1238 2399 1393 2454; x_wconf 87' lang='lat' dir='ltr'><strong>illum</strong></span> <span class='ocrx_word' id='word_1_338' title='bbox 1427 2401 1689 2457; x_wconf 68' lang='lat' dir='ltr'><strong>suscitavit</strong></span> <span class='ocrx_word' id='word_1_339' title='bbox 1730 2417 1763 2455; x_wconf 89' lang='lat' dir='ltr'><strong>a</strong></span> 
     </span>
    </p>
   </div>
   <div class='ocr_carea' id='block_1_40' title="bbox 178 2492 1763 2569">
    <p class='ocr_par' dir='ltr' id='par_1_40' title="bbox 178 2492 1763 2569">
     <span class='ocr_line' id='line_1_40' title="bbox 178 2492 1763 2569; baseline 0.003 -20"><span class='ocrx_word' id='word_1_340' title='bbox 178 2495 419 2560; x_wconf 76' lang='lat' dir='ltr'><strong>mortuis,</strong></span> <span class='ocrx_word' id='word_1_341' title='bbox 456 2493 737 2548; x_wconf 69' lang='lat' dir='ltr'><strong>satiaberis</strong></span> <span class='ocrx_word' id='word_1_342' title='bbox 778 2494 954 2566; x_wconf 80' lang='lat' dir='ltr'><strong>(Rom.</strong></span> <span class='ocrx_word' id='word_1_343' title='bbox 989 2510 1046 2562; x_wconf 73' lang='grc' dir='ltr'><strong>ι,</strong></span> <span class='ocrx_word' id='word_1_344' title='bbox 1086 2496 1120 2551; x_wconf 89' lang='grc'>8</span> <span class='ocrx_word' id='word_1_345' title='bbox 1148 2502 1197 2548; x_wconf 85' lang='lat' dir='ltr'><strong>et</strong></span> <span class='ocrx_word' id='word_1_346' title='bbox 1245 2492 1433 2568; x_wconf 88' lang='lat' dir='ltr'><strong>seqq.).</strong></span> <span class='ocrx_word' id='word_1_347' title='bbox 1470 2492 1544 2569; x_wconf 78' lang='grc' dir='ltr'><strong>(ε)</strong></span> <span class='ocrx_word' id='word_1_348' title='bbox 1582 2495 1763 2553; x_wconf 83' lang='lat' dir='ltr'><strong>Pietas</strong></span> 
     </span>
    </p>
   </div>
   <div class='ocr_carea' id='block_1_41' title="bbox 178 2587 1762 2660">
    <p class='ocr_par' dir='ltr' id='par_1_41' title="bbox 178 2587 1762 2660">
     <span class='ocr_line' id='line_1_41' title="bbox 178 2587 1762 2660; baseline 0 -16"><span class='ocrx_word' id='word_1_349' title='bbox 178 2601 249 2645; x_wconf 77' lang='lat' dir='ltr'><strong>est</strong></span> <span class='ocrx_word' id='word_1_350' title='bbox 278 2606 385 2644; x_wconf 89' lang='lat' dir='ltr'><strong>non</strong></span> <span class='ocrx_word' id='word_1_351' title='bbox 417 2587 687 2660; x_wconf 81' lang='lat' dir='ltr'><strong>atubigere</strong></span> <span class='ocrx_word' id='word_1_352' title='bbox 707 2630 723 2656; x_wconf 90' lang='lat'><strong>,</strong></span> <span class='ocrx_word' id='word_1_353' title='bbox 756 2597 809 2643; x_wconf 88' lang='lat' dir='ltr'><strong>et</strong></span> <span class='ocrx_word' id='word_1_354' title='bbox 830 2588 1037 2659; x_wconf 77' lang='lat' dir='ltr'><strong>juSIitia</strong></span> <span class='ocrx_word' id='word_1_355' title='bbox 1063 2598 1149 2644; x_wconf 88' lang='lat' dir='ltr'><strong>est</strong></span> <span class='ocrx_word' id='word_1_356' title='bbox 1166 2589 1410 2656; x_wconf 86' lang='lat' dir='ltr'><strong>credere,</strong></span> <span class='ocrx_word' id='word_1_357' title='bbox 1432 2599 1488 2645; x_wconf 91' lang='lat' dir='ltr'><strong>et</strong></span> <span class='ocrx_word' id='word_1_358' title='bbox 1503 2590 1649 2645; x_wconf 89' lang='lat' dir='ltr'><strong>salus</strong></span> <span class='ocrx_word' id='word_1_359' title='bbox 1678 2599 1762 2647; x_wconf 90' lang='lat' dir='ltr'><strong>est</strong></span> 
     </span>
    </p>
   </div>
   <div class='ocr_carea' id='block_1_42' title="bbox 170 2680 1763 2755">
    <p class='ocr_par' dir='ltr' id='par_1_42' title="bbox 170 2680 1763 2755">
     <span class='ocr_line' id='line_1_42' title="bbox 170 2680 1763 2755; baseline 0.003 -19"><span class='ocrx_word' id='word_1_360' title='bbox 170 2680 426 2737; x_wconf 73' lang='lat' dir='ltr'><strong>conﬁteri.</strong></span> <span class='ocrx_word' id='word_1_361' title='bbox 458 2681 574 2736; x_wconf 78' lang='lat' dir='ltr'><strong>Non</strong></span> <span class='ocrx_word' id='word_1_362' title='bbox 603 2682 653 2736; x_wconf 84' lang='lat' dir='ltr'><strong>in</strong></span> <span class='ocrx_word' id='word_1_363' title='bbox 674 2680 880 2737; x_wconf 67' lang='lat' dir='ltr'><strong>incerta</strong></span> <span class='ocrx_word' id='word_1_364' title='bbox 911 2681 1188 2751; x_wconf 82' lang='lat' dir='ltr'><strong>difﬂuere,</strong></span> <span class='ocrx_word' id='word_1_365' title='bbox 1217 2699 1392 2755; x_wconf 88' lang='lat' dir='ltr'><strong>neque</strong></span> <span class='ocrx_word' id='word_1_366' title='bbox 1419 2682 1485 2738; x_wconf 88' lang='lat' dir='ltr'><strong>ad</strong></span> <span class='ocrx_word' id='word_1_367' title='bbox 1526 2684 1763 2741; x_wconf 85' lang='lat' dir='ltr'><strong>stultilo-</strong></span> 
     </span>
    </p>
   </div>
   <div class='ocr_carea' id='block_1_43' title="bbox 170 2773 1760 2846">
    <p class='ocr_par' dir='ltr' id='par_1_43' title="bbox 170 2773 1760 2846">
     <span class='ocr_line' id='line_1_43' title="bbox 170 2773 1760 2846; baseline 0.001 -17"><span class='ocrx_word' id='word_1_368' title='bbox 170 2775 278 2845; x_wconf 84' lang='lat' dir='ltr'><strong>quia</strong></span> <span class='ocrx_word' id='word_1_369' title='bbox 326 2773 629 2839; x_wconf 65' lang='lat' dir='ltr'><strong>enervare,</strong></span> <span class='ocrx_word' id='word_1_370' title='bbox 683 2789 862 2844; x_wconf 90' lang='lat' dir='ltr'><strong>neque</strong></span> <span class='ocrx_word' id='word_1_371' title='bbox 908 2776 1116 2831; x_wconf 84' lang='lat' dir='ltr'><strong>ratione</strong></span> <span class='ocrx_word' id='word_1_372' title='bbox 1169 2776 1344 2846; x_wconf 84' lang='lat' dir='ltr'><strong>aliqua</strong></span> <span class='ocrx_word' id='word_1_373' title='bbox 1392 2776 1621 2832; x_wconf 85' lang='lat' dir='ltr'><strong>virtutes</strong></span> <span class='ocrx_word' id='word_1_374' title='bbox 1665 2777 1760 2833; x_wconf 93' lang='lat' dir='ltr'><strong>Dei</strong></span> 
     </span>
    </p>
   </div>
   <div class='ocr_carea' id='block_1_44' title="bbox 169 2868 1759 2940">
    <p class='ocr_par' dir='ltr' id='par_1_44' title="bbox 169 2868 1759 2940">
     <span class='ocr_line' id='line_1_44' title="bbox 169 2868 1759 2940; baseline 0.001 -18"><span class='ocrx_word' id='word_1_375' title='bbox 169 2868 448 2934; x_wconf 77' lang='lat' dir='ltr'><strong>ventilare,</strong></span> <span class='ocrx_word' id='word_1_376' title='bbox 498 2882 671 2939; x_wconf 88' lang='lat' dir='ltr'><strong>neque</strong></span> <span class='ocrx_word' id='word_1_377' title='bbox 713 2868 874 2924; x_wconf 89' lang='lat' dir='ltr'><strong>modo</strong></span> <span class='ocrx_word' id='word_1_378' title='bbox 918 2868 1369 2925; x_wconf 79' lang='lat' dir='ltr'><strong>circumscribere</strong></span> <span class='ocrx_word' id='word_1_379' title='bbox 1410 2878 1759 2940; x_wconf 81' lang='lat' dir='ltr'><strong>potestatem,</strong></span> 
     </span>
    </p>
   </div>
   <div class='ocr_carea' id='block_1_45' title="bbox 167 2963 1762 3039">
    <p class='ocr_par' dir='ltr' id='par_1_45' title="bbox 167 2963 1762 3039">
     <span class='ocr_line' id='line_1_45' title="bbox 167 2963 1762 3039; baseline -0.001 -19"><span class='ocrx_word' id='word_1_380' title='bbox 167 2979 328 3036; x_wconf 76' lang='lat' dir='ltr'><strong>neque</strong></span> <span class='ocrx_word' id='word_1_381' title='bbox 343 2977 541 3019; x_wconf 84' lang='lat' dir='ltr'><strong>causas</strong></span> <span class='ocrx_word' id='word_1_382' title='bbox 559 2963 638 3039; x_wconf 73' lang='grc' dir='ltr'><strong>(ὀ)</strong></span> <span class='ocrx_word' id='word_1_383' title='bbox 657 2963 708 3017; x_wconf 90' lang='lat' dir='ltr'><strong>iu</strong></span> <span class='ocrx_word' id='word_1_384' title='bbox 725 2963 1177 3034; x_wconf 71' lang='lat' dir='ltr'><strong>investigabilium</strong></span> <span class='ocrx_word' id='word_1_385' title='bbox 1194 2970 1656 3018; x_wconf 84' lang='lat' dir='ltr'><strong>sacramentorum</strong></span> <span class='ocrx_word' id='word_1_386' title='bbox 1678 2978 1762 3018; x_wconf 88' lang='lat' dir='ltr'><strong>re-</strong></span> 
     </span>
    </p>
   </div>
   <div class='ocr_carea' id='block_1_46' title="bbox 168 3055 1761 3128">
    <p class='ocr_par' dir='ltr' id='par_1_46' title="bbox 168 3055 1761 3128">
     <span class='ocr_line' id='line_1_46' title="bbox 168 3055 1761 3128; baseline -0.003 -13"><span class='ocrx_word' id='word_1_387' title='bbox 168 3068 410 3127; x_wconf 76' lang='lat' dir='ltr'><strong>tractare,</strong></span> <span class='ocrx_word' id='word_1_388' title='bbox 445 3059 729 3114; x_wconf 84' lang='lat' dir='ltr'><strong>Dominum</strong></span> <span class='ocrx_word' id='word_1_389' title='bbox 769 3057 951 3114; x_wconf 79' lang='lat' dir='ltr'><strong>.lesum</strong></span> <span class='ocrx_word' id='word_1_390' title='bbox 991 3057 1151 3128; x_wconf 76' lang='lat'><strong>371</strong></span> <span class='ocrx_word' id='word_1_391' title='bbox 1195 3055 1466 3123; x_wconf 78' lang='lat' dir='ltr'><strong>conﬁteri,</strong></span> <span class='ocrx_word' id='word_1_392' title='bbox 1497 3066 1552 3112; x_wconf 90' lang='lat' dir='ltr'><strong>et</strong></span> <span class='ocrx_word' id='word_1_393' title='bbox 1585 3072 1617 3111; x_wconf 87' lang='lat' dir='ltr'><strong>a</strong></span> <span class='ocrx_word' id='word_1_394' title='bbox 1650 3056 1761 3111; x_wconf 88' lang='lat' dir='ltr'><strong>Deo</strong></span> 
     </span>
    </p>
   </div>
   <div class='ocr_carea' id='block_1_47' title="bbox 167 3151 1760 3218">
    <p class='ocr_par' dir='ltr' id='par_1_47' title="bbox 167 3151 1760 3218">
     <span class='ocr_line' id='line_1_47' title="bbox 167 3151 1760 3218; baseline -0.004 -8"><span class='ocrx_word' id='word_1_395' title='bbox 167 3157 477 3211; x_wconf 79' lang='lat' dir='ltr'><strong>sascitatum</strong></span> <span class='ocrx_word' id='word_1_396' title='bbox 498 3170 526 3208; x_wconf 84' lang='lat' dir='ltr'><strong>a</strong></span> <span class='ocrx_word' id='word_1_397' title='bbox 546 3156 772 3211; x_wconf 85' lang='lat' dir='ltr'><strong>mortuis</strong></span> <span class='ocrx_word' id='word_1_398' title='bbox 793 3153 1019 3209; x_wconf 76' lang='lat' dir='ltr'><strong>credere</strong></span> <span class='ocrx_word' id='word_1_399' title='bbox 1036 3153 1181 3207; x_wconf 87' lang='lat' dir='ltr'><strong>salus</strong></span> <span class='ocrx_word' id='word_1_400' title='bbox 1200 3162 1303 3206; x_wconf 86' lang='grc' dir='ltr'><strong>εει.</strong></span> <span class='ocrx_word' id='word_1_401' title='bbox 1317 3151 1448 3218; x_wconf 74' lang='lat' dir='ltr'><strong>Quae</strong></span> <span class='ocrx_word' id='word_1_402' title='bbox 1468 3166 1596 3206; x_wconf 86' lang='lat' dir='ltr'><strong>vero</strong></span> <span class='ocrx_word' id='word_1_403' title='bbox 1614 3152 1760 3205; x_wconf 59' lang='lat' dir='ltr'><strong>insae</strong></span> 
     </span>
    </p>
   </div>
   <div class='ocr_carea' id='block_1_48' title="bbox 1864 1943 3471 2015">
    <p class='ocr_par' dir='ltr' id='par_1_48' title="bbox 1864 1943 3471 2015">
     <span class='ocr_line' id='line_1_48' title="bbox 1864 1943 3471 2015; baseline 0.01 -16"><span class='ocrx_word' id='word_1_404' title='bbox 1864 1943 2028 1999; x_wconf 89' lang='lat' dir='ltr'><strong>ditur.</strong></span> <span class='ocrx_word' id='word_1_405' title='bbox 2066 1944 2174 2001; x_wconf 79' lang='lat' dir='ltr'><strong>Sed</strong></span> <span class='ocrx_word' id='word_1_406' title='bbox 2219 1947 2285 2002; x_wconf 87' lang='lat' dir='ltr'><strong>ad</strong></span> <span class='ocrx_word' id='word_1_407' title='bbox 2326 1948 2524 2003; x_wconf 71' lang='lat' dir='ltr'><strong>audita:</strong></span> <span class='ocrx_word' id='word_1_408' title='bbox 2563 1952 2712 2006; x_wconf 84' lang='lat' dir='ltr'><strong>vocis</strong></span> <span class='ocrx_word' id='word_1_409' title='bbox 2752 1953 3165 2012; x_wconf 85' lang='lat' dir='ltr'><strong>admirationem</strong></span> <span class='ocrx_word' id='word_1_410' title='bbox 3194 1959 3267 2014; x_wconf 85' lang='lat' dir='ltr'><strong>ait</strong></span> <span class='ocrx_word' id='word_1_411' title='bbox 3299 1975 3312 2013; x_wconf 91' lang='lat'><strong>:</strong></span> <span class='ocrx_word' id='word_1_412' title='bbox 3350 1958 3471 2015; x_wconf 79' lang='lat' dir='ltr'><strong>Non</strong></span> 
     </span>
    </p>
   </div>
   <div class='ocr_carea' id='block_1_49' title="bbox 1816 2044 3465 2126">
    <p class='ocr_par' dir='ltr' id='par_1_49' title="bbox 1816 2044 3465 2126">
     <span class='ocr_line' id='line_1_49' title="bbox 1816 2044 3465 2126; baseline 0.01 -33"><span class='ocrx_word' id='word_1_413' title='bbox 1816 2102 1819 2105; x_wconf 26' lang='grc' dir='ltr'>η</span> <span class='ocrx_word' id='word_1_414' title='bbox 1866 2048 2076 2107; x_wconf 85' lang='lat' dir='ltr'><strong>prapter</strong></span> <span class='ocrx_word' id='word_1_415' title='bbox 2105 2058 2183 2097; x_wconf 89' lang='lat' dir='ltr'><strong>me</strong></span> <span class='ocrx_word' id='word_1_416' title='bbox 2213 2044 2349 2097; x_wconf 80' lang='lat' dir='ltr'><strong>venit</strong></span> <span class='ocrx_word' id='word_1_417' title='bbox 2377 2059 2475 2099; x_wconf 73' lang='lat' dir='ltr'><strong>eoa:</strong></span> <span class='ocrx_word' id='word_1_418' title='bbox 2501 2046 2621 2114; x_wconf 84' lang='lat' dir='ltr'><strong>ista,</strong></span> <span class='ocrx_word' id='word_1_419' title='bbox 2655 2047 2746 2103; x_wconf 84' lang='lat' dir='ltr'><strong>sed</strong></span> <span class='ocrx_word' id='word_1_420' title='bbox 2769 2059 2977 2122; x_wconf 83' lang='lat' dir='ltr'><strong>prapter</strong></span> <span class='ocrx_word' id='word_1_421' title='bbox 3016 2067 3114 2107; x_wconf 77' lang='lat' dir='ltr'><strong>vos:</strong></span> <span class='ocrx_word' id='word_1_422' title='bbox 3150 2051 3333 2126; x_wconf 85' lang='lat' dir='ltr'><strong>(Joan.</strong></span> <span class='ocrx_word' id='word_1_423' title='bbox 3369 2071 3465 2122; x_wconf 82' lang='lat' dir='ltr'><strong>xu,</strong></span> 
     </span>
    </p>
   </div>
   <div class='ocr_carea' id='block_1_50' title="bbox 1863 2133 3470 2217">
    <p class='ocr_par' dir='ltr' id='par_1_50' title="bbox 1863 2133 3470 2217">
     <span class='ocr_line' id='line_1_50' title="bbox 1863 2133 3470 2217; baseline 0.007 -25"><span class='ocrx_word' id='word_1_424' title='bbox 1863 2133 1978 2206; x_wconf 76' lang='lat'><strong>30).</strong></span> <span class='ocrx_word' id='word_1_425' title='bbox 2001 2135 2170 2193; x_wconf 80' lang='lat' dir='ltr'><strong>Nobis</strong></span> <span class='ocrx_word' id='word_1_426' title='bbox 2202 2136 2362 2193; x_wconf 76' lang='lat' dir='ltr'><strong>Pater</strong></span> <span class='ocrx_word' id='word_1_427' title='bbox 2390 2147 2630 2210; x_wconf 73' lang='lat' dir='ltr'><strong>rogatur,</strong></span> <span class='ocrx_word' id='word_1_428' title='bbox 2666 2143 2822 2199; x_wconf 87' lang='lat' dir='ltr'><strong>nobis</strong></span> <span class='ocrx_word' id='word_1_429' title='bbox 2857 2142 3019 2200; x_wconf 89' lang='lat' dir='ltr'><strong>Pater</strong></span> <span class='ocrx_word' id='word_1_430' title='bbox 3058 2145 3299 2217; x_wconf 89' lang='lat' dir='ltr'><strong>loquitur</strong></span> <span class='ocrx_word' id='word_1_431' title='bbox 3334 2164 3347 2202; x_wconf 92' lang='lat'><strong>:</strong></span> <span class='ocrx_word' id='word_1_432' title='bbox 3380 2158 3470 2203; x_wconf 85' lang='lat' dir='ltr'><strong>to-</strong></span> 
     </span>
    </p>
   </div>
   <div class='ocr_carea' id='block_1_51' title="bbox 1863 2227 3463 2295">
    <p class='ocr_par' dir='ltr' id='par_1_51' title="bbox 1863 2227 3463 2295">
     <span class='ocr_line' id='line_1_51' title="bbox 1863 2227 3463 2295; baseline 0.009 -15"><span class='ocrx_word' id='word_1_433' title='bbox 1863 2234 1979 2281; x_wconf 84' lang='lat' dir='ltr'><strong>tum</strong></span> <span class='ocrx_word' id='word_1_434' title='bbox 2008 2227 2075 2283; x_wconf 89' lang='lat' dir='ltr'><strong>ad</strong></span> <span class='ocrx_word' id='word_1_435' title='bbox 2097 2228 2349 2285; x_wconf 74' lang='lat' dir='ltr'><strong>effectum</strong></span> <span class='ocrx_word' id='word_1_436' title='bbox 2373 2231 2444 2287; x_wconf 87' lang='lat' dir='ltr'><strong>sit</strong></span> <span class='ocrx_word' id='word_1_437' title='bbox 2470 2240 2671 2288; x_wconf 64' lang='lat' dir='ltr'><strong>nostrae</strong></span> <span class='ocrx_word' id='word_1_438' title='bbox 2697 2232 3082 2293; x_wconf 79' lang='lat' dir='ltr'><strong>confessionis.</strong></span> <span class='ocrx_word' id='word_1_439' title='bbox 3118 2238 3182 2293; x_wconf 86' lang='lat' dir='ltr'><strong>Et</strong></span> <span class='ocrx_word' id='word_1_440' title='bbox 3208 2253 3329 2294; x_wconf 90' lang='lat' dir='ltr'><strong>cum</strong></span> <span class='ocrx_word' id='word_1_441' title='bbox 3352 2240 3463 2295; x_wconf 88' lang='lat' dir='ltr'><strong>cia-</strong></span> 
     </span>
    </p>
   </div>
   <div class='ocr_carea' id='block_1_52' title="bbox 1864 2319 3471 2395">
    <p class='ocr_par' dir='ltr' id='par_1_52' title="bbox 1864 2319 3471 2395">
     <span class='ocr_line' id='line_1_52' title="bbox 1864 2319 3471 2395; baseline 0.009 -20"><span class='ocrx_word' id='word_1_442' title='bbox 1864 2319 2188 2377; x_wconf 86' lang='lat' dir='ltr'><strong>rificatiouis</strong></span> <span class='ocrx_word' id='word_1_443' title='bbox 2220 2325 2506 2395; x_wconf 85' lang='lat' dir='ltr'><strong>responsio</strong></span> <span class='ocrx_word' id='word_1_444' title='bbox 2564 2341 2671 2382; x_wconf 90' lang='lat' dir='ltr'><strong>non</strong></span> <span class='ocrx_word' id='word_1_445' title='bbox 2712 2326 3078 2385; x_wconf 89' lang='lat' dir='ltr'><strong>obsecrationi</strong></span> <span class='ocrx_word' id='word_1_446' title='bbox 3109 2331 3372 2388; x_wconf 81' lang='lat' dir='ltr'><strong>claritatis</strong></span> <span class='ocrx_word' id='word_1_447' title='bbox 3400 2334 3471 2389; x_wconf 85' lang='lat' dir='ltr'><strong>sit</strong></span> 
     </span>
    </p>
   </div>
   <div class='ocr_carea' id='block_1_53' title="bbox 1866 2413 3468 2501">
    <p class='ocr_par' dir='ltr' id='par_1_53' title="bbox 1866 2413 3468 2501">
     <span class='ocr_line' id='line_1_53' title="bbox 1866 2413 3468 2501; baseline 0.011 -34"><span class='ocrx_word' id='word_1_448' title='bbox 1866 2413 2133 2484; x_wconf 86' lang='lat' dir='ltr'><strong>impensa,</strong></span> <span class='ocrx_word' id='word_1_449' title='bbox 2167 2417 2262 2471; x_wconf 86' lang='lat' dir='ltr'><strong>sed</strong></span> <span class='ocrx_word' id='word_1_450' title='bbox 2284 2418 2613 2487; x_wconf 78' lang='lat' dir='ltr'><strong>iguerationi</strong></span> <span class='ocrx_word' id='word_1_451' title='bbox 2637 2421 2969 2478; x_wconf 86' lang='lat' dir='ltr'><strong>audientium</strong></span> <span class='ocrx_word' id='word_1_452' title='bbox 2995 2466 3009 2491; x_wconf 91' lang='lat'><strong>,</strong></span> <span class='ocrx_word' id='word_1_453' title='bbox 3037 2426 3311 2497; x_wconf 87' lang='lat' dir='ltr'><strong>quomodo</strong></span> <span class='ocrx_word' id='word_1_454' title='bbox 3338 2443 3468 2501; x_wconf 60' lang='lat' dir='ltr'><strong>queo</strong></span> 
     </span>
    </p>
   </div>
   <div class='ocr_carea' id='block_1_54' title="bbox 1865 2508 3469 2589">
    <p class='ocr_par' dir='ltr' id='par_1_54' title="bbox 1865 2508 3469 2589">
     <span class='ocr_line' id='line_1_54' title="bbox 1865 2508 3469 2589; baseline 0.009 -27"><span class='ocrx_word' id='word_1_455' title='bbox 1865 2508 1981 2563; x_wconf 88' lang='lat' dir='ltr'><strong>rela</strong></span> <span class='ocrx_word' id='word_1_456' title='bbox 2014 2509 2306 2578; x_wconf 68' lang='lat' dir='ltr'><strong>passionis,</strong></span> <span class='ocrx_word' id='word_1_457' title='bbox 2346 2513 2400 2567; x_wconf 92' lang='lat' dir='ltr'><strong>in</strong></span> <span class='ocrx_word' id='word_1_458' title='bbox 2430 2527 2641 2570; x_wconf 87' lang='lat' dir='ltr'><strong>summa</strong></span> <span class='ocrx_word' id='word_1_459' title='bbox 2672 2515 3038 2573; x_wconf 80' lang='lat' dir='ltr'><strong>exsultatione</strong></span> <span class='ocrx_word' id='word_1_460' title='bbox 3067 2517 3324 2589; x_wconf 83' lang='lat' dir='ltr'><strong>patiendi,</strong></span> <span class='ocrx_word' id='word_1_461' title='bbox 3363 2537 3469 2577; x_wconf 88' lang='lat' dir='ltr'><strong>non</strong></span> 
     </span>
    </p>
   </div>
   <div class='ocr_carea' id='block_1_55' title="bbox 1863 2588 3474 2685">
    <p class='ocr_par' dir='ltr' id='par_1_55' title="bbox 1863 2588 3474 2685">
     <span class='ocr_line' id='line_1_55' title="bbox 1863 2588 3474 2685; baseline 0.007 -29"><span class='ocrx_word' id='word_1_462' title='bbox 1863 2588 2229 2663; x_wconf 74' lang='lat' dir='ltr'><strong>confessionis</strong></span> <span class='ocrx_word' id='word_1_463' title='bbox 2274 2616 2475 2663; x_wconf 79' lang='lat' dir='ltr'><strong>nostrae</strong></span> <span class='ocrx_word' id='word_1_464' title='bbox 2507 2608 2801 2664; x_wconf 87' lang='lat' dir='ltr'><strong>eruditioni</strong></span> <span class='ocrx_word' id='word_1_465' title='bbox 2831 2588 3075 2681; x_wconf 67' lang='lat' dir='ltr'><strong>prtestita</strong></span> <span class='ocrx_word' id='word_1_466' title='bbox 3100 2611 3474 2685; x_wconf 79' lang='lat' dir='ltr'><strong>intelligetur?</strong></span> 
     </span>
    </p>
   </div>
   <div class='ocr_carea' id='block_1_56' title="bbox 1865 2692 3475 2780">
    <p class='ocr_par' dir='ltr' id='par_1_56' title="bbox 1865 2692 3475 2780">
     <span class='ocr_line' id='line_1_56' title="bbox 1865 2692 3475 2780; baseline 0.009 -31"><span class='ocrx_word' id='word_1_467' title='bbox 1865 2692 2115 2752; x_wconf 79' lang='lat' dir='ltr'><strong>Christus</strong></span> <span class='ocrx_word' id='word_1_468' title='bbox 2145 2712 2244 2768; x_wconf 87' lang='lat' dir='ltr'><strong>pro</strong></span> <span class='ocrx_word' id='word_1_469' title='bbox 2280 2701 2731 2771; x_wconf 79' lang='lat' dir='ltr'><strong>persequentibus</strong></span> <span class='ocrx_word' id='word_1_470' title='bbox 2774 2714 2947 2774; x_wconf 80' lang='lat' dir='ltr'><strong>rogat,</strong></span> <span class='ocrx_word' id='word_1_471' title='bbox 2979 2704 3104 2776; x_wconf 85' lang='lat' dir='ltr'><strong>quia</strong></span> <span class='ocrx_word' id='word_1_472' title='bbox 3135 2706 3278 2777; x_wconf 90' lang='lat' dir='ltr'><strong>quod</strong></span> <span class='ocrx_word' id='word_1_473' title='bbox 3310 2718 3475 2780; x_wconf 79' lang='lat' dir='ltr'><strong>agunt</strong></span> 
     </span>
    </p>
   </div>
   <div class='ocr_carea' id='block_1_57' title="bbox 1866 2790 3475 2872">
    <p class='ocr_par' dir='ltr' id='par_1_57' title="bbox 1866 2790 3475 2872">
     <span class='ocr_line' id='line_1_57' title="bbox 1866 2790 3475 2872; baseline 0.009 -29"><span class='ocrx_word' id='word_1_474' title='bbox 1866 2790 2135 2846; x_wconf 87' lang='lat' dir='ltr'><strong>nesciunt.</strong></span> <span class='ocrx_word' id='word_1_475' title='bbox 2194 2792 2444 2849; x_wconf 89' lang='lat' dir='ltr'><strong>Christus</strong></span> <span class='ocrx_word' id='word_1_476' title='bbox 2496 2795 2565 2851; x_wconf 89' lang='lat' dir='ltr'><strong>de</strong></span> <span class='ocrx_word' id='word_1_477' title='bbox 2615 2812 2777 2853; x_wconf 87' lang='lat' dir='ltr'><strong>cruce</strong></span> <span class='ocrx_word' id='word_1_478' title='bbox 2837 2797 3148 2868; x_wconf 85' lang='lat' dir='ltr'><strong>paradisum</strong></span> <span class='ocrx_word' id='word_1_479' title='bbox 3213 2802 3475 2872; x_wconf 83' lang='lat' dir='ltr'><strong>promittit</strong></span> 
     </span>
    </p>
   </div>
   <div class='ocr_carea' id='block_1_58' title="bbox 1868 2882 3473 2964">
    <p class='ocr_par' dir='ltr' id='par_1_58' title="bbox 1868 2882 3473 2964">
     <span class='ocr_line' id='line_1_58' title="bbox 1868 2882 3473 2964; baseline 0.009 -27"><span class='ocrx_word' id='word_1_480' title='bbox 1868 2882 2048 2957; x_wconf 72' lang='lat' dir='ltr'><strong>(Luca:</strong></span> <span class='ocrx_word' id='word_1_481' title='bbox 2077 2902 2236 2955; x_wconf 69' lang='grc' dir='ltr'><strong>χχιιι,</strong></span> <span class='ocrx_word' id='word_1_482' title='bbox 2267 2886 2358 2956; x_wconf 70' lang='grc'><strong>54,</strong></span> <span class='ocrx_word' id='word_1_483' title='bbox 2382 2885 2503 2961; x_wconf 73' lang='lat'><strong>43),</strong></span> <span class='ocrx_word' id='word_1_484' title='bbox 2535 2888 2617 2961; x_wconf 70' lang='lat'><strong>(2)</strong></span> <span class='ocrx_word' id='word_1_485' title='bbox 2652 2893 2776 2961; x_wconf 83' lang='lat' dir='ltr'><strong>quia</strong></span> <span class='ocrx_word' id='word_1_486' title='bbox 2808 2891 2951 2946; x_wconf 89' lang='lat' dir='ltr'><strong>Deus</strong></span> <span class='ocrx_word' id='word_1_487' title='bbox 2982 2903 3189 2964; x_wconf 81' lang='lat' dir='ltr'><strong>regnat.</strong></span> <span class='ocrx_word' id='word_1_488' title='bbox 3225 2893 3473 2953; x_wconf 83' lang='lat' dir='ltr'><strong>ChriSIus</strong></span> 
     </span>
    </p>
   </div>
   <div class='ocr_carea' id='block_1_59' title="bbox 1865 2978 3475 3057">
    <p class='ocr_par' dir='ltr' id='par_1_59' title="bbox 1865 2978 3475 3057">
     <span class='ocr_line' id='line_1_59' title="bbox 1865 2978 3475 3057; baseline 0.007 -24"><span class='ocrx_word' id='word_1_489' title='bbox 1865 2978 1920 3033; x_wconf 89' lang='lat' dir='ltr'><strong>in</strong></span> <span class='ocrx_word' id='word_1_490' title='bbox 1947 2994 2109 3035; x_wconf 89' lang='lat' dir='ltr'><strong>cruce</strong></span> <span class='ocrx_word' id='word_1_491' title='bbox 2132 2995 2546 3037; x_wconf 83' lang='lat' dir='ltr'><strong>consummasse</strong></span> <span class='ocrx_word' id='word_1_492' title='bbox 2568 2982 2750 3038; x_wconf 87' lang='lat' dir='ltr'><strong>omnia</strong></span> <span class='ocrx_word' id='word_1_493' title='bbox 2782 2982 2924 3039; x_wconf 86' lang='lat' dir='ltr'><strong>aceti</strong></span> <span class='ocrx_word' id='word_1_494' title='bbox 2949 2987 3141 3055; x_wconf 85' lang='lat' dir='ltr'><strong>poculo</strong></span> <span class='ocrx_word' id='word_1_495' title='bbox 3169 2988 3475 3057; x_wconf 80' lang='lat' dir='ltr'><strong>gratulatur</strong></span> 
     </span>
    </p>
   </div>
   <div class='ocr_carea' id='block_1_60' title="bbox 1863 3070 3474 3151">
    <p class='ocr_par' dir='ltr' id='par_1_60' title="bbox 1863 3070 3474 3151">
     <span class='ocr_line' id='line_1_60' title="bbox 1863 3070 3474 3151; baseline 0.008 -28"><span class='ocrx_word' id='word_1_496' title='bbox 1863 3070 2044 3143; x_wconf 80' lang='lat' dir='ltr'><strong>(Joan.</strong></span> <span class='ocrx_word' id='word_1_497' title='bbox 2081 3088 2189 3139; x_wconf 76' lang='lat' dir='ltr'><strong>xix,</strong></span> <span class='ocrx_word' id='word_1_498' title='bbox 2236 3071 2350 3145; x_wconf 79' lang='lat'><strong>50),</strong></span> <span class='ocrx_word' id='word_1_499' title='bbox 2380 3074 2505 3145; x_wconf 87' lang='lat' dir='ltr'><strong>quia</strong></span> <span class='ocrx_word' id='word_1_500' title='bbox 2552 3076 2849 3131; x_wconf 89' lang='lat' dir='ltr'><strong>moriturus</strong></span> <span class='ocrx_word' id='word_1_501' title='bbox 2893 3075 3196 3148; x_wconf 85' lang='lat' dir='ltr'><strong>impleverit</strong></span> <span class='ocrx_word' id='word_1_502' title='bbox 3240 3080 3474 3151; x_wconf 84' lang='lat' dir='ltr'><strong>prophe-</strong></span> 
     </span>
    </p>
   </div>
   <div class='ocr_carea' id='block_1_61' title="bbox 1864 3163 3467 3240">
    <p class='ocr_par' dir='ltr' id='par_1_61' title="bbox 1864 3163 3467 3240">
     <span class='ocr_line' id='line_1_61' title="bbox 1864 3163 3467 3240; baseline 0.006 -21"><span class='ocrx_word' id='word_1_503' title='bbox 1864 3163 2017 3219; x_wconf 86' lang='lat' dir='ltr'><strong>tiam.</strong></span> <span class='ocrx_word' id='word_1_504' title='bbox 2051 3163 2221 3222; x_wconf 89' lang='lat' dir='ltr'><strong>Nobis</strong></span> <span class='ocrx_word' id='word_1_505' title='bbox 2257 3175 2418 3221; x_wconf 88' lang='lat' dir='ltr'><strong>natus</strong></span> <span class='ocrx_word' id='word_1_506' title='bbox 2444 3175 2549 3235; x_wconf 90' lang='lat' dir='ltr'><strong>est,</strong></span> <span class='ocrx_word' id='word_1_507' title='bbox 2577 3167 2735 3223; x_wconf 85' lang='lat' dir='ltr'><strong>nobis</strong></span> <span class='ocrx_word' id='word_1_508' title='bbox 2762 3182 2959 3240; x_wconf 81' lang='lat' dir='ltr'><strong>passus</strong></span> <span class='ocrx_word' id='word_1_509' title='bbox 3000 3180 3104 3234; x_wconf 88' lang='lat' dir='ltr'><strong>est,</strong></span> <span class='ocrx_word' id='word_1_510' title='bbox 3137 3169 3295 3226; x_wconf 90' lang='lat' dir='ltr'><strong>nobis</strong></span> <span class='ocrx_word' id='word_1_511' title='bbox 3322 3187 3467 3228; x_wconf 85' lang='lat' dir='ltr'><strong>mor-</strong></span> 
     </span>
    </p>
   </div>
   <div class='ocr_carea' id='block_1_62' title="bbox 168 3229 1761 3324">
    <p class='ocr_par' dir='ltr' id='par_1_62' title="bbox 168 3243 1755 3320">
     <span class='ocr_line' id='line_1_62' title="bbox 168 3243 1755 3320; baseline -0.003 -18"><span class='ocrx_word' id='word_1_512' title='bbox 168 3248 242 3303; x_wconf 87' lang='lat' dir='ltr'><strong>nia</strong></span> <span class='ocrx_word' id='word_1_513' title='bbox 268 3259 370 3317; x_wconf 88' lang='lat' dir='ltr'><strong>est,</strong></span> <span class='ocrx_word' id='word_1_514' title='bbox 408 3248 582 3320; x_wconf 79' lang='lat' dir='ltr'><strong>qualis</strong></span> <span class='ocrx_word' id='word_1_515' title='bbox 611 3256 667 3303; x_wconf 86' lang='lat' dir='ltr'><strong>et</strong></span> <span class='ocrx_word' id='word_1_516' title='bbox 693 3246 992 3318; x_wconf 88' lang='lat' dir='ltr'><strong>cujusmodi</strong></span> <span class='ocrx_word' id='word_1_517' title='bbox 1018 3247 1087 3300; x_wconf 88' lang='lat' dir='ltr'><strong>sit</strong></span> <span class='ocrx_word' id='word_1_518' title='bbox 1109 3243 1356 3317; x_wconf 80' lang='lat' dir='ltr'><strong>(e)lesus</strong></span> <span class='ocrx_word' id='word_1_519' title='bbox 1385 3244 1706 3302; x_wconf 88' lang='lat' dir='ltr'><strong>calumniari</strong></span> <span class='ocrx_word' id='word_1_520' title='bbox 1738 3262 1755 3298; x_wconf 87' lang='lat'><strong>:</strong></span> 
     </span>
    </p>
   </div>
   <div class='ocr_carea' id='block_1_63' title="bbox 1875 3229 3474 3324">
    <p class='ocr_par' dir='ltr' id='par_1_63' title="bbox 1875 3258 3474 3324">
     <span class='ocr_line' id='line_1_63' title="bbox 1875 3258 3474 3324; baseline 0.007 -13"><span class='ocrx_word' id='word_1_521' title='bbox 1875 3266 1989 3314; x_wconf 77' lang='lat' dir='ltr'><strong>tuus</strong></span> <span class='ocrx_word' id='word_1_522' title='bbox 2010 3270 2114 3324; x_wconf 88' lang='lat' dir='ltr'><strong>est,</strong></span> <span class='ocrx_word' id='word_1_523' title='bbox 2147 3258 2303 3314; x_wconf 79' lang='lat' dir='ltr'><strong>nobis</strong></span> <span class='ocrx_word' id='word_1_524' title='bbox 2332 3262 2652 3317; x_wconf 83' lang='lat' dir='ltr'><strong>resurrexit.</strong></span> <span class='ocrx_word' id='word_1_525' title='bbox 2687 3262 2752 3317; x_wconf 89' lang='lat' dir='ltr'><strong>Et</strong></span> <span class='ocrx_word' id='word_1_526' title='bbox 2781 3278 2904 3317; x_wconf 90' lang='lat' dir='ltr'><strong>cum</strong></span> <span class='ocrx_word' id='word_1_527' title='bbox 2937 3261 3090 3319; x_wconf 90' lang='lat' dir='ltr'><strong>nobis</strong></span> <span class='ocrx_word' id='word_1_528' title='bbox 3119 3265 3233 3320; x_wconf 76' lang='lat' dir='ltr'><strong>lucc</strong></span> <span class='ocrx_word' id='word_1_529' title='bbox 3260 3266 3374 3321; x_wconf 89' lang='lat' dir='ltr'><strong>sola</strong></span> <span class='ocrx_word' id='word_1_530' title='bbox 3402 3266 3474 3322; x_wconf 91' lang='lat' dir='ltr'><strong>sit</strong></span> 
     </span>
    </p>
   </div>
   <div class='ocr_carea' id='block_1_64' title="bbox 167 3338 1756 3409">
    <p class='ocr_par' dir='ltr' id='par_1_64' title="bbox 167 3338 1756 3409">
     <span class='ocr_line' id='line_1_64' title="bbox 167 3338 1756 3409; baseline -0.004 -11"><span class='ocrx_word' id='word_1_531' title='bbox 167 3359 274 3398; x_wconf 85' lang='lat' dir='ltr'><strong>cum</strong></span> <span class='ocrx_word' id='word_1_532' title='bbox 304 3344 456 3398; x_wconf 88' lang='lat' dir='ltr'><strong>salus</strong></span> <span class='ocrx_word' id='word_1_533' title='bbox 485 3342 598 3397; x_wconf 86' lang='lat' dir='ltr'><strong>sola</strong></span> <span class='ocrx_word' id='word_1_534' title='bbox 636 3342 727 3409; x_wconf 88' lang='lat' dir='ltr'><strong>sit,</strong></span> <span class='ocrx_word' id='word_1_535' title='bbox 758 3340 862 3395; x_wconf 85' lang='lat' dir='ltr'><strong>hoc</strong></span> <span class='ocrx_word' id='word_1_536' title='bbox 890 3339 1066 3395; x_wconf 86' lang='lat' dir='ltr'><strong>solum</strong></span> <span class='ocrx_word' id='word_1_537' title='bbox 1110 3338 1272 3403; x_wconf 86' lang='lat' dir='ltr'><strong>scire,</strong></span> <span class='ocrx_word' id='word_1_538' title='bbox 1305 3339 1448 3409; x_wconf 90' lang='lat' dir='ltr'><strong>quod</strong></span> <span class='ocrx_word' id='word_1_539' title='bbox 1491 3338 1756 3394; x_wconf 87' lang='lat' dir='ltr'><strong>Dominus</strong></span> 
     </span>
    </p>
   </div>
   <div class='ocr_carea' id='block_1_65' title="bbox 166 3431 1759 3506">
    <p class='ocr_par' dir='ltr' id='par_1_65' title="bbox 166 3431 1759 3506">
     <span class='ocr_line' id='line_1_65' title="bbox 166 3431 1759 3506; baseline -0.003 -16"><span class='ocrx_word' id='word_1_540' title='bbox 166 3435 427 3491; x_wconf 83' lang='lat' dir='ltr'><strong>sit‘t‘l‘um</strong></span> <span class='ocrx_word' id='word_1_541' title='bbox 460 3450 622 3506; x_wconf 87' lang='lat' dir='ltr'><strong>porro</strong></span> <span class='ocrx_word' id='word_1_542' title='bbox 657 3434 749 3504; x_wconf 86' lang='lat' dir='ltr'><strong>qui</strong></span> <span class='ocrx_word' id='word_1_543' title='bbox 782 3434 1034 3487; x_wconf 69' lang='grc' dir='ltr'><strong>ιιιιιιιιδηιε</strong></span> <span class='ocrx_word' id='word_1_544' title='bbox 1060 3431 1334 3487; x_wconf 84' lang='lat' dir='ltr'><strong>inanitatis</strong></span> <span class='ocrx_word' id='word_1_545' title='bbox 1368 3447 1524 3487; x_wconf 89' lang='lat' dir='ltr'><strong>error</strong></span> <span class='ocrx_word' id='word_1_546' title='bbox 1554 3440 1658 3499; x_wconf 91' lang='lat' dir='ltr'><strong>est,</strong></span> <span class='ocrx_word' id='word_1_547' title='bbox 1688 3431 1759 3486; x_wconf 90' lang='lat' dir='ltr'><strong>de</strong></span> 
     </span>
    </p>
   </div>
   <div class='ocr_carea' id='block_1_66' title="bbox 166 3524 1759 3599">
    <p class='ocr_par' dir='ltr' id='par_1_66' title="bbox 166 3524 1759 3599">
     <span class='ocr_line' id='line_1_66' title="bbox 166 3524 1759 3599; baseline -0.003 -15"><span class='ocrx_word' id='word_1_548' title='bbox 166 3529 557 3586; x_wconf 84' lang='lat' dir='ltr'><strong>resurrectione</strong></span> <span class='ocrx_word' id='word_1_549' title='bbox 583 3527 699 3599; x_wconf 87' lang='lat' dir='ltr'><strong>ejus</strong></span> <span class='ocrx_word' id='word_1_550' title='bbox 728 3525 850 3583; x_wconf 81' lang='lat' dir='ltr'><strong>lites</strong></span> <span class='ocrx_word' id='word_1_551' title='bbox 879 3542 1100 3582; x_wconf 82' lang='lat' dir='ltr'><strong>ntnvere</strong></span> <span class='ocrx_word' id='word_1_552' title='bbox 1131 3542 1143 3580; x_wconf 91' lang='lat'><strong>:</strong></span> <span class='ocrx_word' id='word_1_553' title='bbox 1177 3540 1297 3581; x_wconf 85' lang='lat' dir='ltr'><strong>cum</strong></span> <span class='ocrx_word' id='word_1_554' title='bbox 1330 3524 1559 3581; x_wconf 84' lang='lat' dir='ltr'><strong>sufficiat</strong></span> <span class='ocrx_word' id='word_1_555' title='bbox 1585 3526 1652 3580; x_wconf 87' lang='lat' dir='ltr'><strong>ad</strong></span> <span class='ocrx_word' id='word_1_556' title='bbox 1680 3526 1759 3580; x_wconf 81' lang='lat' dir='ltr'><strong>vi-</strong></span> 
     </span>
    </p>
   </div>
   <div class='ocr_carea' id='block_1_67' title="bbox 166 3618 1757 3696">
    <p class='ocr_par' dir='ltr' id='par_1_67' title="bbox 166 3618 1757 3696">
     <span class='ocr_line' id='line_1_67' title="bbox 166 3618 1757 3696; baseline -0.003 -19"><span class='ocrx_word' id='word_1_557' title='bbox 166 3632 287 3691; x_wconf 85' lang='lat' dir='ltr'><strong>tam,</strong></span> <span class='ocrx_word' id='word_1_558' title='bbox 315 3623 466 3696; x_wconf 89' lang='lat' dir='ltr'><strong>quod</strong></span> <span class='ocrx_word' id='word_1_559' title='bbox 500 3639 528 3677; x_wconf 90' lang='lat' dir='ltr'><strong>a</strong></span> <span class='ocrx_word' id='word_1_560' title='bbox 566 3622 678 3677; x_wconf 88' lang='lat' dir='ltr'><strong>Deo</strong></span> <span class='ocrx_word' id='word_1_561' title='bbox 718 3622 1011 3677; x_wconf 72' lang='lat' dir='ltr'><strong>suscitatus</strong></span> <span class='ocrx_word' id='word_1_562' title='bbox 1051 3622 1125 3677; x_wconf 89' lang='lat' dir='ltr'><strong>sit</strong></span> <span class='ocrx_word' id='word_1_563' title='bbox 1165 3619 1500 3676; x_wconf 82' lang='lat' dir='ltr'><strong>credidisse?</strong></span> <span class='ocrx_word' id='word_1_564' title='bbox 1530 3618 1584 3676; x_wconf 89' lang='lat' dir='ltr'><strong>in</strong></span> <span class='ocrx_word' id='word_1_565' title='bbox 1629 3618 1757 3674; x_wconf 85' lang='lat' dir='ltr'><strong>sim-</strong></span> 
     </span>
    </p>
   </div>
   <div class='ocr_carea' id='block_1_68' title="bbox 165 3714 1758 3788">
    <p class='ocr_par' dir='ltr' id='par_1_68' title="bbox 165 3714 1758 3788">
     <span class='ocr_line' id='line_1_68' title="bbox 165 3714 1758 3788; baseline -0.003 -17"><span class='ocrx_word' id='word_1_566' title='bbox 165 3718 400 3788; x_wconf 78' lang='lat' dir='ltr'><strong>plicitate</strong></span> <span class='ocrx_word' id='word_1_567' title='bbox 434 3719 612 3786; x_wconf 88' lang='lat' dir='ltr'><strong>itaque</strong></span> <span class='ocrx_word' id='word_1_568' title='bbox 643 3715 778 3772; x_wconf 83' lang='lat' dir='ltr'><strong>fides</strong></span> <span class='ocrx_word' id='word_1_569' title='bbox 806 3722 908 3781; x_wconf 87' lang='lat' dir='ltr'><strong>est,</strong></span> <span class='ocrx_word' id='word_1_570' title='bbox 945 3715 998 3770; x_wconf 88' lang='lat' dir='ltr'><strong>in</strong></span> <span class='ocrx_word' id='word_1_571' title='bbox 1030 3714 1137 3770; x_wconf 87' lang='lat' dir='ltr'><strong>lide</strong></span> <span class='ocrx_word' id='word_1_572' title='bbox 1167 3715 1376 3786; x_wconf 85' lang='lat' dir='ltr'><strong>justitia</strong></span> <span class='ocrx_word' id='word_1_573' title='bbox 1408 3725 1511 3781; x_wconf 89' lang='lat' dir='ltr'><strong>est,</strong></span> <span class='ocrx_word' id='word_1_574' title='bbox 1542 3714 1593 3768; x_wconf 91' lang='lat' dir='ltr'><strong>in</strong></span> <span class='ocrx_word' id='word_1_575' title='bbox 1623 3728 1758 3768; x_wconf 90' lang='lat' dir='ltr'><strong>con-</strong></span> 
     </span>
    </p>
   </div>
   <div class='ocr_carea' id='block_1_69' title="bbox 166 3807 1754 3882">
    <p class='ocr_par' dir='ltr' id='par_1_69' title="bbox 166 3807 1754 3882">
     <span class='ocr_line' id='line_1_69' title="bbox 166 3807 1754 3882; baseline -0.001 -17"><span class='ocrx_word' id='word_1_576' title='bbox 166 3811 391 3868; x_wconf 64' lang='lat' dir='ltr'><strong>fessione</strong></span> <span class='ocrx_word' id='word_1_577' title='bbox 436 3811 605 3882; x_wconf 87' lang='lat' dir='ltr'><strong>pietas</strong></span> <span class='ocrx_word' id='word_1_578' title='bbox 641 3818 743 3866; x_wconf 65' lang='lat' dir='ltr'><strong>est.</strong></span> <span class='ocrx_word' id='word_1_579' title='bbox 783 3810 900 3866; x_wconf 76' lang='lat' dir='ltr'><strong>Non</strong></span> <span class='ocrx_word' id='word_1_580' title='bbox 949 3825 1044 3880; x_wconf 91' lang='lat' dir='ltr'><strong>per</strong></span> <span class='ocrx_word' id='word_1_581' title='bbox 1082 3808 1335 3864; x_wconf 82' lang='lat' dir='ltr'><strong>difficiles</strong></span> <span class='ocrx_word' id='word_1_582' title='bbox 1375 3823 1477 3863; x_wconf 90' lang='lat' dir='ltr'><strong>nos</strong></span> <span class='ocrx_word' id='word_1_583' title='bbox 1509 3807 1653 3864; x_wconf 85' lang='lat' dir='ltr'><strong>Deus</strong></span> <span class='ocrx_word' id='word_1_584' title='bbox 1687 3807 1754 3863; x_wconf 87' lang='lat' dir='ltr'><strong>ad</strong></span> 
     </span>
    </p>
   </div>
   <div class='ocr_carea' id='block_1_70' title="bbox 164 3900 1757 3977">
    <p class='ocr_par' dir='ltr' id='par_1_70' title="bbox 164 3900 1757 3977">
     <span class='ocr_line' id='line_1_70' title="bbox 164 3900 1757 3977; baseline -0.004 -15"><span class='ocrx_word' id='word_1_585' title='bbox 164 3905 361 3962; x_wconf 79' lang='lat' dir='ltr'><strong>beatam</strong></span> <span class='ocrx_word' id='word_1_586' title='bbox 401 3907 567 3961; x_wconf 77' lang='lat' dir='ltr'><strong>vitam</strong></span> <span class='ocrx_word' id='word_1_587' title='bbox 593 3906 924 3977; x_wconf 61' lang='lat' dir='ltr'><strong>quaestiones</strong></span> <span class='ocrx_word' id='word_1_588' title='bbox 965 3914 1142 3969; x_wconf 85' lang='lat' dir='ltr'><strong>vocat,</strong></span> <span class='ocrx_word' id='word_1_589' title='bbox 1171 3918 1272 3959; x_wconf 90' lang='lat' dir='ltr'><strong>nec</strong></span> <span class='ocrx_word' id='word_1_590' title='bbox 1315 3900 1599 3972; x_wconf 87' lang='lat' dir='ltr'><strong>multiplici</strong></span> <span class='ocrx_word' id='word_1_591' title='bbox 1638 3901 1757 3957; x_wconf 85' lang='lat' dir='ltr'><strong>elo-</strong></span> 
     </span>
    </p>
   </div>
   <div class='ocr_carea' id='block_1_71' title="bbox 165 3993 1758 4069">
    <p class='ocr_par' dir='ltr' id='par_1_71' title="bbox 165 3993 1758 4069">
     <span class='ocr_line' id='line_1_71' title="bbox 165 3993 1758 4069; baseline -0.002 -17"><span class='ocrx_word' id='word_1_592' title='bbox 165 4000 366 4069; x_wconf 83' lang='lat' dir='ltr'><strong>quentis</strong></span> <span class='ocrx_word' id='word_1_593' title='bbox 395 3998 664 4055; x_wconf 73' lang='lat' dir='ltr'><strong>facundiae</strong></span> <span class='ocrx_word' id='word_1_594' title='bbox 691 4013 891 4069; x_wconf 72' lang='lat' dir='ltr'><strong>genere</strong></span> <span class='ocrx_word' id='word_1_595' title='bbox 927 3996 1204 4053; x_wconf 74' lang='lat' dir='ltr'><strong>sollicitat.</strong></span> <span class='ocrx_word' id='word_1_596' title='bbox 1237 3994 1293 4050; x_wconf 87' lang='lat' dir='ltr'><strong>in</strong></span> <span class='ocrx_word' id='word_1_597' title='bbox 1323 3995 1572 4050; x_wconf 88' lang='lat' dir='ltr'><strong>absoluto</strong></span> <span class='ocrx_word' id='word_1_598' title='bbox 1600 3993 1758 4049; x_wconf 85' lang='lat' dir='ltr'><strong>nobis</strong></span> 
     </span>
    </p>
   </div>
   <div class='ocr_carea' id='block_1_72' title="bbox 166 4090 1759 4157">
    <p class='ocr_par' dir='ltr' id='par_1_72' title="bbox 166 4090 1759 4157">
     <span class='ocr_line' id='line_1_72' title="bbox 166 4090 1759 4157; baseline -0.001 -12"><span class='ocrx_word' id='word_1_599' title='bbox 166 4109 222 4149; x_wconf 84' lang='lat' dir='ltr'><strong>ae</strong></span> <span class='ocrx_word' id='word_1_600' title='bbox 249 4095 395 4150; x_wconf 81' lang='lat' dir='ltr'><strong>facili</strong></span> <span class='ocrx_word' id='word_1_601' title='bbox 427 4105 511 4150; x_wconf 88' lang='lat' dir='ltr'><strong>est</strong></span> <span class='ocrx_word' id='word_1_602' title='bbox 549 4096 826 4149; x_wconf 73' lang='lat' dir='ltr'><strong>aeternitas</strong></span> <span class='ocrx_word' id='word_1_603' title='bbox 848 4136 862 4157; x_wconf 89' lang='lat'><strong>,</strong></span> <span class='ocrx_word' id='word_1_604' title='bbox 894 4092 1080 4149; x_wconf 86' lang='lat' dir='ltr'><strong>Jesum</strong></span> <span class='ocrx_word' id='word_1_605' title='bbox 1113 4102 1168 4147; x_wconf 88' lang='lat' dir='ltr'><strong>et</strong></span> <span class='ocrx_word' id='word_1_606' title='bbox 1201 4090 1578 4146; x_wconf 66' lang='lat' dir='ltr'><strong>suscitatum‘a</strong></span> <span class='ocrx_word' id='word_1_607' title='bbox 1610 4103 1759 4145; x_wconf 74' lang='lat' dir='ltr'><strong>mor—</strong></span> 
     </span>
    </p>
   </div>
   <div class='ocr_carea' id='block_1_73' title="bbox 166 4186 1758 4259">
    <p class='ocr_par' dir='ltr' id='par_1_73' title="bbox 166 4186 1758 4259">
     <span class='ocr_line' id='line_1_73' title="bbox 166 4186 1758 4259; baseline -0.001 -17"><span class='ocrx_word' id='word_1_608' title='bbox 166 4188 262 4243; x_wconf 78' lang='lat' dir='ltr'><strong>tuis</strong></span> <span class='ocrx_word' id='word_1_609' title='bbox 292 4204 390 4259; x_wconf 83' lang='lat' dir='ltr'><strong>per</strong></span> <span class='ocrx_word' id='word_1_610' title='bbox 430 4189 595 4243; x_wconf 86' lang='lat' dir='ltr'><strong>Deum</strong></span> <span class='ocrx_word' id='word_1_611' title='bbox 616 4187 862 4252; x_wconf 84' lang='lat' dir='ltr'><strong>credere,</strong></span> <span class='ocrx_word' id='word_1_612' title='bbox 896 4195 951 4242; x_wconf 84' lang='lat' dir='ltr'><strong>et</strong></span> <span class='ocrx_word' id='word_1_613' title='bbox 978 4187 1150 4257; x_wconf 85' lang='lat' dir='ltr'><strong>ipsum</strong></span> <span class='ocrx_word' id='word_1_614' title='bbox 1174 4201 1294 4241; x_wconf 88' lang='lat' dir='ltr'><strong>esse</strong></span> <span class='ocrx_word' id='word_1_615' title='bbox 1320 4186 1604 4240; x_wconf 87' lang='lat' dir='ltr'><strong>Dominum</strong></span> <span class='ocrx_word' id='word_1_616' title='bbox 1623 4200 1758 4241; x_wconf 64' lang='lat' dir='ltr'><strong>cono</strong></span> 
     </span>
    </p>
   </div>
   <div class='ocr_carea' id='block_1_74' title="bbox 164 4280 1758 4354">
    <p class='ocr_par' dir='ltr' id='par_1_74' title="bbox 164 4280 1758 4354">
     <span class='ocr_line' id='line_1_74' title="bbox 164 4280 1758 4354; baseline -0.002 -17"><span class='ocrx_word' id='word_1_617' title='bbox 164 4280 316 4338; x_wconf 76' lang='lat' dir='ltr'><strong>litori.</strong></span> <span class='ocrx_word' id='word_1_618' title='bbox 364 4283 541 4339; x_wconf 69' lang='lat' dir='ltr'><strong>Nonio</strong></span> <span class='ocrx_word' id='word_1_619' title='bbox 590 4283 772 4354; x_wconf 86' lang='lat' dir='ltr'><strong>itaque</strong></span> <span class='ocrx_word' id='word_1_620' title='bbox 802 4298 888 4346; x_wconf 87' lang='lat' dir='ltr'><strong>ea,</strong></span> <span class='ocrx_word' id='word_1_621' title='bbox 921 4298 1041 4349; x_wconf 78' lang='lat' dir='ltr'><strong>qntc</strong></span> <span class='ocrx_word' id='word_1_622' title='bbox 1085 4282 1154 4336; x_wconf 89' lang='lat' dir='ltr'><strong>ob</strong></span> <span class='ocrx_word' id='word_1_623' title='bbox 1191 4281 1582 4350; x_wconf 81' lang='lat' dir='ltr'><strong>ignorationem</strong></span> <span class='ocrx_word' id='word_1_624' title='bbox 1631 4295 1758 4335; x_wconf 85' lang='lat' dir='ltr'><strong>nos-</strong></span> 
     </span>
    </p>
   </div>
   <div class='ocr_carea' id='block_1_75' title="bbox 169 4376 1757 4446">
    <p class='ocr_par' dir='ltr' id='par_1_75' title="bbox 169 4376 1757 4446">
     <span class='ocr_line' id='line_1_75' title="bbox 169 4376 1757 4446; baseline 0.001 -16"><span class='ocrx_word' id='word_1_625' title='bbox 169 4386 293 4432; x_wconf 84' lang='lat' dir='ltr'><strong>trum</strong></span> <span class='ocrx_word' id='word_1_626' title='bbox 316 4378 465 4434; x_wconf 79' lang='lat' dir='ltr'><strong>dicta</strong></span> <span class='ocrx_word' id='word_1_627' title='bbox 497 4389 643 4443; x_wconf 78' lang='lat' dir='ltr'><strong>sntit,</strong></span> <span class='ocrx_word' id='word_1_628' title='bbox 664 4378 741 4432; x_wconf 85' lang='lat' dir='ltr'><strong>ad</strong></span> <span class='ocrx_word' id='word_1_629' title='bbox 773 4377 1113 4434; x_wconf 82' lang='lat' dir='ltr'><strong>occasionem</strong></span> <span class='ocrx_word' id='word_1_630' title='bbox 1154 4376 1571 4446; x_wconf 79' lang='lat' dir='ltr'><strong>irreligiositatis</strong></span> <span class='ocrx_word' id='word_1_631' title='bbox 1598 4392 1757 4431; x_wconf 79' lang='lat' dir='ltr'><strong>usur-</strong></span> 
     </span>
    </p>
   </div>
   <div class='ocr_carea' id='block_1_76' title="bbox 164 4469 1750 4543">
    <p class='ocr_par' dir='ltr' id='par_1_76' title="bbox 164 4469 1750 4543">
     <span class='ocr_line' id='line_1_76' title="bbox 164 4469 1750 4543; baseline 0.001 -18"><span class='ocrx_word' id='word_1_632' title='bbox 164 4482 264 4539; x_wconf 87' lang='lat' dir='ltr'><strong>pet.</strong></span> <span class='ocrx_word' id='word_1_633' title='bbox 318 4473 745 4543; x_wconf 80' lang='lat' dir='ltr'><strong>Cognoscendus</strong></span> <span class='ocrx_word' id='word_1_634' title='bbox 798 4471 940 4527; x_wconf 90' lang='lat' dir='ltr'><strong>enim</strong></span> <span class='ocrx_word' id='word_1_635' title='bbox 990 4470 1149 4525; x_wconf 87' lang='lat' dir='ltr'><strong>Jesus</strong></span> <span class='ocrx_word' id='word_1_636' title='bbox 1196 4469 1451 4524; x_wconf 86' lang='lat' dir='ltr'><strong>Christus</strong></span> <span class='ocrx_word' id='word_1_637' title='bbox 1497 4482 1750 4527; x_wconf 88' lang='lat' dir='ltr'><strong>mortuus</strong></span> 
     </span>
    </p>
   </div>
   <div class='ocr_carea' id='block_1_77' title="bbox 164 4564 916 4633">
    <p class='ocr_par' dir='ltr' id='par_1_77' title="bbox 164 4564 916 4633">
     <span class='ocr_line' id='line_1_77' title="bbox 164 4564 916 4633; baseline -0.001 -15"><span class='ocrx_word' id='word_1_638' title='bbox 164 4574 291 4633; x_wconf 87' lang='lat' dir='ltr'><strong>erat,</strong></span> <span class='ocrx_word' id='word_1_639' title='bbox 325 4574 383 4620; x_wconf 88' lang='lat' dir='ltr'><strong>ut</strong></span> <span class='ocrx_word' id='word_1_640' title='bbox 413 4566 464 4619; x_wconf 92' lang='lat' dir='ltr'><strong>in</strong></span> <span class='ocrx_word' id='word_1_641' title='bbox 498 4579 562 4620; x_wconf 81' lang='lat' dir='ltr'><strong>eo</strong></span> <span class='ocrx_word' id='word_1_642' title='bbox 587 4564 916 4620; x_wconf 84' lang='lat' dir='ltr'><strong>vivcremus.</strong></span> 
     </span>
    </p>
   </div>
   <div class='ocr_carea' id='block_1_78' title="bbox 1865 3342 3473 3429">
    <p class='ocr_par' dir='ltr' id='par_1_78' title="bbox 1865 3342 3473 3429">
     <span class='ocr_line' id='line_1_78' title="bbox 1865 3342 3473 3429; baseline 0.004 -18"><span class='ocrx_word' id='word_1_643' title='bbox 1865 3354 2168 3425; x_wconf 88' lang='lat' dir='ltr'><strong>proprietas</strong></span> <span class='ocrx_word' id='word_1_644' title='bbox 2197 3342 2265 3429; x_wconf 77' lang='lat' dir='ltr'><strong>ad</strong></span> <span class='ocrx_word' id='word_1_645' title='bbox 2293 3356 2545 3423; x_wconf 86' lang='lat' dir='ltr'><strong>salutem,</strong></span> <span class='ocrx_word' id='word_1_646' title='bbox 2581 3367 2641 3411; x_wconf 90' lang='lat' dir='ltr'><strong>ut</strong></span> <span class='ocrx_word' id='word_1_647' title='bbox 2684 3355 2782 3413; x_wconf 85' lang='lat' dir='ltr'><strong>Dei</strong></span> <span class='ocrx_word' id='word_1_648' title='bbox 2821 3356 2985 3413; x_wconf 88' lang='lat' dir='ltr'><strong>filium</strong></span> <span class='ocrx_word' id='word_1_649' title='bbox 3014 3358 3374 3414; x_wconf 77' lang='lat' dir='ltr'><strong>confiteantur</strong></span> <span class='ocrx_word' id='word_1_650' title='bbox 3404 3375 3473 3417; x_wconf 81' lang='lat' dir='ltr'><strong>ex</strong></span> 
     </span>
    </p>
   </div>
   <div class='ocr_carea' id='block_1_79' title="bbox 1863 3447 3471 3526">
    <p class='ocr_par' dir='ltr' id='par_1_79' title="bbox 1863 3447 3471 3526">
     <span class='ocr_line' id='line_1_79' title="bbox 1863 3447 3471 3526; baseline 0.004 -25"><span class='ocrx_word' id='word_1_651' title='bbox 1863 3447 2129 3511; x_wconf 89' lang='lat' dir='ltr'><strong>mortuis;</strong></span> <span class='ocrx_word' id='word_1_652' title='bbox 2172 3462 2287 3517; x_wconf 90' lang='lat' dir='ltr'><strong>cur,</strong></span> <span class='ocrx_word' id='word_1_653' title='bbox 2321 3463 2475 3516; x_wconf 77' lang='lat' dir='ltr'><strong>rogo,</strong></span> <span class='ocrx_word' id='word_1_654' title='bbox 2519 3449 2570 3503; x_wconf 89' lang='lat' dir='ltr'><strong>in</strong></span> <span class='ocrx_word' id='word_1_655' title='bbox 2608 3447 2709 3505; x_wconf 87' lang='lat' dir='ltr'><strong>hac</strong></span> <span class='ocrx_word' id='word_1_656' title='bbox 2737 3449 3138 3521; x_wconf 76' lang='lat' dir='ltr'><strong>irreligiositate</strong></span> <span class='ocrx_word' id='word_1_657' title='bbox 3166 3450 3242 3526; x_wconf 86' lang='lat' dir='ltr'><strong>(g)</strong></span> <span class='ocrx_word' id='word_1_658' title='bbox 3277 3453 3471 3509; x_wconf 89' lang='lat' dir='ltr'><strong>moria-</strong></span> 
     </span>
    </p>
   </div>
   <div class='ocr_carea' id='block_1_80' title="bbox 1861 3540 3470 3649">
    <p class='ocr_par' dir='ltr' id='par_1_80' title="bbox 1861 3540 3470 3649">
     <span class='ocr_line' id='line_1_80' title="bbox 1861 3540 3470 3649; baseline 0.005 -53"><span class='ocrx_word' id='word_1_659' title='bbox 1861 3557 2005 3606; x_wconf 86' lang='lat' dir='ltr'><strong>mur,</strong></span> <span class='ocrx_word' id='word_1_660' title='bbox 2038 3552 2096 3598; x_wconf 83' lang='lat' dir='ltr'><strong>ut</strong></span> <span class='ocrx_word' id='word_1_661' title='bbox 2128 3557 2249 3598; x_wconf 90' lang='lat' dir='ltr'><strong>cum</strong></span> <span class='ocrx_word' id='word_1_662' title='bbox 2278 3540 2532 3600; x_wconf 85' lang='lat' dir='ltr'><strong>Christus</strong></span> <span class='ocrx_word' id='word_1_663' title='bbox 2561 3544 2700 3598; x_wconf 88' lang='lat' dir='ltr'><strong>intra</strong></span> <span class='ocrx_word' id='word_1_664' title='bbox 2744 3543 2997 3600; x_wconf 86' lang='lat' dir='ltr'><strong>fiduciam</strong></span> <span class='ocrx_word' id='word_1_665' title='bbox 3028 3545 3331 3603; x_wconf 85' lang='lat' dir='ltr'><strong>divinitatis</strong></span> <span class='ocrx_word' id='word_1_666' title='bbox 3356 3563 3470 3649; x_wconf 55' lang='grc' dir='ltr'>Ψ</span> 
     </span>
    </p>
   </div>
   <div class='ocr_carea' id='block_1_81' title="bbox 1862 3637 3474 3715">
    <p class='ocr_par' dir='ltr' id='par_1_81' title="bbox 1862 3637 3474 3715">
     <span class='ocr_line' id='line_1_81' title="bbox 1862 3637 3474 3715; baseline 0.007 -25"><span class='ocrx_word' id='word_1_667' title='bbox 1862 3644 2109 3700; x_wconf 85' lang='lat' dir='ltr'><strong>manens,</strong></span> <span class='ocrx_word' id='word_1_668' title='bbox 2142 3640 2278 3693; x_wconf 89' lang='lat' dir='ltr'><strong>mori</strong></span> <span class='ocrx_word' id='word_1_669' title='bbox 2310 3653 2370 3693; x_wconf 90' lang='lat' dir='ltr'><strong>se</strong></span> <span class='ocrx_word' id='word_1_670' title='bbox 2397 3653 2496 3710; x_wconf 90' lang='lat' dir='ltr'><strong>per</strong></span> <span class='ocrx_word' id='word_1_671' title='bbox 2518 3637 2971 3711; x_wconf 78' lang='lat' dir='ltr'><strong>significationem</strong></span> <span class='ocrx_word' id='word_1_672' title='bbox 3000 3643 3265 3715; x_wconf 89' lang='lat' dir='ltr'><strong>assumpti</strong></span> <span class='ocrx_word' id='word_1_673' title='bbox 3298 3637 3474 3701; x_wconf 74' lang='lat' dir='ltr'><strong>horiii-</strong></span> 
     </span>
    </p>
   </div>
   <div class='ocr_carea' id='block_1_82' title="bbox 1863 3729 3467 3803">
    <p class='ocr_par' dir='ltr' id='par_1_82' title="bbox 1863 3729 3467 3803">
     <span class='ocr_line' id='line_1_82' title="bbox 1863 3729 3467 3803; baseline 0.007 -19"><span class='ocrx_word' id='word_1_674' title='bbox 1863 3729 1948 3785; x_wconf 88' lang='lat' dir='ltr'><strong>nis</strong></span> <span class='ocrx_word' id='word_1_675' title='bbox 1969 3745 2090 3784; x_wconf 88' lang='lat' dir='ltr'><strong>cum</strong></span> <span class='ocrx_word' id='word_1_676' title='bbox 2117 3729 2410 3787; x_wconf 87' lang='lat' dir='ltr'><strong>securitate</strong></span> <span class='ocrx_word' id='word_1_677' title='bbox 2441 3730 2727 3803; x_wconf 79' lang='lat' dir='ltr'><strong>morientis</strong></span> <span class='ocrx_word' id='word_1_678' title='bbox 2756 3733 3077 3803; x_wconf 89' lang='lat' dir='ltr'><strong>ostenderit,</strong></span> <span class='ocrx_word' id='word_1_679' title='bbox 3106 3734 3211 3793; x_wconf 85' lang='lat' dir='ltr'><strong>hoc</strong></span> <span class='ocrx_word' id='word_1_680' title='bbox 3235 3736 3467 3795; x_wconf 81' lang='lat' dir='ltr'><strong>maxime</strong></span> 
     </span>
    </p>
   </div>
   <div class='ocr_carea' id='block_1_83' title="bbox 1860 3823 3466 3905">
    <p class='ocr_par' dir='ltr' id='par_1_83' title="bbox 1860 3823 3466 3905">
     <span class='ocr_line' id='line_1_83' title="bbox 1860 3823 3466 3905; baseline 0.006 -28"><span class='ocrx_word' id='word_1_681' title='bbox 1860 3823 1927 3877; x_wconf 86' lang='lat' dir='ltr'><strong>ad</strong></span> <span class='ocrx_word' id='word_1_682' title='bbox 1948 3824 2327 3895; x_wconf 77' lang='lat' dir='ltr'><strong>abncgandum</strong></span> <span class='ocrx_word' id='word_1_683' title='bbox 2345 3840 2466 3881; x_wconf 89' lang='lat' dir='ltr'><strong>eum</strong></span> <span class='ocrx_word' id='word_1_684' title='bbox 2490 3825 2653 3881; x_wconf 89' lang='lat' dir='ltr'><strong>Deum</strong></span> <span class='ocrx_word' id='word_1_685' title='bbox 2673 3827 2939 3896; x_wconf 73' lang='lat' dir='ltr'><strong>proficiat,</strong></span> <span class='ocrx_word' id='word_1_686' title='bbox 2958 3828 3099 3905; x_wconf 90' lang='lat' dir='ltr'><strong>quod</strong></span> <span class='ocrx_word' id='word_1_687' title='bbox 3118 3843 3176 3885; x_wconf 86' lang='lat' dir='ltr'><strong>se</strong></span> <span class='ocrx_word' id='word_1_688' title='bbox 3193 3830 3347 3887; x_wconf 89' lang='lat' dir='ltr'><strong>nobis</strong></span> <span class='ocrx_word' id='word_1_689' title='bbox 3368 3830 3466 3887; x_wconf 89' lang='lat' dir='ltr'><strong>Del</strong></span> 
     </span>
    </p>
   </div>
   <div class='ocr_carea' id='block_1_84' title="bbox 1861 3917 3468 3991">
    <p class='ocr_par' dir='ltr' id='par_1_84' title="bbox 1861 3917 3468 3991">
     <span class='ocr_line' id='line_1_84' title="bbox 1861 3917 3468 3991; baseline 0.004 -19"><span class='ocrx_word' id='word_1_690' title='bbox 1861 3917 2002 3974; x_wconf 81' lang='lat' dir='ltr'><strong>ﬁlius</strong></span> <span class='ocrx_word' id='word_1_691' title='bbox 2033 3926 2088 3973; x_wconf 94' lang='lat' dir='ltr'><strong>et</strong></span> <span class='ocrx_word' id='word_1_692' title='bbox 2128 3918 2364 3974; x_wconf 88' lang='lat' dir='ltr'><strong>hominis</strong></span> <span class='ocrx_word' id='word_1_693' title='bbox 2404 3917 2575 3974; x_wconf 87' lang='lat' dir='ltr'><strong>filium</strong></span> <span class='ocrx_word' id='word_1_694' title='bbox 2621 3928 2706 3975; x_wconf 72' lang='lat' dir='ltr'><strong>est</strong></span> <span class='ocrx_word' id='word_1_695' title='bbox 2748 3922 3029 3991; x_wconf 84' lang='lat' dir='ltr'><strong>professus</strong></span> <span class='ocrx_word' id='word_1_696' title='bbox 3062 3932 3116 3977; x_wconf 90' lang='lat' dir='ltr'><strong>et</strong></span> <span class='ocrx_word' id='word_1_697' title='bbox 3156 3923 3468 3979; x_wconf 81' lang='lat' dir='ltr'><strong>mortuum?</strong></span> 
     </span>
    </p>
   </div>
   <div class='ocr_carea' id='block_1_85' title="bbox 2139 4050 3194 4130">
    <p class='ocr_par' dir='ltr' id='par_1_85' title="bbox 2139 4050 3194 4130">
     <span class='ocr_line' id='line_1_85' title="bbox 2139 4050 3194 4130; baseline 0.001 -15"><span class='ocrx_word' id='word_1_698' title='bbox 2139 4050 2495 4130; x_wconf 58' lang='lat'><strong>373-375</strong></span> <span class='ocrx_word' id='word_1_699' title='bbox 2533 4054 2743 4113; x_wconf 78' lang='lat' dir='ltr'><strong>LIBER</strong></span> <span class='ocrx_word' id='word_1_700' title='bbox 2786 4056 3194 4116; x_wconf 86' lang='lat' dir='ltr'><strong>UNDECIMUS.</strong></span> 
     </span>
    </p>
   </div>
   <div class='ocr_carea' id='block_1_86' title="bbox 1864 4188 3470 4268">
    <p class='ocr_par' dir='ltr' id='par_1_86' title="bbox 1864 4188 3470 4268">
     <span class='ocr_line' id='line_1_86' title="bbox 1864 4188 3470 4268; baseline 0.005 -25"><span class='ocrx_word' id='word_1_701' title='bbox 1864 4188 1932 4243; x_wconf 79' lang='lat' dir='ltr'><strong>In</strong></span> <span class='ocrx_word' id='word_1_702' title='bbox 1959 4190 2109 4260; x_wconf 75' lang='lat' dir='ltr'><strong>cujus</strong></span> <span class='ocrx_word' id='word_1_703' title='bbox 2135 4190 2348 4245; x_wconf 73' lang='lat' dir='ltr'><strong>exordio</strong></span> <span class='ocrx_word' id='word_1_704' title='bbox 2370 4189 2610 4245; x_wconf 83' lang='lat' dir='ltr'><strong>Hilarius</strong></span> <span class='ocrx_word' id='word_1_705' title='bbox 2637 4191 2865 4261; x_wconf 69' lang='lat' dir='ltr'><strong>exponit,</strong></span> <span class='ocrx_word' id='word_1_706' title='bbox 2903 4191 3061 4261; x_wconf 77' lang='lat' dir='ltr'><strong>fidem</strong></span> <span class='ocrx_word' id='word_1_707' title='bbox 3086 4192 3225 4268; x_wconf 78' lang='lat' dir='ltr'><strong>apud</strong></span> <span class='ocrx_word' id='word_1_708' title='bbox 3245 4193 3470 4251; x_wconf 78' lang='lat' dir='ltr'><strong>Arianos</strong></span> 
     </span>
    </p>
   </div>
   <div class='ocr_carea' id='block_1_87' title="bbox 1935 4283 3467 4349">
    <p class='ocr_par' dir='ltr' id='par_1_87' title="bbox 1935 4283 3467 4349">
     <span class='ocr_line' id='line_1_87' title="bbox 1935 4283 3467 4349; baseline 0.004 -12"><span class='ocrx_word' id='word_1_709' title='bbox 1935 4300 2091 4342; x_wconf 84' lang='lat' dir='ltr'><strong>unam</strong></span> <span class='ocrx_word' id='word_1_710' title='bbox 2124 4300 2224 4338; x_wconf 85' lang='lat' dir='ltr'><strong>non</strong></span> <span class='ocrx_word' id='word_1_711' title='bbox 2258 4299 2406 4349; x_wconf 84' lang='lat' dir='ltr'><strong>csse;</strong></span> <span class='ocrx_word' id='word_1_712' title='bbox 2448 4293 2494 4338; x_wconf 87' lang='lat' dir='ltr'><strong>et</strong></span> <span class='ocrx_word' id='word_1_713' title='bbox 2534 4300 2652 4338; x_wconf 87' lang='lat' dir='ltr'><strong>cum</strong></span> <span class='ocrx_word' id='word_1_714' title='bbox 2684 4283 2921 4339; x_wconf 85' lang='lat' dir='ltr'><strong>Christus</strong></span> <span class='ocrx_word' id='word_1_715' title='bbox 2947 4301 3097 4340; x_wconf 78' lang='lat' dir='ltr'><strong>verus</strong></span> <span class='ocrx_word' id='word_1_716' title='bbox 3116 4286 3260 4341; x_wconf 85' lang='lat' dir='ltr'><strong>Deus</strong></span> <span class='ocrx_word' id='word_1_717' title='bbox 3279 4305 3341 4342; x_wconf 84' lang='lat' dir='ltr'><strong>ac</strong></span> <span class='ocrx_word' id='word_1_718' title='bbox 3373 4287 3467 4343; x_wconf 84' lang='lat' dir='ltr'><strong>Dei</strong></span> 
     </span>
    </p>
   </div>
   <div class='ocr_carea' id='block_1_88' title="bbox 1936 4377 3464 4450">
    <p class='ocr_par' dir='ltr' id='par_1_88' title="bbox 1936 4377 3464 4450">
     <span class='ocr_line' id='line_1_88' title="bbox 1936 4377 3464 4450; baseline 0.004 -19"><span class='ocrx_word' id='word_1_719' title='bbox 1936 4377 2075 4448; x_wconf 81' lang='lat' dir='ltr'><strong>ﬁlius</strong></span> <span class='ocrx_word' id='word_1_720' title='bbox 2093 4378 2325 4450; x_wconf 82' lang='lat' dir='ltr'><strong>ignorari</strong></span> <span class='ocrx_word' id='word_1_721' title='bbox 2351 4379 2459 4443; x_wconf 81' lang='lat' dir='ltr'><strong>iam</strong></span> <span class='ocrx_word' id='word_1_722' title='bbox 2481 4394 2583 4433; x_wconf 86' lang='lat' dir='ltr'><strong>non</strong></span> <span class='ocrx_word' id='word_1_723' title='bbox 2620 4378 2783 4450; x_wconf 84' lang='lat' dir='ltr'><strong>possit</strong></span> <span class='ocrx_word' id='word_1_724' title='bbox 2809 4419 2821 4441; x_wconf 89' lang='lat'><strong>,</strong></span> <span class='ocrx_word' id='word_1_725' title='bbox 2861 4395 2978 4433; x_wconf 88' lang='lat' dir='ltr'><strong>eum</strong></span> <span class='ocrx_word' id='word_1_726' title='bbox 3005 4389 3175 4434; x_wconf 87' lang='lat' dir='ltr'><strong>tamen</strong></span> <span class='ocrx_word' id='word_1_727' title='bbox 3196 4392 3424 4437; x_wconf 84' lang='lat' dir='ltr'><strong>creatum</strong></span> <span class='ocrx_word' id='word_1_728' title='bbox 3449 4425 3464 4450; x_wconf 92' lang='lat'><strong>,</strong></span> 
     </span>
    </p>
   </div>
   <div class='ocr_carea' id='block_1_89' title="bbox 1938 4456 3468 4550">
    <p class='ocr_par' dir='ltr' id='par_1_89' title="bbox 1938 4456 3468 4550">
     <span class='ocr_line' id='line_1_89' title="bbox 1938 4456 3468 4550; baseline 0.005 -25"><span class='ocrx_word' id='word_1_729' title='bbox 1938 4480 1983 4525; x_wconf 87' lang='lat' dir='ltr'><strong>et</strong></span> <span class='ocrx_word' id='word_1_730' title='bbox 2006 4471 2211 4525; x_wconf 88' lang='lat' dir='ltr'><strong>nomine</strong></span> <span class='ocrx_word' id='word_1_731' title='bbox 2239 4481 2386 4525; x_wconf 86' lang='lat' dir='ltr'><strong>tenus</strong></span> <span class='ocrx_word' id='word_1_732' title='bbox 2417 4468 2584 4526; x_wconf 88' lang='lat' dir='ltr'><strong>Deum</strong></span> <span class='ocrx_word' id='word_1_733' title='bbox 2608 4474 2671 4525; x_wconf 91' lang='lat' dir='ltr'><strong>ab</strong></span> <span class='ocrx_word' id='word_1_734' title='bbox 2694 4472 2801 4527; x_wconf 86' lang='lat' dir='ltr'><strong>illis</strong></span> <span class='ocrx_word' id='word_1_735' title='bbox 2826 4472 3037 4546; x_wconf 75' lang='lat' dir='ltr'><strong>defendi</strong></span> <span class='ocrx_word' id='word_1_736' title='bbox 3098 4475 3221 4531; x_wconf 83' lang='lat' dir='ltr'><strong>dum</strong></span> <span class='ocrx_word' id='word_1_737' title='bbox 3249 4476 3468 4550; x_wconf 78' lang='lat' dir='ltr'><strong>dispen—</strong></span> 
     </span>
    </p>
   </div>
   <div class='ocr_carea' id='block_1_90' title="bbox 1936 4564 3466 4637">
    <p class='ocr_par' dir='ltr' id='par_1_90' title="bbox 1936 4564 3466 4637">
     <span class='ocr_line' id='line_1_90' title="bbox 1936 4564 3466 4637; baseline 0.005 -16"><span class='ocrx_word' id='word_1_738' title='bbox 1936 4564 2208 4622; x_wconf 84' lang='lat' dir='ltr'><strong>sationem</strong></span> <span class='ocrx_word' id='word_1_739' title='bbox 2240 4566 2502 4636; x_wconf 81' lang='lat' dir='ltr'><strong>assumpti</strong></span> <span class='ocrx_word' id='word_1_740' title='bbox 2533 4567 2780 4636; x_wconf 86' lang='lat' dir='ltr'><strong>corporis</strong></span> <span class='ocrx_word' id='word_1_741' title='bbox 2824 4567 3038 4637; x_wconf 86' lang='lat' dir='ltr'><strong>rapiunt</strong></span> <span class='ocrx_word' id='word_1_742' title='bbox 3066 4568 3132 4623; x_wconf 88' lang='lat' dir='ltr'><strong>ad</strong></span> <span class='ocrx_word' id='word_1_743' title='bbox 3180 4581 3466 4629; x_wconf 89' lang='lat' dir='ltr'><strong>contume-</strong></span> 
     </span>
    </p>
   </div>
   <div class='ocr_carea' id='block_1_91' title="bbox 230 4648 3472 4738">
    <p class='ocr_par' dir='ltr' id='par_1_91' title="bbox 230 4648 3472 4738">
     <span class='ocr_line' id='line_1_91' title="bbox 230 4648 3472 4738; baseline 0.003 -24"><span class='ocrx_word' id='word_1_744' title='bbox 230 4658 317 4714; x_wconf 86' lang='lat' dir='ltr'><strong>7l.</strong></span> <span class='ocrx_word' id='word_1_745' title='bbox 352 4656 510 4713; x_wconf 86' lang='lat' dir='ltr'><strong>Fidei</strong></span> <span class='ocrx_word' id='word_1_746' title='bbox 531 4668 720 4713; x_wconf 76' lang='lat' dir='ltr'><strong>nostra:</strong></span> <span class='ocrx_word' id='word_1_747' title='bbox 749 4656 972 4712; x_wconf 84' lang='lat' dir='ltr'><strong>eruditio</strong></span> <span class='ocrx_word' id='word_1_748' title='bbox 1000 4665 1072 4711; x_wconf 86' lang='lat' dir='ltr'><strong>est</strong></span> <span class='ocrx_word' id='word_1_749' title='bbox 1100 4672 1216 4728; x_wconf 72' lang='lat' dir='ltr'><strong>qua:</strong></span> <span class='ocrx_word' id='word_1_750' title='bbox 1236 4655 1429 4712; x_wconf 78' lang='lat' dir='ltr'><strong>Christi</strong></span> <span class='ocrx_word' id='word_1_751' title='bbox 1451 4657 1650 4713; x_wconf 85' lang='lat' dir='ltr'><strong>videtur</strong></span> <span class='ocrx_word' id='word_1_752' title='bbox 1675 4658 1755 4712; x_wconf 84' lang='lat' dir='ltr'><strong>in—</strong></span> <span class='ocrx_word' id='word_1_753' title='bbox 1783 4648 1836 4710; x_wconf 81' lang='grc' dir='ltr'><strong><em>Β</em></strong></span> <span class='ocrx_word' id='word_1_754' title='bbox 1936 4659 2065 4714; x_wconf 91' lang='lat' dir='ltr'><strong>liam</strong></span> <span class='ocrx_word' id='word_1_755' title='bbox 2094 4657 2412 4714; x_wconf 83' lang='lat' dir='ltr'><strong>divinitatis.</strong></span> <span class='ocrx_word' id='word_1_756' title='bbox 2466 4656 2680 4733; x_wconf 83' lang='lat' dir='ltr'><strong>Objeeta</strong></span> <span class='ocrx_word' id='word_1_757' title='bbox 2705 4659 2888 4715; x_wconf 86' lang='lat' dir='ltr'><strong>deinde</strong></span> <span class='ocrx_word' id='word_1_758' title='bbox 2918 4660 3073 4717; x_wconf 86' lang='lat' dir='ltr'><strong>diluit</strong></span> <span class='ocrx_word' id='word_1_759' title='bbox 3101 4678 3167 4719; x_wconf 78' lang='lat' dir='ltr'><strong>ea:</strong></span> <span class='ocrx_word' id='word_1_760' title='bbox 3201 4664 3267 4720; x_wconf 90' lang='lat' dir='ltr'><strong>iis</strong></span> <span class='ocrx_word' id='word_1_761' title='bbox 3306 4667 3472 4738; x_wconf 82' lang='lat' dir='ltr'><strong>petita</strong></span> 
     </span>
    </p>
   </div>
   <div class='ocr_carea' id='block_1_92' title="bbox 229 4794 1018 4870">
    <p class='ocr_par' dir='ltr' id='par_1_92' title="bbox 229 4794 1018 4870">
     <span class='ocr_line' id='line_1_92' title="bbox 229 4794 1018 4870; baseline -0.004 -17"><span class='ocrx_word' id='word_1_762' title='bbox 229 4795 308 4870; x_wconf 77' lang='grc' dir='ltr'><strong>(Ι)</strong></span> <span class='ocrx_word' id='word_1_763' title='bbox 335 4796 605 4867; x_wconf 78' lang='lat' dir='ltr'><strong>Numquid</strong></span> <span class='ocrx_word' id='word_1_764' title='bbox 634 4811 835 4867; x_wconf 78' lang='lat' dir='ltr'><strong>prerem</strong></span> <span class='ocrx_word' id='word_1_765' title='bbox 857 4794 1018 4866; x_wconf 85' lang='lat' dir='ltr'><strong>eguit.</strong></span> 
     </span>
    </p>
   </div>
   <div class='ocr_carea' id='block_1_93' title="bbox 230 4938 1755 5014">
    <p class='ocr_par' dir='ltr' id='par_1_93' title="bbox 230 4938 1755 5014">
     <span class='ocr_line' id='line_1_93' title="bbox 230 4938 1755 5014; baseline -0.005 -11"><span class='ocrx_word' id='word_1_766' title='bbox 230 4938 305 5014; x_wconf 73' lang='lat' dir='ltr'><strong>(tt)</strong></span> <span class='ocrx_word' id='word_1_767' title='bbox 323 4940 417 4999; x_wconf 85' lang='lat' dir='ltr'><strong>Sic</strong></span> <span class='ocrx_word' id='word_1_768' title='bbox 438 4955 569 5014; x_wconf 82' lang='lat' dir='ltr'><strong>mss.</strong></span> <span class='ocrx_word' id='word_1_769' title='bbox 591 4938 739 4996; x_wconf 86' lang='lat' dir='ltr'><strong>Editi</strong></span> <span class='ocrx_word' id='word_1_770' title='bbox 754 4955 881 5014; x_wconf 73' lang='lat' dir='ltr'><strong>vero</strong></span> <span class='ocrx_word' id='word_1_771' title='bbox 898 4938 1186 5014; x_wconf 56' lang='lat' dir='ltr'><strong>sapientia.</strong></span> <span class='ocrx_word' id='word_1_772' title='bbox 1201 4938 1493 5014; x_wconf 77' lang='lat' dir='ltr'><strong>Scientiam</strong></span> <span class='ocrx_word' id='word_1_773' title='bbox 1514 4949 1755 4994; x_wconf 86' lang='lat' dir='ltr'><strong>nostram</strong></span> 
     </span>
    </p>
   </div>
   <div class='ocr_carea' id='block_1_94' title="bbox 160 5009 1754 5081">
    <p class='ocr_par' dir='ltr' id='par_1_94' title="bbox 160 5009 1754 5081">
     <span class='ocr_line' id='line_1_94' title="bbox 160 5009 1754 5081; baseline -0.004 -10"><span class='ocrx_word' id='word_1_774' title='bbox 160 5009 311 5071; x_wconf 62' lang='grc' dir='ltr'><strong>ὁοᾱί</strong></span> <span class='ocrx_word' id='word_1_775' title='bbox 338 5028 461 5071; x_wconf 83' lang='lat' dir='ltr'><strong>esse</strong></span> <span class='ocrx_word' id='word_1_776' title='bbox 487 5012 644 5069; x_wconf 80' lang='lat' dir='ltr'><strong>sitam</strong></span> <span class='ocrx_word' id='word_1_777' title='bbox 677 5013 729 5069; x_wconf 87' lang='lat' dir='ltr'><strong>in</strong></span> <span class='ocrx_word' id='word_1_778' title='bbox 755 5012 879 5078; x_wconf 85' lang='lat' dir='ltr'><strong>fide,</strong></span> <span class='ocrx_word' id='word_1_779' title='bbox 906 5010 1062 5081; x_wconf 81' lang='lat' dir='ltr'><strong>cujus</strong></span> <span class='ocrx_word' id='word_1_780' title='bbox 1086 5010 1227 5067; x_wconf 82' lang='lat' dir='ltr'><strong>ratio</strong></span> <span class='ocrx_word' id='word_1_781' title='bbox 1252 5026 1316 5065; x_wconf 81' lang='lat' dir='ltr'><strong>ac</strong></span> <span class='ocrx_word' id='word_1_782' title='bbox 1344 5009 1754 5067; x_wconf 81' lang='lat' dir='ltr'><strong>fundamentum</strong></span> 
     </span>
    </p>
   </div>
   <div class='ocr_carea' id='block_1_95' title="bbox 158 5082 1755 5154">
    <p class='ocr_par' dir='ltr' id='par_1_95' title="bbox 158 5082 1755 5154">
     <span class='ocr_line' id='line_1_95' title="bbox 158 5082 1755 5154; baseline -0.004 -10"><span class='ocrx_word' id='word_1_783' title='bbox 158 5084 229 5144; x_wconf 71' lang='grc' dir='ltr'><strong>ιιι</strong></span> <span class='ocrx_word' id='word_1_784' title='bbox 247 5084 344 5143; x_wconf 85' lang='lat' dir='ltr'><strong>Dei</strong></span> <span class='ocrx_word' id='word_1_785' title='bbox 379 5085 571 5147; x_wconf 85' lang='lat' dir='ltr'><strong>virtus.</strong></span> <span class='ocrx_word' id='word_1_786' title='bbox 601 5083 763 5140; x_wconf 82' lang='lat' dir='ltr'><strong>rebus</strong></span> <span class='ocrx_word' id='word_1_787' title='bbox 801 5099 863 5138; x_wconf 86' lang='lat' dir='ltr'><strong>se</strong></span> <span class='ocrx_word' id='word_1_788' title='bbox 894 5082 1126 5153; x_wconf 87' lang='lat' dir='ltr'><strong>prodens</strong></span> <span class='ocrx_word' id='word_1_789' title='bbox 1155 5091 1210 5138; x_wconf 91' lang='lat' dir='ltr'><strong>et</strong></span> <span class='ocrx_word' id='word_1_790' title='bbox 1249 5082 1481 5149; x_wconf 78' lang='lat' dir='ltr'><strong>effeCtis,</strong></span> <span class='ocrx_word' id='word_1_791' title='bbox 1522 5097 1755 5154; x_wconf 89' lang='lat' dir='ltr'><strong>quorum</strong></span> 
     </span>
    </p>
   </div>
   <div class='ocr_carea' id='block_1_96' title="bbox 159 5154 1253 5225">
    <p class='ocr_par' dir='ltr' id='par_1_96' title="bbox 159 5154 1253 5225">
     <span class='ocr_line' id='line_1_96' title="bbox 159 5154 1253 5225; baseline -0.01 -8"><span class='ocrx_word' id='word_1_792' title='bbox 159 5169 316 5217; x_wconf 70' lang='lat' dir='ltr'><strong>causa</strong></span> <span class='ocrx_word' id='word_1_793' title='bbox 348 5158 466 5217; x_wconf 83' lang='lat' dir='ltr'><strong>sola</strong></span> <span class='ocrx_word' id='word_1_794' title='bbox 494 5172 615 5219; x_wconf 80' lang='lat' dir='ltr'><strong>esse</strong></span> <span class='ocrx_word' id='word_1_795' title='bbox 639 5155 809 5225; x_wconf 83' lang='lat' dir='ltr'><strong>possit</strong></span> <span class='ocrx_word' id='word_1_796' title='bbox 837 5154 1253 5224; x_wconf 75' lang='lat' dir='ltr'><strong>omnipotentia.</strong></span> 
     </span>
    </p>
   </div>
   <div class='ocr_carea' id='block_1_97' title="bbox 226 5225 1755 5299">
    <p class='ocr_par' dir='ltr' id='par_1_97' title="bbox 226 5225 1755 5299">
     <span class='ocr_line' id='line_1_97' title="bbox 226 5225 1755 5299; baseline -0.002 -16"><span class='ocrx_word' id='word_1_797' title='bbox 226 5228 304 5299; x_wconf 73' lang='grc'><strong>(6)</strong></span> <span class='ocrx_word' id='word_1_798' title='bbox 328 5227 389 5291; x_wconf 81' lang='lat' dir='ltr'><strong>In</strong></span> <span class='ocrx_word' id='word_1_799' title='bbox 416 5230 562 5296; x_wconf 83' lang='lat' dir='ltr'><strong>prius</strong></span> <span class='ocrx_word' id='word_1_800' title='bbox 582 5227 798 5289; x_wconf 68' lang='lat' dir='ltr'><strong>excusis</strong></span> <span class='ocrx_word' id='word_1_801' title='bbox 818 5238 869 5283; x_wconf 88' lang='lat' dir='ltr'><strong>et</strong></span> <span class='ocrx_word' id='word_1_802' title='bbox 892 5226 1252 5299; x_wconf 74' lang='lat' dir='ltr'><strong>aliquot__ntss.</strong></span> <span class='ocrx_word' id='word_1_803' title='bbox 1279 5227 1413 5299; x_wconf 79' lang='lat' dir='ltr'><strong>inter</strong></span> <span class='ocrx_word' id='word_1_804' title='bbox 1434 5225 1755 5299; x_wconf 74' lang='lat' dir='ltr'><strong>religionem.</strong></span> 
     </span>
    </p>
   </div>
   <div class='ocr_carea' id='block_1_98' title="bbox 160 5296 1761 5368">
    <p class='ocr_par' dir='ltr' id='par_1_98' title="bbox 160 5296 1761 5368">
     <span class='ocr_line' id='line_1_98' title="bbox 160 5296 1761 5368; baseline -0.004 -10"><span class='ocrx_word' id='word_1_805' title='bbox 160 5296 504 5366; x_wconf 66' lang='lat' dir='ltr'><strong>Prmfeeintus</strong></span> <span class='ocrx_word' id='word_1_806' title='bbox 524 5314 647 5359; x_wconf 89' lang='lat' dir='ltr'><strong>cum</strong></span> <span class='ocrx_word' id='word_1_807' title='bbox 674 5299 855 5363; x_wconf 88' lang='lat' dir='ltr'><strong>Colb.,</strong></span> <span class='ocrx_word' id='word_1_808' title='bbox 880 5296 1069 5363; x_wconf 84' lang='lat' dir='ltr'><strong>Corb.,</strong></span> <span class='ocrx_word' id='word_1_809' title='bbox 1094 5297 1331 5368; x_wconf 79' lang='lat' dir='ltr'><strong>Remig.,</strong></span> <span class='ocrx_word' id='word_1_810' title='bbox 1364 5296 1600 5363; x_wconf 49' lang='lat' dir='ltr'><strong>Martio”</strong></span> <span class='ocrx_word' id='word_1_811' title='bbox 1630 5297 1761 5352; x_wconf 82' lang='lat' dir='ltr'><strong>Pra-</strong></span> 
     </span>
    </p>
   </div>
   <div class='ocr_carea' id='block_1_99' title="bbox 162 5369 1760 5441">
    <p class='ocr_par' dir='ltr' id='par_1_99' title="bbox 162 5369 1760 5441">
     <span class='ocr_line' id='line_1_99' title="bbox 162 5369 1760 5441; baseline 0 -18"><span class='ocrx_word' id='word_1_812' title='bbox 162 5370 272 5429; x_wconf 77' lang='lat' dir='ltr'><strong>tell.</strong></span> <span class='ocrx_word' id='word_1_813' title='bbox 346 5386 416 5429; x_wconf 79' lang='lat' dir='ltr'><strong>ac</strong></span> <span class='ocrx_word' id='word_1_814' title='bbox 473 5371 715 5441; x_wconf 84' lang='lat' dir='ltr'><strong>pluribus</strong></span> <span class='ocrx_word' id='word_1_815' title='bbox 761 5369 881 5427; x_wconf 84' lang='lat' dir='ltr'><strong>aliis</strong></span> <span class='ocrx_word' id='word_1_816' title='bbox 941 5371 1078 5425; x_wconf 85' lang='lat' dir='ltr'><strong>inter</strong></span> <span class='ocrx_word' id='word_1_817' title='bbox 1116 5371 1411 5439; x_wconf 82' lang='lat' dir='ltr'><strong>regionem;</strong></span> <span class='ocrx_word' id='word_1_818' title='bbox 1463 5371 1760 5437; x_wconf 71' lang='lat' dir='ltr'><strong>prtcscrtim</strong></span> 
     </span>
    </p>
   </div>
   <div class='ocr_carea' id='block_1_100' title="bbox 161 5441 1760 5510">
    <p class='ocr_par' dir='ltr' id='par_1_100' title="bbox 161 5441 1760 5510">
     <span class='ocr_line' id='line_1_100' title="bbox 161 5441 1760 5510; baseline -0.003 -9"><span class='ocrx_word' id='word_1_819' title='bbox 161 5457 281 5501; x_wconf 73' lang='lat' dir='ltr'><strong>cum</strong></span> <span class='ocrx_word' id='word_1_820' title='bbox 296 5443 368 5503; x_wconf 88' lang='lat' dir='ltr'><strong>de</strong></span> <span class='ocrx_word' id='word_1_821' title='bbox 383 5443 530 5499; x_wconf 73' lang='lat' dir='ltr'><strong>vet-bi</strong></span> <span class='ocrx_word' id='word_1_822' title='bbox 555 5441 664 5499; x_wconf 84' lang='lat' dir='ltr'><strong>situ</strong></span> <span class='ocrx_word' id='word_1_823' title='bbox 691 5457 874 5498; x_wconf 73' lang='lat' dir='ltr'><strong>sermo</strong></span> <span class='ocrx_word' id='word_1_824' title='bbox 897 5443 988 5509; x_wconf 86' lang='lat' dir='ltr'><strong>sit,</strong></span> <span class='ocrx_word' id='word_1_825' title='bbox 1015 5456 1079 5497; x_wconf 85' lang='lat' dir='ltr'><strong>ac</strong></span> <span class='ocrx_word' id='word_1_826' title='bbox 1108 5442 1175 5495; x_wconf 89' lang='lat' dir='ltr'><strong>de</strong></span> <span class='ocrx_word' id='word_1_827' title='bbox 1197 5442 1309 5497; x_wconf 91' lang='lat' dir='ltr'><strong>Deo</strong></span> <span class='ocrx_word' id='word_1_828' title='bbox 1330 5441 1442 5508; x_wconf 86' lang='lat' dir='ltr'><strong>jam</strong></span> <span class='ocrx_word' id='word_1_829' title='bbox 1470 5442 1760 5510; x_wconf 83' lang='lat' dir='ltr'><strong>legerimus</strong></span> 
     </span>
    </p>
   </div>
   <div class='ocr_carea' id='block_1_101' title="bbox 161 5511 1655 5586">
    <p class='ocr_par' dir='ltr' id='par_1_101' title="bbox 161 5511 1655 5586">
     <span class='ocr_line' id='line_1_101' title="bbox 161 5511 1655 5586; baseline -0.005 -13"><span class='ocrx_word' id='word_1_830' title='bbox 161 5511 257 5573; x_wconf 66' lang='lat' dir='ltr'><strong>tua.</strong></span> <span class='ocrx_word' id='word_1_831' title='bbox 284 5530 346 5582; x_wconf 84' lang='grc' dir='ltr'><strong>ιι,</strong></span> <span class='ocrx_word' id='word_1_832' title='bbox 394 5531 540 5573; x_wconf 79' lang='lat' dir='ltr'><strong>Itum.</strong></span> <span class='ocrx_word' id='word_1_833' title='bbox 572 5519 604 5573; x_wconf 83' lang='lat' dir='ltr'><strong>li</strong></span> <span class='ocrx_word' id='word_1_834' title='bbox 632 5532 645 5568; x_wconf 91' lang='lat'><strong>:</strong></span> <span class='ocrx_word' id='word_1_835' title='bbox 679 5512 762 5577; x_wconf 80' lang='lat' dir='ltr'><strong>Ita</strong></span> <span class='ocrx_word' id='word_1_836' title='bbox 784 5515 1041 5586; x_wconf 57' lang='lat' dir='ltr'><strong>regionem</strong></span> <span class='ocrx_word' id='word_1_837' title='bbox 1064 5512 1413 5586; x_wconf 68' lang='lat' dir='ltr'><strong>intelligentia:</strong></span> <span class='ocrx_word' id='word_1_838' title='bbox 1437 5511 1655 5586; x_wconf 68' lang='lat' dir='ltr'><strong>exredtt.</strong></span> 
     </span>
    </p>
   </div>
   <div class='ocr_carea' id='block_1_102' title="bbox 230 5583 1758 5656">
    <p class='ocr_par' dir='ltr' id='par_1_102' title="bbox 230 5583 1758 5656">
     <span class='ocr_line' id='line_1_102' title="bbox 230 5583 1758 5656; baseline -0.01 -3"><span class='ocrx_word' id='word_1_839' title='bbox 230 5588 309 5653; x_wconf 70' lang='lat' dir='ltr'><strong>(et</strong></span> <span class='ocrx_word' id='word_1_840' title='bbox 338 5586 489 5655; x_wconf 72' lang='lat' dir='ltr'><strong>Lips,</strong></span> <span class='ocrx_word' id='word_1_841' title='bbox 533 5594 589 5643; x_wconf 80' lang='lat' dir='ltr'><strong>rt</strong></span> <span class='ocrx_word' id='word_1_842' title='bbox 625 5586 750 5647; x_wconf 81' lang='lat' dir='ltr'><strong>Par.</strong></span> <span class='ocrx_word' id='word_1_843' title='bbox 802 5583 924 5656; x_wconf 76' lang='lat' dir='ltr'><strong>post</strong></span> <span class='ocrx_word' id='word_1_844' title='bbox 978 5584 1262 5639; x_wconf 84' lang='lat' dir='ltr'><strong>Erasmum</strong></span> <span class='ocrx_word' id='word_1_845' title='bbox 1313 5583 1403 5639; x_wconf 84' lang='lat' dir='ltr'><strong>hic</strong></span> <span class='ocrx_word' id='word_1_846' title='bbox 1443 5583 1758 5652; x_wconf 81' lang='lat' dir='ltr'><strong>subjiciunt,</strong></span> 
     </span>
    </p>
   </div>
   <div class='ocr_carea' id='block_1_103' title="bbox 160 5655 1761 5729">
    <p class='ocr_par' dir='ltr' id='par_1_103' title="bbox 160 5655 1761 5729">
     <span class='ocr_line' id='line_1_103' title="bbox 160 5655 1761 5729; baseline -0.004 -14"><span class='ocrx_word' id='word_1_847' title='bbox 160 5655 327 5729; x_wconf 50' lang='lat' dir='ltr'><strong>(inde</strong></span> <span class='ocrx_word' id='word_1_848' title='bbox 351 5661 488 5723; x_wconf 78' lang='lat' dir='ltr'><strong>enim</strong></span> <span class='ocrx_word' id='word_1_849' title='bbox 515 5658 737 5717; x_wconf 81' lang='lat' dir='ltr'><strong>creditur</strong></span> <span class='ocrx_word' id='word_1_850' title='bbox 772 5655 841 5717; x_wconf 82' lang='lat' dir='ltr'><strong>ad</strong></span> <span class='ocrx_word' id='word_1_851' title='bbox 869 5657 1154 5729; x_wconf 81' lang='lat' dir='ltr'><strong>justitiam,</strong></span> <span class='ocrx_word' id='word_1_852' title='bbox 1190 5672 1278 5710; x_wconf 85' lang='lat' dir='ltr'><strong>ore</strong></span> <span class='ocrx_word' id='word_1_853' title='bbox 1303 5665 1487 5729; x_wconf 3' lang='lat' dir='ltr'><strong>autem,</strong></span> <span class='ocrx_word' id='word_1_854' title='bbox 1506 5656 1761 5724; x_wconf 73' lang='lat' dir='ltr'><strong>confessio</strong></span> 
     </span>
    </p>
   </div>
   <div class='ocr_carea' id='block_1_104' title="bbox 162 5727 1722 5809">
    <p class='ocr_par' dir='ltr' id='par_1_104' title="bbox 162 5727 1722 5809">
     <span class='ocr_line' id='line_1_104' title="bbox 162 5727 1722 5809; baseline -0.001 -27"><span class='ocrx_word' id='word_1_855' title='bbox 162 5728 220 5797; x_wconf 84' lang='lat' dir='ltr'><strong>fit</strong></span> <span class='ocrx_word' id='word_1_856' title='bbox 238 5729 317 5809; x_wconf 71' lang='lat' dir='ltr'><strong>ad</strong></span> <span class='ocrx_word' id='word_1_857' title='bbox 346 5731 566 5809; x_wconf 64' lang='lat' dir='ltr'><strong>salutem</strong></span> <span class='ocrx_word' id='word_1_858' title='bbox 602 5729 793 5809; x_wconf 50' lang='lat' dir='ltr'><strong>Lnulla</strong></span> <span class='ocrx_word' id='word_1_859' title='bbox 817 5727 1141 5809; x_wconf 47' lang='grc' dir='ltr'><strong>ιιιξ-ειιξιὶιξιιε</strong></span> <span class='ocrx_word' id='word_1_860' title='bbox 1165 5738 1407 5809; x_wconf 74' lang='lat' dir='ltr'><strong>veterum</strong></span> <span class='ocrx_word' id='word_1_861' title='bbox 1440 5727 1722 5809; x_wconf 70' lang='lat' dir='ltr'><strong>librorum.</strong></span> 
     </span>
    </p>
   </div>
   <div class='ocr_carea' id='block_1_105' title="bbox 228 5798 1763 5873">
    <p class='ocr_par' dir='ltr' id='par_1_105' title="bbox 228 5798 1763 5873">
     <span class='ocr_line' id='line_1_105' title="bbox 228 5798 1763 5873; baseline -0.003 -18"><span class='ocrx_word' id='word_1_862' title='bbox 228 5800 315 5873; x_wconf 77' lang='lat' dir='ltr'><strong>(si)</strong></span> <span class='ocrx_word' id='word_1_863' title='bbox 342 5801 437 5857; x_wconf 84' lang='lat' dir='ltr'><strong>Sic</strong></span> <span class='ocrx_word' id='word_1_864' title='bbox 460 5817 581 5863; x_wconf 80' lang='lat' dir='ltr'><strong>eum</strong></span> <span class='ocrx_word' id='word_1_865' title='bbox 609 5802 701 5858; x_wconf 87' lang='lat' dir='ltr'><strong>Er.</strong></span> <span class='ocrx_word' id='word_1_866' title='bbox 731 5798 833 5865; x_wconf 68' lang='lat' dir='ltr'><strong>ms.</strong></span> <span class='ocrx_word' id='word_1_867' title='bbox 861 5799 1016 5857; x_wconf 83' lang='lat' dir='ltr'><strong>Colb.</strong></span> <span class='ocrx_word' id='word_1_868' title='bbox 1040 5801 1110 5865; x_wconf 79' lang='lat' dir='ltr'><strong>At</strong></span> <span class='ocrx_word' id='word_1_869' title='bbox 1149 5799 1336 5859; x_wconf 65' lang='lat' dir='ltr'><strong>centeri</strong></span> <span class='ocrx_word' id='word_1_870' title='bbox 1365 5815 1486 5859; x_wconf 84' lang='lat' dir='ltr'><strong>cum</strong></span> <span class='ocrx_word' id='word_1_871' title='bbox 1517 5798 1646 5855; x_wconf 85' lang='lat' dir='ltr'><strong>Bad.</strong></span> <span class='ocrx_word' id='word_1_872' title='bbox 1682 5799 1763 5852; x_wconf 80' lang='lat' dir='ltr'><strong>in-</strong></span> 
     </span>
    </p>
   </div>
   <div class='ocr_carea' id='block_1_106' title="bbox 161 5873 554 5945">
    <p class='ocr_par' dir='ltr' id='par_1_106' title="bbox 161 5873 554 5945">
     <span class='ocr_line' id='line_1_106' title="bbox 161 5873 554 5945; baseline 0.005 -20"><span class='ocrx_word' id='word_1_873' title='bbox 161 5873 554 5945; x_wconf 64' lang='lat' dir='ltr'><strong>t&#39;estigabilium.</strong></span> 
     </span>
    </p>
   </div>
   <div class='ocr_carea' id='block_1_107' title="bbox 1932 4795 2745 4871">
    <p class='ocr_par' dir='ltr' id='par_1_107' title="bbox 1932 4795 2745 4871">
     <span class='ocr_line' id='line_1_107' title="bbox 1932 4795 2745 4871; baseline 0.005 -20"><span class='ocrx_word' id='word_1_874' title='bbox 1932 4796 2015 4871; x_wconf 65' lang='lat'><strong>(2)</strong></span> <span class='ocrx_word' id='word_1_875' title='bbox 2046 4795 2208 4865; x_wconf 89' lang='lat' dir='ltr'><strong>Olim,</strong></span> <span class='ocrx_word' id='word_1_876' title='bbox 2233 4797 2355 4868; x_wconf 86' lang='lat' dir='ltr'><strong>quia</strong></span> <span class='ocrx_word' id='word_1_877' title='bbox 2383 4795 2526 4855; x_wconf 88' lang='lat' dir='ltr'><strong>Deus</strong></span> <span class='ocrx_word' id='word_1_878' title='bbox 2548 4809 2745 4871; x_wconf 82' lang='lat' dir='ltr'><strong>regnet.</strong></span> 
     </span>
    </p>
   </div>
   <div class='ocr_carea' id='block_1_108' title="bbox 1938 4937 3195 5012">
    <p class='ocr_par' dir='ltr' id='par_1_108' title="bbox 1938 4937 3195 5012">
     <span class='ocr_line' id='line_1_108' title="bbox 1938 4937 3195 5012; baseline 0.002 -16"><span class='ocrx_word' id='word_1_879' title='bbox 1938 4942 2013 5012; x_wconf 80' lang='grc' dir='ltr'><strong>(ε)</strong></span> <span class='ocrx_word' id='word_1_880' title='bbox 2045 4939 2211 5008; x_wconf 88' lang='lat' dir='ltr'><strong>Editi,</strong></span> <span class='ocrx_word' id='word_1_881' title='bbox 2239 4941 2425 4997; x_wconf 73' lang='lat' dir='ltr'><strong>Iesum</strong></span> <span class='ocrx_word' id='word_1_882' title='bbox 2447 4956 2466 4995; x_wconf 94' lang='lat'><strong><em>:</em></strong></span> <span class='ocrx_word' id='word_1_883' title='bbox 2492 4937 2839 5010; x_wconf 76' lang='lat' dir='ltr'><strong>corriguntur</strong></span> <span class='ocrx_word' id='word_1_884' title='bbox 2863 4956 2931 4997; x_wconf 91' lang='lat' dir='ltr'><strong>ex</strong></span> <span class='ocrx_word' id='word_1_885' title='bbox 2954 4956 3087 4999; x_wconf 88' lang='lat' dir='ltr'><strong>mss.</strong></span> <span class='ocrx_word' id='word_1_886' title='bbox 3184 4991 3195 5005; x_wconf 54' lang='grc' dir='ltr'><strong>ι</strong></span> 
     </span>
    </p>
   </div>
   <div class='ocr_carea' id='block_1_109' title="bbox 1942 5011 3461 5089">
    <p class='ocr_par' dir='ltr' id='par_1_109' title="bbox 1942 5011 3461 5089">
     <span class='ocr_line' id='line_1_109' title="bbox 1942 5011 3461 5089; baseline 0.005 -23"><span class='ocrx_word' id='word_1_887' title='bbox 1942 5011 2011 5089; x_wconf 78' lang='grc'><strong>([)</strong></span> <span class='ocrx_word' id='word_1_888' title='bbox 2046 5014 2254 5089; x_wconf 75' lang='lat' dir='ltr'><strong>Martio.</strong></span> <span class='ocrx_word' id='word_1_889' title='bbox 2286 5022 2625 5089; x_wconf 78' lang='lat' dir='ltr'><strong>ms._propter</strong></span> <span class='ocrx_word' id='word_1_890' title='bbox 2651 5014 2852 5071; x_wconf 84' lang='lat' dir='ltr'><strong>turbam</strong></span> <span class='ocrx_word' id='word_1_891' title='bbox 2878 5014 3294 5073; x_wconf 80' lang='lat' dir='ltr'><strong>cireumsttmlent</strong></span> <span class='ocrx_word' id='word_1_892' title='bbox 3321 5018 3461 5087; x_wconf 70' lang='lat' dir='ltr'><strong>dixi,</strong></span> 
     </span>
    </p>
   </div>
   <div class='ocr_carea' id='block_1_110' title="bbox 1863 5085 2608 5156">
    <p class='ocr_par' dir='ltr' id='par_1_110' title="bbox 1863 5085 2608 5156">
     <span class='ocr_line' id='line_1_110' title="bbox 1863 5085 2608 5156; baseline -0.007 -13"><span class='ocrx_word' id='word_1_893' title='bbox 1863 5095 1919 5143; x_wconf 82' lang='lat' dir='ltr'><strong>ut</strong></span> <span class='ocrx_word' id='word_1_894' title='bbox 1950 5085 2163 5141; x_wconf 73' lang='lat' dir='ltr'><strong>credant</strong></span> <span class='ocrx_word' id='word_1_895' title='bbox 2190 5101 2293 5151; x_wconf 89' lang='lat' dir='ltr'><strong>me,</strong></span> <span class='ocrx_word' id='word_1_896' title='bbox 2325 5085 2466 5156; x_wconf 81' lang='lat' dir='ltr'><strong>quia,</strong></span> <span class='ocrx_word' id='word_1_897' title='bbox 2504 5095 2608 5140; x_wconf 85' lang='lat' dir='ltr'><strong>etc.</strong></span> 
     </span>
    </p>
   </div>
   <div class='ocr_carea' id='block_1_111' title="bbox 1943 5156 3468 5231">
    <p class='ocr_par' dir='ltr' id='par_1_111' title="bbox 1943 5156 3468 5231">
     <span class='ocr_line' id='line_1_111' title="bbox 1943 5156 3468 5231; baseline 0.002 -18"><span class='ocrx_word' id='word_1_898' title='bbox 1943 5158 2018 5231; x_wconf 85' lang='lat' dir='ltr'><strong>(g)</strong></span> <span class='ocrx_word' id='word_1_899' title='bbox 2051 5160 2107 5214; x_wconf 92' lang='lat' dir='ltr'><strong>In</strong></span> <span class='ocrx_word' id='word_1_900' title='bbox 2137 5159 2390 5228; x_wconf 79' lang='lat' dir='ltr'><strong>vulgatis,</strong></span> <span class='ocrx_word' id='word_1_901' title='bbox 2428 5172 2712 5231; x_wconf 80' lang='lat' dir='ltr'><strong>moramur.</strong></span> <span class='ocrx_word' id='word_1_902' title='bbox 2751 5156 2979 5231; x_wconf 7' lang='lat' dir='ltr'><strong>Rectius,</strong></span> <span class='ocrx_word' id='word_1_903' title='bbox 3017 5157 3069 5231; x_wconf 77' lang='lat' dir='ltr'><strong>in</strong></span> <span class='ocrx_word' id='word_1_904' title='bbox 3116 5174 3246 5215; x_wconf 85' lang='lat' dir='ltr'><strong>mss.</strong></span> <span class='ocrx_word' id='word_1_905' title='bbox 3278 5163 3468 5217; x_wconf 87' lang='lat' dir='ltr'><strong>moria-</strong></span> 
     </span>
    </p>
   </div>
   <div class='ocr_carea' id='block_1_112' title="bbox 1866 5229 3464 5299">
    <p class='ocr_par' dir='ltr' id='par_1_112' title="bbox 1866 5229 3464 5299">
     <span class='ocr_line' id='line_1_112' title="bbox 1866 5229 3464 5299; baseline 0.002 -14"><span class='ocrx_word' id='word_1_906' title='bbox 1866 5229 2027 5285; x_wconf 84' lang='lat' dir='ltr'><strong>mur:</strong></span> <span class='ocrx_word' id='word_1_907' title='bbox 2055 5232 2206 5299; x_wconf 87' lang='lat' dir='ltr'><strong>quasi</strong></span> <span class='ocrx_word' id='word_1_908' title='bbox 2234 5230 2460 5291; x_wconf 83' lang='lat' dir='ltr'><strong>diceret.</strong></span> <span class='ocrx_word' id='word_1_909' title='bbox 2495 5230 2550 5283; x_wconf 85' lang='lat' dir='ltr'><strong>Si</strong></span> <span class='ocrx_word' id='word_1_910' title='bbox 2588 5231 2735 5284; x_wconf 84' lang='lat' dir='ltr'><strong>salus</strong></span> <span class='ocrx_word' id='word_1_911' title='bbox 2775 5239 2856 5284; x_wconf 86' lang='lat' dir='ltr'><strong>est</strong></span> <span class='ocrx_word' id='word_1_912' title='bbox 2894 5230 2984 5284; x_wconf 85' lang='lat' dir='ltr'><strong>Dei</strong></span> <span class='ocrx_word' id='word_1_913' title='bbox 3025 5229 3193 5286; x_wconf 90' lang='lat' dir='ltr'><strong>filium</strong></span> <span class='ocrx_word' id='word_1_914' title='bbox 3225 5248 3291 5287; x_wconf 80' lang='lat' dir='ltr'><strong>ex</strong></span> <span class='ocrx_word' id='word_1_915' title='bbox 3321 5248 3464 5288; x_wconf 87' lang='lat' dir='ltr'><strong>mor-</strong></span> 
     </span>
    </p>
   </div>
   <div class='ocr_carea' id='block_1_113' title="bbox 1867 5299 3467 5366">
    <p class='ocr_par' dir='ltr' id='par_1_113' title="bbox 1867 5299 3467 5366">
     <span class='ocr_line' id='line_1_113' title="bbox 1867 5299 3467 5366; baseline 0 -6"><span class='ocrx_word' id='word_1_916' title='bbox 1867 5301 1977 5361; x_wconf 81' lang='lat' dir='ltr'><strong>tuis</strong></span> <span class='ocrx_word' id='word_1_917' title='bbox 2000 5302 2289 5356; x_wconf 81' lang='lat' dir='ltr'><strong>excitatum</strong></span> <span class='ocrx_word' id='word_1_918' title='bbox 2317 5299 2590 5366; x_wconf 79' lang='lat' dir='ltr'><strong>confiteri,</strong></span> <span class='ocrx_word' id='word_1_919' title='bbox 2620 5315 2766 5355; x_wconf 86' lang='lat' dir='ltr'><strong>mors</strong></span> <span class='ocrx_word' id='word_1_920' title='bbox 2791 5310 2876 5357; x_wconf 85' lang='lat' dir='ltr'><strong>est</strong></span> <span class='ocrx_word' id='word_1_921' title='bbox 2909 5318 3013 5355; x_wconf 88' lang='lat' dir='ltr'><strong>non</strong></span> <span class='ocrx_word' id='word_1_922' title='bbox 3045 5302 3291 5357; x_wconf 82' lang='lat' dir='ltr'><strong>c-mliteri</strong></span> <span class='ocrx_word' id='word_1_923' title='bbox 3329 5321 3342 5357; x_wconf 91' lang='lat'><strong>:</strong></span> <span class='ocrx_word' id='word_1_924' title='bbox 3369 5319 3467 5361; x_wconf 87' lang='lat' dir='ltr'><strong>cur</strong></span> 
     </span>
    </p>
   </div>
   <div class='ocr_carea' id='block_1_114' title="bbox 1867 5372 3465 5444">
    <p class='ocr_par' dir='ltr' id='par_1_114' title="bbox 1867 5372 3465 5444">
     <span class='ocr_line' id='line_1_114' title="bbox 1867 5372 3465 5444; baseline 0.003 -16"><span class='ocrx_word' id='word_1_925' title='bbox 1867 5390 1999 5444; x_wconf 75' lang='lat' dir='ltr'><strong>ergo</strong></span> <span class='ocrx_word' id='word_1_926' title='bbox 2030 5375 2342 5444; x_wconf 86' lang='lat' dir='ltr'><strong>moriamur,</strong></span> <span class='ocrx_word' id='word_1_927' title='bbox 2378 5383 2485 5444; x_wconf 85' lang='lat' dir='ltr'><strong>etc.</strong></span> <span class='ocrx_word' id='word_1_928' title='bbox 2515 5373 2647 5433; x_wconf 87' lang='lat' dir='ltr'><strong>Cum</strong></span> <span class='ocrx_word' id='word_1_929' title='bbox 2675 5383 2822 5429; x_wconf 84' lang='lat' dir='ltr'><strong>tctus</strong></span> <span class='ocrx_word' id='word_1_930' title='bbox 2861 5372 2967 5444; x_wconf 6' lang='lat' dir='ltr'><strong>hic,</strong></span> <span class='ocrx_word' id='word_1_931' title='bbox 2992 5373 3126 5429; x_wconf 87' lang='lat' dir='ltr'><strong>liber</strong></span> <span class='ocrx_word' id='word_1_932' title='bbox 3155 5375 3207 5427; x_wconf 83' lang='lat' dir='ltr'><strong>in</strong></span> <span class='ocrx_word' id='word_1_933' title='bbox 3239 5391 3333 5428; x_wconf 86' lang='lat' dir='ltr'><strong>eos</strong></span> <span class='ocrx_word' id='word_1_934' title='bbox 3372 5376 3465 5444; x_wconf 86' lang='lat' dir='ltr'><strong>sit,</strong></span> 
     </span>
    </p>
   </div>
   <div class='ocr_carea' id='block_1_115' title="bbox 1872 5443 3468 5516">
    <p class='ocr_par' dir='ltr' id='par_1_115' title="bbox 1872 5443 3468 5516">
     <span class='ocr_line' id='line_1_115' title="bbox 1872 5443 3468 5516; baseline 0.003 -18"><span class='ocrx_word' id='word_1_935' title='bbox 1872 5447 1962 5516; x_wconf 89' lang='lat' dir='ltr'><strong>qui</strong></span> <span class='ocrx_word' id='word_1_936' title='bbox 1995 5444 2268 5498; x_wconf 83' lang='lat' dir='ltr'><strong>Christum</strong></span> <span class='ocrx_word' id='word_1_937' title='bbox 2312 5443 2584 5499; x_wconf 86' lang='lat' dir='ltr'><strong>infirmum</strong></span> <span class='ocrx_word' id='word_1_938' title='bbox 2629 5444 2856 5516; x_wconf 75' lang='lat' dir='ltr'><strong>probare</strong></span> <span class='ocrx_word' id='word_1_939' title='bbox 2892 5443 3094 5511; x_wconf 81' lang='lat' dir='ltr'><strong>\olunt,</strong></span> <span class='ocrx_word' id='word_1_940' title='bbox 3127 5454 3183 5498; x_wconf 90' lang='lat' dir='ltr'><strong>ut</strong></span> <span class='ocrx_word' id='word_1_941' title='bbox 3223 5461 3345 5500; x_wconf 89' lang='lat' dir='ltr'><strong>eum</strong></span> <span class='ocrx_word' id='word_1_942' title='bbox 3369 5461 3468 5503; x_wconf 81' lang='lat' dir='ltr'><strong>ve-</strong></span> 
     </span>
    </p>
   </div>
   <div class='ocr_carea' id='block_1_116' title="bbox 1873 5513 3468 5588">
    <p class='ocr_par' dir='ltr' id='par_1_116' title="bbox 1873 5513 3468 5588">
     <span class='ocr_line' id='line_1_116' title="bbox 1873 5513 3468 5588; baseline 0 -15"><span class='ocrx_word' id='word_1_943' title='bbox 1873 5513 1991 5574; x_wconf 76' lang='lat' dir='ltr'><strong>rum</strong></span> <span class='ocrx_word' id='word_1_944' title='bbox 2038 5516 2133 5570; x_wconf 89' lang='lat' dir='ltr'><strong>Dei</strong></span> <span class='ocrx_word' id='word_1_945' title='bbox 2185 5517 2354 5571; x_wconf 90' lang='lat' dir='ltr'><strong>lilium</strong></span> <span class='ocrx_word' id='word_1_946' title='bbox 2400 5513 2635 5588; x_wconf 72' lang='lat' dir='ltr'><strong>urgent;</strong></span> <span class='ocrx_word' id='word_1_947' title='bbox 2676 5513 3018 5588; x_wconf 74' lang='lat' dir='ltr'><strong>perspicuum</strong></span> <span class='ocrx_word' id='word_1_948' title='bbox 3058 5527 3143 5588; x_wconf 81' lang='lat' dir='ltr'><strong>est</strong></span> <span class='ocrx_word' id='word_1_949' title='bbox 3178 5519 3319 5586; x_wconf 88' lang='lat' dir='ltr'><strong>quod</strong></span> <span class='ocrx_word' id='word_1_950' title='bbox 3354 5519 3468 5588; x_wconf 86' lang='lat' dir='ltr'><strong>jam</strong></span> 
     </span>
    </p>
   </div>
   <div class='ocr_carea' id='block_1_117' title="bbox 1871 5584 3465 5659">
    <p class='ocr_par' dir='ltr' id='par_1_117' title="bbox 1871 5584 3465 5659">
     <span class='ocr_line' id='line_1_117' title="bbox 1871 5584 3465 5659; baseline 0.002 -16"><span class='ocrx_word' id='word_1_951' title='bbox 1871 5588 2316 5659; x_wconf 64' lang='lat' dir='ltr'><strong>praemonuimus,</strong></span> <span class='ocrx_word' id='word_1_952' title='bbox 2339 5602 2444 5643; x_wconf 90' lang='lat' dir='ltr'><strong>non</strong></span> <span class='ocrx_word' id='word_1_953' title='bbox 2466 5584 2519 5642; x_wconf 87' lang='lat' dir='ltr'><strong>in</strong></span> <span class='ocrx_word' id='word_1_954' title='bbox 2550 5586 2643 5641; x_wconf 91' lang='lat' dir='ltr'><strong>illo</strong></span> <span class='ocrx_word' id='word_1_955' title='bbox 2665 5584 2881 5659; x_wconf 75' lang='lat' dir='ltr'><strong>confltgi</strong></span> <span class='ocrx_word' id='word_1_956' title='bbox 2902 5601 3023 5659; x_wconf 78' lang='lat' dir='ltr'><strong>euro</strong></span> <span class='ocrx_word' id='word_1_957' title='bbox 3038 5584 3465 5659; x_wconf 74' lang='lat' dir='ltr'><strong>Apollinaristis,</strong></span> 
     </span>
    </p>
   </div>
   <div class='ocr_carea' id='block_1_118' title="bbox 1871 5658 3471 5727">
    <p class='ocr_par' dir='ltr' id='par_1_118' title="bbox 1871 5658 3471 5727">
     <span class='ocr_line' id='line_1_118' title="bbox 1871 5658 3471 5727; baseline 0 -10"><span class='ocrx_word' id='word_1_958' title='bbox 1871 5658 1967 5717; x_wconf 69' lang='lat' dir='ltr'><strong>Sed</strong></span> <span class='ocrx_word' id='word_1_959' title='bbox 2008 5675 2131 5715; x_wconf 91' lang='lat' dir='ltr'><strong>cum</strong></span> <span class='ocrx_word' id='word_1_960' title='bbox 2178 5660 2393 5717; x_wconf 81' lang='lat' dir='ltr'><strong>Arianis</strong></span> <span class='ocrx_word' id='word_1_961' title='bbox 2442 5676 2456 5712; x_wconf 89' lang='lat'><strong>:</strong></span> <span class='ocrx_word' id='word_1_962' title='bbox 2498 5672 2726 5727; x_wconf 87' lang='lat' dir='ltr'><strong>quorum</strong></span> <span class='ocrx_word' id='word_1_963' title='bbox 2773 5658 3034 5727; x_wconf 86' lang='lat' dir='ltr'><strong>principia</strong></span> <span class='ocrx_word' id='word_1_964' title='bbox 3084 5671 3356 5717; x_wconf 76' lang='lat' dir='ltr'><strong>mutuatus</strong></span> <span class='ocrx_word' id='word_1_965' title='bbox 3399 5658 3471 5719; x_wconf 85' lang='lat' dir='ltr'><strong>sit</strong></span> 
     </span>
    </p>
   </div>
   <div class='ocr_carea' id='block_1_119' title="bbox 1871 5726 3468 5812">
    <p class='ocr_par' dir='ltr' id='par_1_119' title="bbox 1871 5726 3468 5812">
     <span class='ocr_line' id='line_1_119' title="bbox 1871 5726 3468 5812; baseline 0.004 -29"><span class='ocrx_word' id='word_1_966' title='bbox 1871 5732 2239 5812; x_wconf 44' lang='lat' dir='ltr'><strong>Apollinarius</strong></span> <span class='ocrx_word' id='word_1_967' title='bbox 2259 5731 2348 5812; x_wconf 50' lang='grc' dir='ltr'><strong>ἀεὶ</strong></span> <span class='ocrx_word' id='word_1_968' title='bbox 2371 5801 2383 5812; x_wconf 85' lang='lat'><em>_</em></span> <span class='ocrx_word' id='word_1_969' title='bbox 2407 5726 2785 5812; x_wconf 52' lang='lat' dir='ltr'><strong>egpiicttndtttn</strong></span> <span class='ocrx_word' id='word_1_970' title='bbox 2816 5729 3215 5812; x_wconf 37' lang='lat' dir='ltr'><strong>.lncapuatiouis</strong></span> <span class='ocrx_word' id='word_1_971' title='bbox 3268 5745 3468 5806; x_wconf 84' lang='lat' dir='ltr'><strong>myste-</strong></span> 
     </span>
    </p>
   </div>
   <div class='ocr_carea' id='block_1_120' title="bbox 1873 5799 3286 5870">
    <p class='ocr_par' dir='ltr' id='par_1_120' title="bbox 1873 5799 3286 5870">
     <span class='ocr_line' id='line_1_120' title="bbox 1873 5799 3286 5870; baseline 0 -10"><span class='ocrx_word' id='word_1_972' title='bbox 1873 5803 2038 5870; x_wconf 87' lang='lat' dir='ltr'><strong>rium,</strong></span> <span class='ocrx_word' id='word_1_973' title='bbox 2070 5819 2175 5861; x_wconf 78' lang='lat' dir='ltr'><strong>non</strong></span> <span class='ocrx_word' id='word_1_974' title='bbox 2206 5802 2271 5861; x_wconf 82' lang='lat' dir='ltr'><strong>ad</strong></span> <span class='ocrx_word' id='word_1_975' title='bbox 2298 5800 2674 5859; x_wconf 84' lang='lat' dir='ltr'><strong>debellandam</strong></span> <span class='ocrx_word' id='word_1_976' title='bbox 2702 5799 2900 5860; x_wconf 83' lang='lat' dir='ltr'><strong>Christi</strong></span> <span class='ocrx_word' id='word_1_977' title='bbox 2929 5800 3286 5863; x_wconf 85' lang='lat' dir='ltr'><strong>divinitatem.</strong></span> 
     </span>
    </p>
   </div>
  </div>
