3988 6332
506 301 614 361 599

1714 292 1960 354 SANCTI
1988 289 2246 350 lllLARll
2284 288 2593 350 EPISCOPI

3669 295 3757 355 400

586 416 749 472 verbis
776 459 790 483 ,
820 431 935 485 quea
954 415 1009 471 in
1035 414 1290 473 Christum
1308 421 1420 487 post
1453 413 1848 469 resurrectionis
1891 410 2112 483 gloriam
2138 412 2185 469 A
2217 406 2537 479 praedicans,
2569 421 2731 463 unam
2755 405 2914 464 ﬁdem
2943 413 3243 474 memorat;
3298 405 3488 465 deinde
3513 408 3654 466 unius
3673 411 3763 468 Do-

587 510 1074 578 conueniunt.Quod
1090 511 1228 566 enim
1253 518 1363 564 tum
1385 509 1457 563 ait
1480 506 1795 564 :Adscendo
1815 506 1880 563 ad
1907 514 2111 578 patrem

588 619 769 660 meum
802 612 855 659 et
880 602 946 658 ad
974 611 1180 673 patrem
1200 611 1460 669 vestrum,
1495 602 1559 657 ad
1577 602 1749 658 Deum
1773 616 1976 665 memn,
2007 611 2106 655 etc.

595 698 763 770 ipsum
801 695 1028 751 ostendet
1050 695 1240 750 dixisse
1269 695 1332 750 de
1356 710 1415 750 ea
1443 705 1657 761 natura,
1681 711 1783 766 qua
1807 696 1993 765 fratres
2022 693 2116 746 Ita-

587 789 697 856 bet;
720 788 852 845 sicut
879 790 942 843 de
969 804 1048 853 ea,
1079 804 1180 854 qua
1201 787 1479 859 participes
1520 786 1599 841 illi
1638 796 1787 852 sunt,
1818 784 1951 839 dixit
1977 782 2115 839 Pro-

587 884 775 955 pheta:
806 883 971 940 Unxit
998 892 1072 950 te,
1101 882 1264 951 Deus,
1302 882 1445 938 Deus
1476 892 1598 938 tuus
1624 897 1733 952 prae
1765 879 2116 953 participibus

588 978 715 1033 tuis.
770 975 1026 1048 Deinceps
1065 976 1296 1047 Apostoli
1335 975 1485 1032 verba
1526 975 1791 1046 explicat,
1833 991 1897 1030 eo:
1936 974 2118 1046 quibus

591 1070 810 1142 probare
851 1085 905 1125 se
929 1078 1143 1141 putant,
1172 1067 1434 1123 Christum
1458 1076 1515 1122 ut
1541 1083 1742 1123 servum
1768 1065 1921 1122 Patri
1955 1067 2120 1141 subji-

597 1163 857 1232 ciendum,
888 1179 1103 1233 eumque
1126 1163 1276 1234 regni
1304 1163 1385 1217 sui
1411 1179 1672 1218 cessurum
1698 1179 1806 1218 esse
1832 1173 2079 1234 potestate
2101 1202 2118 1232 ,

591 1274 652 1312 ac
681 1268 879 1311 natura:
912 1255 1241 1311 abolitionem
1276 1272 1548 1327 passurum
1588 1271 1606 1309 :
1645 1272 1764 1309 cum
1804 1255 1946 1326 apud
1973 1256 2118 1326 Apo-

592 1348 782 1405 stolam
834 1348 953 1418 ﬁnis
997 1348 1361 1419 perfectionem
1399 1357 1443 1403 et
1484 1348 1904 1404 indemutabilent
1931 1359 2123 1403 statum

593 1455 758 1512 sonet,
789 1462 891 1500 non
931 1444 1291 1511 abolitionem;
1330 1461 1421 1499 nec
1439 1445 1585 1516 regni
1617 1444 1823 1500 traditio
1847 1442 1987 1499 Filio
2007 1460 2122 1499 ma-

593 1543 671 1612 gis
694 1540 889 1594 adimal
911 1538 1160 1610 regnandi
1188 1549 1519 1610 potestatem,
1548 1556 1703 1611 quam
1732 1538 1883 1594 Patri
1912 1539 2125 1610 eripitur

594 1633 883 1703 preprietas
910 1647 1087 1687 eorum
1114 1647 1231 1703 qua
1260 1629 1403 1686 Filio
1428 1630 1675 1696 tradidit;
1695 1647 1756 1686 ac
1778 1631 1984 1686 demunt
2003 1630 2125 1686 sub-

579 1725 740 1798 jectio
767 1725 1160 1795 dispensationis
1189 1725 1276 1793 sit,
1301 1741 1405 1779 non
1431 1725 1716 1780 servitutis.
1763 1723 1897 1780 Tum
1925 1725 2127 1800 subjec-

2216 498 2345 554 mini
2373 514 2534 555 unam
2566 497 2726 554 ﬁdem
2759 515 3086 567 memorans,
3118 516 3281 556 unum
3310 502 3464 557 etiam
3497 501 3572 575 (9.)
3600 503 3766 573 baptis-

2216 607 2301 646 ma
2332 591 2701 647 demonstrat:
2750 603 2807 647 ιιι
2832 608 2954 648 eum
2989 594 3147 649 unius
3178 593 3387 650 Domini
3420 611 3521 651 una
3561 595 3678 652 ﬁdes
3700 613 3769 653 es-

2215 690 2333 752 set,
2387 684 2545 740 unius
2594 701 2691 757 per
2741 684 2844 741 hoc
2887 685 3012 742 ﬁdei
3066 684 3137 759 (ε)
3188 687 3240 742 in
3287 686 3565 743 Dominum
3609 704 3765 757 unum,

2218 794 2382 835 unum
2404 789 2616 836 essetet
2642 778 2928 850 baptisma.
2973 781 3038 837 Et
3076 780 3203 852 quia
3222 792 3609 839 sacramentum
3639 800 3772 840 omne

2218 879 2273 928 et
2300 870 2550 941 baptismi
2587 879 2641 928 et
2669 871 2818 939 ﬁdei,
2845 882 2903 929 ut
2930 872 2985 930 in
3010 889 3116 929 uno
3137 873 3366 930 Domino
3392 916 3410 942 ,
3441 875 3512 930 ita
3540 882 3593 930 et
3614 876 3660 930 in
3686 875 3773 932 Deo

2220 981 2328 1024 uno
2372 976 2490 1034 est;
2541 968 3068 1025 consummationem
3115 968 3231 1040 spei
3279 978 3479 1025 nostra:
3525 968 3668 1024 unius
3697 969 3776 1027 Dei

2224 1057 2562 1130 professione
2587 1059 2888 1115 conclusit:
2921 1070 2979 1115 ut
3005 1077 3168 1116 unum
3199 1060 3461 1132 baptisma
3485 1070 3537 1117 et
3556 1060 3677 1117 ﬁdes
3693 1077 3776 1117 una

2222 1151 2362 1209 sicut
2384 1153 2544 1208 unius
2573 1151 2810 1220 Domini,
2838 1152 2913 1211 ita
2943 1163 2996 1209 et
3018 1153 3113 1209 Dei
3135 1162 3282 1210 esset
3303 1154 3480 1209 unius.
3506 1152 3646 1210 Unus
3662 1153 3777 1210 etiim

2225 1252 2451 1316 uterque
2477 1254 2599 1313 est,
2644 1261 2750 1301 non
2786 1246 2986 1303 unione
3010 1288 3027 1313 ,
3075 1244 3169 1301 sed
3210 1246 3573 1319 proprietate:
3611 1245 3782 1303 domet

2225 1338 2514 1409 unicuique
2544 1338 2823 1411 proprium
2854 1348 2939 1394 est
2986 1347 3043 1393 ut
3082 1353 3222 1395 unus
3262 1339 3336 1394 sit
3359 1379 3375 1406 ,
3425 1337 3508 1394 vel
3536 1336 3668 1394 Patri
3688 1354 3783 1395 esse

2226 1431 2370 1505 quod
2400 1442 2550 1504 pater
2577 1443 2661 1489 est
2686 1474 2703 1502 ,
2732 1433 2817 1489 vel
2843 1431 2980 1489 Filio
3009 1447 3131 1489 esse
3159 1431 3305 1505 quod
3335 1432 3478 1489 ﬁlius
3503 1442 3615 1499 est;
3656 1441 3704 1488 et
3727 1432 3783 1499 id,

2226 1529 2370 1603 quod
2397 1540 2624 1601 uterque
2654 1529 2707 1584 in
2734 1528 3066 1600 proprietate
3093 1544 3187 1583 sua
3216 1543 3356 1583 unus
3386 1536 3494 1596 est,
3519 1542 3786 1583 sacramen-

2229 1633 2341 1679 tum
2369 1623 2592 1680 unitatis
2621 1621 2690 1678 ad
2720 1631 3013 1694 utrumque
3040 1632 3151 1677 est:
3178 1621 3300 1693 quia
3324 1630 3381 1679 et
3404 1638 3544 1678 unus
3572 1622 3788 1678 Dominus

2228 1717 2479 1775 Christus
2510 1717 2623 1773 Deo
2653 1718 2795 1788 patri
2819 1731 2926 1773 non
2958 1724 3133 1787 potest
3157 1716 3374 1773 auferre
3400 1714 3543 1787 quod
3574 1715 3790 1772 Dominus

595 1820 748 1875 tionis
788 1820 930 1875 illius
957 1821 1169 1875 modum
1194 1836 1256 1874 ac
1278 1836 1465 1875 causas
1486 1820 1695 1893 exponit
1713 1861 1729 1885 ,
1774 1835 1989 1891 eamque
2023 1836 2127 1875 non
2157 1804 2208 1866 Β
2236 1821 2339 1877 est,
2367 1820 2423 1868 et
2449 1824 2586 1866 unus
2616 1809 2759 1866 Deus
2790 1820 2942 1882 pater
2972 1808 3064 1865 uni
3093 1809 3321 1866 Domino
3348 1808 3567 1865 Christo
3596 1825 3690 1865 non
3724 1808 3790 1865 in-

592 1910 725 1979 Deo,
753 1912 839 1967 cui
861 1912 991 1966 nihil
1015 1912 1172 1979 deest,
1204 1911 1336 1967 nihil
1360 1912 1581 1980 accedit,
1604 1930 1707 1967 non
1733 1910 1871 1967 Filio
1894 1912 2126 1985 unigeni-

596 2016 670 2073 to,
712 2007 801 2078 qui
824 2022 966 2074 teque
986 2006 1365 2062 iudemutabilis
1388 2016 1479 2073 est,
1518 2008 1609 2063 sed
1649 2007 1793 2062 nobis
1823 2008 1937 2063 unis
1966 2009 2126 2079 proﬁ—

600 2116 712 2156 cere
750 2100 996 2156 declarat.
1057 2100 1180 2157 Non
1208 2110 1281 2157 est
1311 2101 1566 2157 silendum
1591 2103 1729 2175 quod
1756 2102 2123 2175 Hieronymus,

593 2193 657 2249 ab
699 2193 936 2250 Amando
989 2195 1278 2267 presbytero
1327 2206 1537 2269 rogatus
1566 2196 1691 2268 quid
1720 2203 1866 2268 apud
1902 2197 2128 2254 Paulum

594 2285 692 2341 sibi
728 2287 848 2341 uelit
873 2286 1048 2341 illud:
1088 2286 1316 2357 Oportet
1340 2288 1485 2345 enim
1517 2303 1640 2345 eum
1682 2305 1910 2361 regnare
1954 2290 2130 2348 donec

600 2386 763 2448 ponat
779 2394 968 2436 omnes
989 2380 1234 2436 inimicos
1258 2396 1407 2450 suos,
1427 2392 1547 2448 etc.,
1570 2383 1801 2439 rescribit
1824 2385 1973 2456 epist.
2001 2385 2125 2442 H7:

595 2470 760 2528 Miror
791 2481 843 2527 te
865 2471 969 2528 hoc
989 2488 1018 2526 a
1049 2488 1135 2529 me
1162 2489 1407 2544 quatrere
1432 2474 1668 2532 voluisse
1692 2517 1708 2539 .
1741 2492 1863 2532 cum
1908 2487 2129 2533 sanctus

597 2562 832 2619 Hilarius
860 2562 1194 2621 Pictavensis
1223 2566 1518 2638 Episcopus
1540 2568 1886 2623 undecimum
1927 2569 2128 2626 librum

596 2668 785 2712 contra
812 2655 1043 2738 Arianos
1072 2658 1171 2715 hac
1198 2660 1494 2731 qutestionc
1516 2670 1571 2718 et
1594 2662 1866 2719 solutione
1892 2664 2133 2735 comple-

599 2748 761 2804 verit.

601 2930 655 2985 l.
693 2928 811 2986 Una
838 2940 892 2985 ut
928 2930 1157 3000 Domini,
1188 2932 1261 2986 ita
1282 2941 1330 2988 el
1356 2930 1452 2987 Dei
1481 2933 1634 2988 utrius
1662 2944 1737 2989 est
1778 2933 1927 3004 ﬁdes.
1970 2930 2132 2987 Pater

538 3033 588 3078 et
617 3021 790 3078 Filias
830 3040 962 3079 unus
996 3022 1156 3079 Deus.
1182 3055 1252 3065 —
1280 3024 1475 3080 Totum
1502 3034 1661 3096 atque
1682 3025 1987 3081 absolutum
2011 3025 2131 3081 ﬁdei

534 3115 859 3188 evangelicae
887 3126 1285 3173 sacramentum
1335 3117 1624 3173 multifario
1649 3117 1942 3187 Apostolus
1986 3126 2129 3172 trac-

2231 1906 2491 1978 telligitur
2522 1924 2722 1980 negare
2745 1908 2888 1981 quod
2921 1908 3066 1966 Deus
3091 1919 3175 1964 est
3202 1924 3214 1962 :
3242 1923 3367 1964 cum
3390 1907 3436 1964 si
3467 1923 3560 1980 per
3583 1907 3653 1975 id,
3677 1904 3791 1979 quod

2231 2000 2372 2055 Dens
2399 2016 2536 2056 unus
2560 2012 2663 2071 est,
2692 2017 2798 2058 non
2828 2013 2883 2060 et
2909 2001 3125 2058 Christo
3157 2001 3437 2074 proprium
3481 2017 3599 2058 esse
3623 2002 3793 2057 videtur

2230 2107 2288 2152 ut
2317 2098 2458 2154 Deus
2496 2099 2604 2164 sit;
2638 2113 2861 2156 necesse
2880 2109 2965 2155 est
2991 2114 3085 2168 per
3116 2097 3167 2153 id
3195 2141 3210 2165 ,
3237 2097 3385 2169 quod
3414 2112 3551 2153 unus
3575 2094 3791 2153 Dominus

2230 2188 2476 2246 Christus
2494 2201 2600 2259 est,
2632 2208 2737 2247 non
2769 2200 2825 2245 et
2849 2191 2962 2248 Deo
2987 2189 3067 2263 (ά)
3096 2190 3336 2247 debitum
3361 2206 3488 2247 esse
3512 2189 3793 2261 intelligatur

2233 2292 2289 2337 ut
2321 2282 2585 2338 Dominus
2609 2284 2713 2350 sit;
2741 2284 2785 2338 si
2817 2284 2867 2339 id
2898 2325 2913 2350 ,
2941 2282 3085 2351 quod
3116 2299 3253 2339 unus
3280 2291 3395 2351 est,
3428 2282 3501 2357 (e)
3532 2298 3632 2339 non
3656 2295 3796 2337 sacra-

2232 2374 2401 2430 menti
2431 2374 2498 2430 sit
2525 2374 2889 2445 signilicatio,
2944 2375 3037 2431 sed
3091 2376 3309 2431 unionis
3351 2376 3622 2446 exceptio.
3665 2373 3797 2431 Unius

2233 2468 2413 2541 itaque
2438 2469 2601 2543 375
2635 2468 2868 2536 Domini,
2897 2470 3038 2527 sicut
3061 2469 3219 2526 unius
3245 2470 3341 2526 Dei
3370 2466 3565 2542 patris,
3602 2479 3653 2527 et
3669 2481 3795 2525 unum

2231 2561 2498 2632 baptisma
2529 2572 2585 2618 et
2611 2561 2747 2618 ﬁdes
2774 2578 2878 2619 una
2911 2573 3012 2619 est.

2303 2653 2357 2708 2.
2412 2653 2567 2710 Fides
2604 2672 2709 2711 una
2756 2672 2859 2710 non
2900 2666 2973 2711 est
3018 2656 3082 2712 de
3109 2653 3314 2712 Christo
3341 2654 3716 2713 dissidentibus.
3746 2682 3800 2697 —-

2234 2747 2395 2805 Fides
2422 2758 2599 2803 autem
2628 2764 2732 2824 una
2757 2750 2868 2819 jam
2903 2764 3015 2805 non
3042 2758 3123 2805 est
3149 2790 3168 2817 ,
3211 2750 3257 2803 si
3291 2765 3399 2805 non
3452 2765 3615 2806 unum
3658 2746 3800 2804 Domi-

2236 2860 2362 2899 nttut
2391 2853 2447 2899 et
2474 2859 2645 2899 unum
2676 2842 2846 2899 Deutn
2874 2854 3079 2914 patrem
3104 2843 3157 2899 in
3180 2843 3538 2900 conscientim
3558 2841 3800 2915 professio.

2235 2954 2303 2995 ne
2334 2938 2603 2994 retinebit.
2653 2936 2832 2994 Unum
2868 2954 2997 2994 vero
3029 2938 3319 2993 Dominum
3370 2948 3435 2995 et
3486 2954 3641 2994 unum
3668 2937 3801 2992 Deum

2238 3043 2441 3105 patrem
2474 3032 2743 3105 quomodo
2775 3033 2910 3089 ﬁdes
2947 3049 3068 3105 qua:
3100 3049 3207 3088 non
3238 3049 3340 3088 una
3388 3042 3483 3089 est
3521 3028 3800 3088 conﬁtetur!

2238 3128 2353 3184 Una
2383 3137 2561 3183 autem
2610 3128 2661 3183 in
2713 3136 2861 3182 tanta
2907 3126 3347 3197 prmdieationum
3394 3128 3701 3184 diversitate
3717 3123 3801 3195 jam

531 3219 651 3266 latis
676 3251 691 3275 .
741 3210 854 3266 haec
881 3226 1097 3282 quoque
1145 3211 1288 3267 inter
1325 3220 1518 3267 cetera
1563 3212 1761 3267 divina)
1804 3210 2131 3283 cognitionis
2163 3198 2209 3261 (ἶ
2248 3236 2353 3276 non
2382 3221 2488 3275 erit
2510 3260 2525 3284 ,
2572 3219 2616 3274 si
2644 3220 2785 3274 alius
2812 3218 3097 3274 Dominum
3125 3218 3309 3275 Jesum
3332 3218 3609 3275 Christum
3636 3258 3649 3284 ,
3678 3229 3803 3287 pene-

527 3312 796 3373 ιιντυευριει
825 3303 891 3358 ad
926 3303 1190 3374 Ephesios
1212 3315 1296 3360 est
1324 3305 1534 3360 lucltlus
1558 3322 1571 3357 ε
1605 3304 1752 3359 Sicut
1779 3314 1829 3360 ει
1854 3321 1938 3360 v08
1964 3305 2129 3359 υοεαιὶ
2243 3323 2418 3368 trante
2441 3313 2646 3384 palmas
2667 3315 2841 3379 clavo,
2873 3311 3200 3369 inﬁrmitatis
3222 3322 3429 3369 nostrae
3453 3312 3637 3369 credet
3655 3310 3804 3365 dolore

530 3398 650 3452 estis
670 3397 723 3450 in
749 3413 853 3451 una
878 3414 968 3468 spe
997 3398 1281 3453 vocationis
1309 3410 1504 3453 vestrm.
1554 3396 1699 3453 Unus
1726 3397 1996 3466 Dominus,
2024 3416 2131 3454 una
2238 3407 2507 3478 gemuisse
2532 3447 2547 3471 ,
2618 3417 2671 3462 et
2720 3416 2965 3476 egentem
3013 3414 3219 3462 natura:
3262 3423 3375 3462 sua:
3458 3405 3801 3478 potestatisqne

531 3493 681 3562 ﬁdes,
718 3490 797 3564 (l)
826 3507 983 3546 unum
1007 3490 1280 3564 baptisma,
1306 3508 1438 3545 unus
1463 3490 1601 3547 Deus
1621 3501 1669 3547 el
1700 3502 1846 3563 pater
1875 3493 2128 3561 omnium,

531 3564 678 3657 (ﬂet
700 3601 791 3658 per
806 3601 979 3640 omnes
999 3595 1046 3639 et
1068 3586 1124 3639 in
1145 3585 1378 3638 omnibus
1400 3582 1545 3637 nobis
1569 3581 1787 3657 (Ep/tes.
1809 3600 1880 3653 tv,
1901 3584 1959 3654 4,
1980 3586 2125 3660 etc.).

532 3678 649 3735 Non
679 3680 822 3734 enim
853 3679 1118 3751 ambiguis
1169 3694 1267 3734 nos
1312 3688 1368 3734 et
1392 3678 1639 3734 erraticis
1670 3678 1960 3735 indeﬁnita:
2000 3680 2129 3738 doc-

533 3772 690 3828 trina:
720 3772 913 3829 studiis
938 3772 1226 3843 dereliquit
1253 3815 1268 3839 ,
1300 3772 1382 3828 rel
1428 3772 1648 3828 incertis
1676 3774 2017 3846 opinionibus
2047 3775 2134 3831 in-

532 3868 689 3941 genia
717 3869 953 3926 humana
984 3867 1059 3942 (b)
1093 3868 1339 3939 permisit
1367 3910 1382 3935 ,
1430 3869 1643 3925 statutis
1670 3885 1768 3942 per
1794 3886 1855 3927 se
1883 3881 1936 3926 et
1959 3885 2132 3944 oppo-

536 3963 654 4018 sitis
684 3961 926 4019 obicibus
976 3961 1280 4017 libertateut
1331 3960 1700 4033 intelligentia:
1734 3963 2133 4036 voluntatisque

533 4057 903 4116 concludens:
938 4066 998 4112 ut
1037 4071 1228 4129 sapere
1260 4072 1358 4112 nos
1380 4098 1394 4123 ,
1427 4056 1531 4113 nisi
1574 4056 1639 4113 ad
1674 4057 1727 4114 id
1756 4067 1957 4115 tantum
1990 4059 2135 4130 quod

533 4152 885 4224 prtedicatum
911 4168 942 4206 a
967 4167 1027 4208 se
1053 4151 1250 4219 fuerat,
1277 4166 1383 4207 non
1406 4150 1630 4219 sineret,
1662 4166 1783 4207 cum
1817 4167 1911 4223 per
1937 4152 2133 4209 deﬁni-

534 4255 643 4301 tam
691 4244 812 4301 ﬁdei
867 4242 1267 4299 indemutabilis
1310 4242 1752 4299 constitutionem
1800 4244 1948 4300 credi
1975 4246 2135 4303 aliter

536 4346 699 4409 atque
721 4336 879 4392 aliter
901 4352 1005 4391 non
1031 4336 1234 4391 liceret.
1265 4333 1442 4391 Unum
1465 4335 1644 4406 itaque
1663 4335 1817 4391 nobis
1842 4337 2131 4396 Dominum

611 4475 695 4548 (l)
730 4473 903 4548 linum
924 4436 1250 4548 baptismum.

2240 3500 2437 3554 virtute
2459 3539 2474 3564 ,
2508 3498 2835 3553 imminentis
2855 3498 2964 3568 jam
3005 3499 3107 3555 sibi
3136 3499 3329 3555 mortis
3361 3497 3610 3555 timuisse
3633 3497 3701 3569 (5)
3722 3506 3801 3550 ter-

2245 3608 2370 3649 rore
2396 3591 2511 3665 (f):
2553 3592 2598 3648 si
2621 3593 2782 3648 etiam
2807 3591 2882 3659 id,
2912 3591 3053 3663 quod
3081 3592 3375 3663 principale
3404 3601 3516 3660 est,
3542 3600 3705 3647 natum
3732 3601 3805 3643 ue-

2245 3684 2393 3755 gabit
2416 3725 2431 3749 ,
2464 3693 2520 3739 ct
2550 3695 2791 3740 creatum
2818 3684 2998 3755 potius
3029 3684 3380 3756 praedicabit:
3426 3685 3472 3739 si
3503 3684 3665 3740 Deum
3697 3679 3806 3737 dicet

2240 3778 2431 3850 magis,
2462 3793 2623 3851 quam
2653 3779 2912 3850 intelliget
2936 3796 2950 3846 ;
2993 3778 3117 3850 quia
3141 3788 3196 3834 et
3222 3778 3301 3852 (g)
3329 3778 3470 3836 deos
3499 3779 3601 3835 dici
3629 3775 3805 3843 religio-

2240 3888 2359 3930 sum
2387 3886 2490 3941 est,
2531 3884 2585 3930 et
2611 3874 2780 3931 Deum
2805 3873 3026 3944 intelligi
3049 3873 3242 3930 divina:
3266 3882 3482 3930 natura:
3510 3869 3799 3930 conscientia

2239 3978 2344 4025 est.
2381 3967 2499 4024 Jam
2526 3984 2656 4041 ergo
2687 3984 2793 4025 non
2832 3985 2971 4026 unus
3000 3980 3082 4026 est
3111 3969 3373 4026 Dominus
3391 3970 3647 4028 Christus
3672 3966 3738 4038 (t)
3771 3962 3805 4018 si

2239 4059 2319 4135 (lt)
2344 4061 2434 4117 alii
2467 4072 2523 4117 ut
2548 4063 2690 4119 Deus
2722 4078 2827 4118 non
2857 4062 3025 4128 dolet,
3057 4063 3145 4118 alii
3175 4072 3230 4118 ut
3254 4062 3510 4120 inﬁrmus
3536 4064 3709 4126 timet;
3736 4054 3807 4113 alii

2238 4159 2308 4213 sit
2331 4172 2399 4212 ex
2435 4164 2645 4225 natura,
2680 4157 2767 4212 alii
2796 4172 2861 4213 ex
2887 4157 3209 4229 cognomine
3235 4159 3412 4214 Deus:
3461 4170 3518 4216 et
3547 4158 3635 4214 alii
3654 4170 3711 4213 ex
3730 4166 3804 4224 ge-

2240 4251 2543 4319 neratione,
2571 4250 2659 4305 alii
2687 4266 2754 4307 ex
2781 4251 3141 4323 appellatione
3171 4251 3242 4307 sit
3272 4251 3434 4307 ﬁlius.
3460 4252 3532 4308 Et
3554 4266 3643 4323 per
3666 4247 3711 4304 id
3734 4259 3800 4301 ne-

2240 4361 2346 4419 que
2370 4346 2514 4402 Deus
2539 4355 2693 4418 pater
2718 4361 2856 4403 unus
2902 4346 2955 4402 in
2991 4345 3096 4403 ﬁde
3120 4353 3243 4413 est,
3283 4346 3329 4402 si
3374 4345 3505 4403 aliis
3534 4349 3796 4417 potestate.

2313 4482 2393 4554 (3)
2426 4483 2717 4541 Terrorem.

534 4540 722 4677 “agi-)0
739 4540 1060 4618 Baptismum
1122 4542 1209 4597 hic
1266 4551 1320 4598 et
1366 4540 1503 4597 infra
1551 4551 1864 4601 constanter
1891 4546 1943 4603 in
1992 4548 2134 4609 libro
2160 4592 2216 4655 Β
2422 4557 2484 4612 Si
2509 4558 2656 4612 aliud
2675 4557 2836 4615 Deus.

609 4714 686 4798 ζα)
718 4713 1065 4798 Removimus
1088 4710 1213 4766 hinc
1234 4753 1249 4777 ,
1281 4711 1551 4798 quomodo
1579 4720 1635 4767 et
1662 4712 1756 4768 lib.
1781 4727 1872 4798 vtu
1903 4755 1918 4798 ,
1949 4730 2003 4798 n_.
2035 4716 2130 4798 βαι,

537 4784 628 4858 qui
653 4796 727 4841 est
746 4802 899 4858 super
920 4800 1113 4852 omnes,
1145 4799 1266 4858 eum
1296 4797 1359 4837 ea
1386 4784 1542 4840 verba
1576 4799 1683 4841 non
1705 4795 1916 4841 exstent
1945 4788 2049 4843 nisi
2082 4784 2135 4845 in

540 4855 649 4913 uno
675 4857 977 4912 recentiore
1007 4871 1109 4909 ms.
1139 4855 1296 4910 Colb.

612 4928 907 5003 (Dillillls.
946 4926 1064 4980 Vat.
1095 4927 1209 4980 bas.
1241 4926 1536 5003 commisit:
1562 4927 1683 5003 Mox
1714 4929 1854 5000 apud
1882 4930 2031 5003 Lips.
2081 4942 2138 4989 et

539 4998 675 5057 Par.
694 5001 749 5053 in
775 5001 1076 5064 libertatem,
1108 5012 1386 5068 perperam
1414 4998 1599 5055 addito
1625 4999 1700 5056 in.

2416 4718 2943 4799 $jc_mss.__Ate_diti,
2976 4732 3247 4799 terrorem.
3529 4794 3563 4799 __
3641 4791 3653 4799 _
3745 4786 3769 4799 ﬂ

2315 4786 2392 4863 (g)
2426 4792 2555 4846 Bad.
2586 4800 2641 4847 et
2671 4794 2759 4848 Er.
2789 4794 2919 4848 duos
2956 4793 3079 4848 dici.
3134 4794 3269 4850 Tum
3309 4808 3434 4850 cum
3465 4786 3806 4863 reliquisedit.

2241 4878 2304 4917 ac
2326 4861 2576 4936 pluribus
2594 4880 2736 4936 mss.
2782 4865 3127 4936 irreligiosum
3158 4875 3253 4921 est.
3308 4865 3525 4923 Exinde
3553 4861 3666 4929 En,
3688 4861 3807 4936 Dips.

2241 4942 2297 4989 et
2325 4926 2470 4999 Par.,
2502 4946 2548 4988 et
2579 4933 2745 4990 Deum
2766 4952 2869 4991 non
2889 4926 3142 5007 iritelligi:
3184 4952 3307 4992 eum
3347 4938 3493 4992 absit
3525 4953 3625 4993 non
3651 4926 3678 4990 ι
3702 4926 3807 4988 Bad.

2240 5012 2297 5059 et
2326 5020 2428 5079 ms.
2465 5011 2635 5061 Antea
2660 5023 2891 5079 quoque
2915 5010 3255 5077 prmtulimus
3281 5010 3593 5079 religiosum
3616 5016 3685 5062 est
3706 5013 3807 5079 aug:

612 5070 686 5145 (e)
716 5072 805 5127 Sic
833 5087 968 5145 mss.
992 5070 1290 5145 elegantius
1328 5084 1485 5141 quam
1532 5073 1728 5143 Vulgati
1754 5115 1769 5141 ,
1817 5074 1872 5128 in
1911 5072 2135 5130 Domino

538 5142 697 5200 unum
725 5152 851 5198 esset
879 5153 923 5195 et
951 5142 1219 5207 baptisma.

615 5214 696 5288 (di
717 5213 1056 5288 ApudABadq
1097 5213 1185 5288 Er.
1230 5221 1284 5288 et
1315 5212 1366 5267 itt
1400 5228 1503 5269 ms.
1533 5214 1654 5270 Vat.
1686 5216 1801 5270 bas.
1835 5216 2133 5288 demptum:

538 5284 682 5360 qttod
750 5284 967 5358 prmﬁxa
1011 5284 1307 5360 particula
1362 5294 1591 5360 negante
1646 5288 1853 5360 admitti
1926 5284 2132 5360 nequit.

539 5355 790 5414 Proxime
835 5368 961 5414 ante
1010 5357 1063 5411 iu
1111 5355 1340 5427 vulgatis
1368 5397 1385 5425 ,
1439 5355 1546 5411 Deo
1598 5360 1751 5428 patri.
1780 5359 1948 5415 Abest
1995 5355 2133 5432 patri

537 5445 566 5483 3
596 5445 703 5486 mss
712 5471 724 5485 ο

615 5501 685 5571 (e)
729 5502 784 5558 Id
830 5511 946 5566 est,
994 5514 1100 5555 non
1153 5500 1224 5573 sit
1274 5497 1599 5573 signiﬁcatio
1637 5501 1984 5573 proprietatis
2012 5517 2136 5573 quae

541 5570 673 5628 nulli
705 5573 877 5644 alteri
928 5571 1313 5644 communicari
1361 5570 1564 5644 possit,
1623 5570 1719 5626 sed
1751 5573 1965 5628 unionis
2014 5570 2137 5644 qua:

540 5642 964 5712 singularitatem
993 5644 1228 5709 inducat.
1258 5640 1412 5708 Quod
1443 5651 1620 5696 autem
1644 5644 1948 5698 sacramenti
1969 5640 2136 5700 voca-

540 5713 668 5786 bulo
700 5729 1044 5783 personarum
1070 5713 1370 5786 proprietas
1417 5712 1789 5786 signiﬁcetur,
1836 5714 2003 5786 liquet
2048 5716 2135 5772 vel

541 5800 609 5839 ex
637 5783 742 5840 hoc
767 5785 858 5841 lib.
892 5800 976 5850 ιχ,
1004 5783 1183 5840 tum:
1213 5783 1487 5841 Auctorem
1515 5785 1793 5842 natiuitatis
1816 5783 1926 5842 esse
1955 5804 2139 5844 sacra-

542 5866 1051 5929 menlumpalernum
1077 5865 1170 5913 est.

2244 5076 2460 5150 toritate
2483 5093 2617 5150 mss.
2646 5068 2826 5142 ColbI.
2856 5068 3020 5135 Carn.
3052 5090 3108 5135 et
3129 5080 3316 5137 Germ.
3347 5068 3463 5137 H'oc
3510 5068 3811 5150 quippe/sibi

2246 5148 2390 5223 ynlt:
2426 5149 2492 5223 ⁸εἰ
2521 5149 2793 5223 Christum
2825 5152 3043 5208 nomine
3070 5164 3224 5208 tenus
3251 5152 3399 5207 dicet
3429 5148 3650 5223 potius,
3678 5156 3812 5218 quam

2245 5218 2299 5295 in
2329 5218 2551 5295 veritate
2578 5220 2843 5295 intelliget
2872 5224 3075 5291 Deum;
3127 5225 3203 5279 nil
3249 5218 3505 5295 magnum
3547 5223 3813 5295 eiprtst?‘

2246 5293 2321 5345 hit
2347 5332 2361 5355 ,
2408 5294 2481 5345 uti
2511 5291 2816 5348 declaratur
2864 5295 2958 5350 lib.
3000 5305 3190 5351 contra
3222 5291 3461 5351 Auxent.
3497 5312 3556 5351 ιι.
3599 5291 3810 5358 lO,qIIi3

2247 5361 2380 5435 ﬁdes
2405 5378 2467 5416 ac
2494 5363 2685 5434 religio
2713 5366 2916 5435 patitur
2941 5366 3125 5435 plures
3153 5367 3258 5423 dici
3290 5368 3460 5433 deos;
3496 5375 3555 5422 ut
3573 5365 3708 5423 enim
3733 5361 3814 5435 [ξι-

2245 5432 2379 5488 masi
2426 5429 2652 5503 epistola
2704 5429 2846 5506 apud
2894 5429 3227 5495 Theodoret.
3278 5439 3373 5493 lib.
3427 5429 3459 5489 ιι
3510 5437 3646 5493 Hist.
3676 5429 3811 5506 εςςιη

2244 5519 2293 5558 c.
2328 5507 2427 5586 lt,
2464 5501 2694 5586 ihaﬁhett
2724 5501 2909 5564 nomen
2949 5510 3177 5586 deorum
3207 5520 3253 5566 et
3279 5509 3507 5586 Angelis
3536 5519 3585 5563 et
3609 5501 3813 5586 omnibus

2245 5577 2432 5630 sanctis
2459 5594 2489 5629 η
2520 5576 2629 5649 Deo
2659 5579 2909 5635 donatum
2929 5590 3023 5637 est.
3073 5582 3179 5639 Sed
3212 5576 3541 5638 conscientia
3572 5589 3725 5649 ωαξης
3744 5576 3814 5628 ἰη-

2245 5649 2346 5702 sita
2376 5648 2757 5731 uoltisdivinae
2784 5662 3001 5731 naturae
3017 5654 3205 5710 notitia
3229 5669 3351 5731 non
3395 5654 3531 5709 sinit
3556 5694 3572 5722 ,
3618 5645 3672 5705 ιιί
3696 5645 3814 5702 Deus

2246 5724 2806 5795 essentmetreritate
2837 5725 3164 5795 intelligatur
3190 5724 3295 5781 nisi
3324 5740 3483 5782 unus.

2318 5787 2399 5862 (It)
2426 5791 2601 5858 Editi,
2620 5795 2676 5866 _si
2713 5796 2858 5850 aliud
2883 5787 3035 5853 Deus
3050 5815 3154 5854 non
3184 5797 3353 5866 dolet,
3385 5793 3533 5853 aliud
3575 5792 3817 5866 inﬁrma!»

2247 5870 2353 5919 etc.
2386 5878 2400 5917 :
2440 5864 2800 5925 emendantur
2828 5882 2898 5926 ex
2924 5884 3062 5926 mss.
