3988 6332
215 350 320 413 401

1417 356 1503 412 DE
1544 354 1914 413 TRINITATE
1951 355 2156 412 LlBER
2195 355 2286 412 XI.

3418 357 3521 412 ‘09.

217 475 339 532 aliis
359 475 706 547 generatione
740 484 890 545 pater
920 474 1162 530 creditur
1189 517 1202 542 ,
1233 474 1358 547 quia
1393 475 1470 546 (a)
1504 484 1559 531 et
1599 475 1818 531 univer—
1843 482 1893 543 Α
1921 475 1990 531 sit
2020 477 2070 530 in
2102 477 2456 547 generatione
2499 476 2639 547 quod
2692 487 2842 548 pater
2891 487 2993 533 est.
3048 475 3353 532 Laudantes
3402 477 3519 548 qui—

217 586 406 626 sorum
436 579 588 642 pater
628 571 770 626 Deus
801 570 890 625 sit.
920 569 1037 625 lam
1068 585 1230 641 porro
1255 570 1376 641 quis
1405 570 1640 641 ambiget
1669 581 1821 624 extra

220 663 386 719 ﬁdem
415 678 537 719 esse
567 706 581 727 ,
610 663 871 735 quidquid
899 670 1054 717 extra
1089 662 1248 718 tidem
1278 678 1436 717 uuam
1469 662 1584 717 est?
1615 662 1736 732 quia
1769 663 1821 718 in

219 756 329 813 ﬁde
357 772 461 812 una
493 768 547 812 et
594 773 730 810 unus
774 755 1032 810 Dominus
1079 755 1324 811 Christus
1347 797 1361 820 ,
1413 766 1465 810 et
1500 757 1639 813 Deus
1671 764 1824 826 pater

221 865 366 906 unus
393 852 482 905 sit.
517 849 664 906 Unus
689 861 867 905 autem
897 849 1158 905 Dominus
1179 848 1427 905 Christus
1451 867 1554 906 non
1580 852 1818 916 nomine,

216 943 316 998 sed
351 943 477 1012 fide,
509 941 586 1016 (l)
608 943 685 1015 (b)
716 960 851 998 unus
883 951 963 998 est
993 942 1165 997 filius:
1199 944 1292 998 sed
1321 945 1362 998 si
1393 945 1532 998 Deus
1555 945 1644 1009 sit,
1676 944 1720 998 si
1753 948 1827 998 lu-

217 1035 569 1091 demutabilis
596 1035 664 1090 sit
694 1077 709 1101 ,
757 1035 804 1090 si
851 1049 955 1090 non
997 1035 1285 1107 aliquando
1311 1036 1540 1090 defuerit
1569 1037 1652 1092 vel
1685 1037 1825 1091 Deus

221 1145 350 1186 esse
383 1131 465 1186 vel
497 1130 658 1186 ﬁlius.
705 1129 805 1197 Qui
855 1130 1017 1200 igitur
1059 1131 1215 1185 aliter
1245 1129 1520 1186 Christum
1549 1147 1710 1202 quam
1743 1141 1821 1186 est

218 1222 537 1294 praedicabit
562 1266 576 1289 ,
627 1221 697 1294 (c)
749 1223 802 1277 id
845 1231 930 1277 est
953 1265 968 1287 ,
1017 1238 1114 1278 nec
1147 1223 1315 1278 filium
1346 1239 1443 1279 nec
1472 1225 1636 1279 Deum
1669 1238 1821 1289 esse;

220 1316 394 1370 alium
441 1315 712 1372 Christum
764 1316 1100 1388 praedicabit.
1153 1316 1257 1373 Sed
1313 1317 1391 1388 (ά)
1435 1333 1534 1372 nec
1571 1317 1623 1371 in
1669 1318 1826 1374 unius

217 1410 480 1480 baptismi
511 1409 617 1468 ﬁde
645 1426 748 1464 una
799 1420 910 1465 est:
958 1410 1081 1481 quia
1133 1411 1427 1466 secundum
1457 1409 1826 1480 Apostolicam

220 1505 534 1560 doctrinam
581 1504 700 1577 ejus
742 1504 902 1559 unius
926 1503 1180 1574 baptismi
1210 1504 1342 1560 lides
1371 1521 1475 1559 una
1503 1515 1585 1560 est
1610 1546 1626 1571 ,
1674 1504 1827 1576 cujus

220 1611 371 1651 unus
407 1595 668 1652 Dominus
696 1606 750 1651 et
779 1595 875 1651 Dei
899 1596 972 1650 sit
1003 1595 1144 1651 ﬁlius
1173 1597 1454 1665 Christus,
1481 1608 1535 1653 et
1563 1601 1702 1655 Deus
1730 1600 1818 1655 sit.

277 1694 450 1766 376
464 1697 517 1750 3.
539 1693 770 1748 Christus
785 1695 961 1765 negari
967 1697 1082 1767 jam
1105 1697 1304 1764 nequit:
1319 1711 1429 1748 cur.
1457 1693 1828 1749 Pra'dicandus

217 1797 300 1842 est
325 1789 492 1856 qualis
517 1787 619 1856 ﬁde
640 1788 888 1842 creditur.
916 1817 988 1828 --
1017 1785 1137 1842 Non
1160 1788 1305 1842 enim
1335 1789 1515 1859 negari
1536 1788 1644 1858 jam
1672 1787 1830 1844 Chri-

1924 570 2050 626 dem
2080 571 2276 626 merito
2307 572 2377 626 ita
2408 613 2423 638 ,
2454 581 2508 626 ut
2535 571 2754 642 dignum
2787 580 2891 637 est,
2942 571 3113 627 Deum
3143 579 3351 642 patrem
3380 612 3396 637 ,
3427 586 3520 624 ua-

1925 673 2058 720 turre
2106 665 2309 720 scilicet
2355 681 2476 719 eum
2517 681 2638 720 esse
2667 666 2958 721 inaccessae
2987 706 3003 732 ,
3057 663 3518 734 inconSpicabilis,

1925 757 2274 824 inviolabilis,
2306 757 2707 820 inenarrabilis,
2740 757 2982 824 inlinitur,
3015 757 3257 827 providae
3285 798 3298 820 ,
3331 766 3522 828 poten-

1926 850 2017 917 tis,
2048 850 2310 922 benignze,
2337 851 2571 917 mobilis,
2604 853 3044 917 transcurreutis,
3077 851 3348 906 manentis
3372 851 3512 906 intra

1925 955 2218 1016 extraque,
2251 955 2304 1001 et
2325 948 2502 1002 omnia
2534 946 2585 1000 in
2619 947 2868 1001 omnibus
2897 948 3175 1002 sentientis
3204 964 3216 1000 :
3267 945 3360 1001 sed
3394 960 3516 1000 cum

1926 1038 2185 1108 adjiciunt
2216 1039 2280 1093 ad
2311 1041 2827 1110 supereminentiam
2857 1041 3052 1106 laudis,
3095 1041 3267 1096 solum
3297 1039 3520 1104 bonum,

1926 1131 2098 1186 solum
2138 1142 2435 1202 potentem,
2467 1133 2644 1188 solum
2677 1134 3062 1200 immortalem,
3097 1134 3217 1204 quis
3249 1148 3354 1188 non
3384 1132 3526 1188 hanc

1929 1226 2244 1296 religionem
2275 1226 2597 1282 laudationis
2640 1227 2906 1298 intelligat
2940 1242 3005 1282 eo
3041 1225 3261 1282 tendere
3287 1269 3301 1292 ,
3333 1236 3388 1280 ut
3421 1226 3529 1280 Do-

1930 1318 2108 1374 minus
2134 1319 2292 1375 Jesus
2337 1320 2582 1376 Christus
2631 1330 2780 1376 extra
2815 1321 2953 1376 hanc
2998 1319 3066 1392 (ί)
3102 1319 3483 1375 beatitudinem
3513 1362 3527 1386 ,

1930 1427 2049 1482 quae
2079 1413 2178 1466 soli
2209 1413 2320 1467 Deo
2353 1429 2449 1484 per
2479 1414 2849 1483 exceptionem
2878 1413 3046 1468 solius
3074 1411 3313 1466 defertur
3337 1412 3402 1466 ad
3434 1412 3529 1466 ho-

1931 1520 2141 1569 norem,
2177 1520 2399 1560 manens
2431 1505 2545 1576 ipse
2575 1515 2629 1561 et
2658 1505 2900 1560 mortalis
2929 1514 2981 1560 et
3009 1505 3252 1559 infirmus
3281 1511 3335 1559 et
3359 1503 3532 1558 malus

1931 1598 2022 1665 sit,
2054 1598 2177 1652 dum
2206 1600 2257 1653 in
2304 1600 2386 1653 his
2412 1599 2570 1655 Pater
2595 1599 2744 1655 solus
2774 1599 2896 1655 est?
2955 1599 3022 1654 Et
3051 1599 3099 1653 ei
3133 1598 3334 1653 idcirco
3378 1608 3533 1652 natu-

1934 1693 2061 1748 ralis
2086 1694 2246 1767 377
2281 1710 2346 1749 ex
2378 1695 2489 1750 Deo
2520 1704 2669 1765 patre
2696 1695 2948 1750 nativitas
2969 1694 3268 1765 abuegatur
3299 1737 3312 1760 ,
3343 1711 3410 1749 ne
3440 1709 3534 1763 per

1931 1789 2332 1856 generationem
2364 1787 2443 1860 (g)
2474 1803 2536 1842 ea
2582 1789 2632 1843 in
2681 1805 2746 1843 eo
2796 1805 2915 1858 quae
2968 1789 3227 1843 naturalis
3253 1789 3366 1843 Deo
3397 1787 3530 1858 patri

218 1891 346 1935 stus
371 1880 498 1950 quin
531 1878 780 1934 Christus
805 1880 874 1934 sit
904 1889 1120 1950 potest,
1171 1896 1345 1951 neque
1374 1882 1576 1937 mundo
1605 1883 1819 1952 ignora-
1853 1877 1901 1936 Β
1929 1879 2206 1936 beatitudo
2233 1889 2315 1936 est
2339 1892 2554 1937 maneat
2589 1898 2602 1948 ;
2643 1882 2765 1953 quia
2814 1881 3064 1936 nativitas
3094 1882 3145 1936 in
3177 1888 3385 1937 natura:
3411 1880 3530 1950 ejus

218 1973 354 2029 bilis
401 1972 565 2028 efﬁci.
622 1973 772 2028 llunc
821 1975 1120 2044 prophetia:
1164 1974 1431 2029 volumina
1461 1975 1824 2045 consignant,

223 2066 373 2121 hunc
421 2076 721 2136 temporum
772 2068 856 2138 (9.)
912 2067 1151 2138 quotidie
1205 2066 1495 2138 proficiens
1549 2070 1830 2140 plenitudo

227 2169 461 2215 testatur
483 2202 498 2226 ,
548 2159 691 2214 hunc
720 2161 1098 2230 Apostolorum
1127 2170 1180 2215 et
1209 2159 1502 2233 Martyrum
1529 2177 1626 2234 per
1659 2164 1833 2219 virtu-

232 2267 351 2314 tum
379 2260 725 2330 operationes
752 2261 1042 2329 loquuntur
1070 2260 1315 2330 sepulcra
1341 2302 1354 2327 ,
1411 2260 1551 2315 hunc
1596 2270 1832 2332 potestas

227 2351 468 2407 nominis
498 2353 580 2407 sui
624 2352 815 2422 probat
841 2395 854 2416 ,
892 2352 1032 2407 hunc
1062 2352 1322 2407 immundi
1352 2353 1572 2424 spiritus
1603 2354 1672 2426 (ε)
1703 2370 1834 2410 con-

229 2448 462 2502 fitentur
484 2487 498 2512 ,
531 2446 674 2502 hunc
703 2447 1011 2518 punitorqu
1040 2446 1346 2502 daemonum
1380 2459 1635 2504 resonant
1666 2451 1836 2522 mugi-

224 2549 340 2596 tus.
375 2538 481 2595 Sed
512 2541 564 2595 in
591 2540 673 2597 bis
700 2543 949 2597 omnibus
983 2541 1194 2597 virtutis
1219 2556 1329 2594 sua:
1356 2541 1692 2612 dispensatio
1723 2554 1828 2599 est.

220 2638 502 2692 Caeterum
535 2637 640 2693 fide
669 2649 850 2693 nostra
885 2638 1006 2694 talis
1033 2681 1047 2705 ,
1089 2640 1260 2708 qualis
1291 2651 1374 2696 est
1403 2682 1416 2705 ,
1453 2641 1834 2712 praedicandus

223 2741 352 2797 est;
387 2740 445 2786 ut
473 2748 578 2786 non
613 2732 854 2799 nomine,
887 2732 980 2787 sed
1008 2732 1349 2789 confessione
1375 2776 1390 2800 ,
1424 2735 1476 2789 in
1509 2737 1676 2790 unius
1705 2738 1838 2808 bap-

225 2825 380 2879 tismi
415 2823 517 2878 fide
547 2839 670 2890 una,
703 2839 840 2879 unus
869 2825 1024 2880 nobis
1057 2826 1316 2883 Dominus
1344 2828 1448 2884 sit:
1484 2829 1606 2897 quia
1641 2845 1836 2886 secun-

221 2917 364 2974 dum
411 2933 578 2973 unum
626 2918 910 2975 Dominum
958 2917 1230 2975 Christum
1259 2962 1274 2987 ,
1327 2937 1466 2976 unus
1511 2922 1656 2978 Deus
1685 2933 1838 2994 pater

220 3023 336 3070 est.

298 3108 361 3163 4.
396 3108 576 3164 Ariani
603 3109 764 3164 alium
785 3107 1041 3164 Christum
1064 3154 1077 3177 ,
1123 3119 1179 3163 ut
1205 3111 1365 3165 alium
1408 3109 1617 3164 Patrem
1650 3111 1839 3181 praedi-

222 3213 374 3260 cant.
409 3203 618 3259 Patrem
638 3205 851 3260 subdole
877 3203 1129 3259 extollunt
1159 3246 1175 3272 ,
1218 3221 1319 3276 quo
1347 3203 1544 3259 Filium
1571 3205 1833 3278 dejiciaut.

1933 1974 2002 2028 sit
2027 1975 2242 2042 virtute,
2278 1975 2356 2047 (h)
2391 1991 2510 2046 qua:
2537 1978 2738 2045 genuit.

2006 2069 2038 2122 5
2084 2067 2222 2124 Filio
2254 2080 2309 2124 ut
2340 2070 2556 2141 imagini
2579 2071 2882 2125 conveniunt
2912 2071 3082 2125 omnia
3112 2085 3225 2142 qua:
3265 2067 3434 2123 Patri.
3463 2097 3534 2109 -

1934 2162 2044 2219 Nec
2071 2164 2402 2235 apostolicis,
2435 2179 2532 2218 nec
2563 2164 2889 2235 evangelicis
2912 2163 3382 2234 pr:edicationibus
3403 2177 3532 2218 eru-

1935 2257 2054 2321 diti,
2088 2257 2153 2312 ad
2179 2257 2355 2327 impia:
2388 2257 2737 2327 professionis
2763 2274 2873 2313 suae
2897 2257 3300 2328 usurpationem
3329 2258 3535 2327 magni-

1941 2352 2207 2408 licentiam
2261 2353 2354 2410 Dei
2398 2356 2582 2422 patris,
2633 2369 2737 2408 non
2787 2353 3058 2423 religionis
3099 2351 3234 2419 ﬁde,
3281 2352 3374 2407 sed
3422 2359 3538 2406 arte

1941 2449 2228 2518 impietatis
2257 2449 2555 2504 extollunt:
2601 2457 2654 2502 ut
2701 2448 2826 2502 dum
2871 2447 3312 2517 incomparabilia
3357 2447 3538 2501 omnia

1939 2559 2062 2600 esse
2107 2553 2311 2599 natura:
2352 2543 2468 2615 ejus
2509 2545 2836 2611 edisserunt,
2879 2542 3163 2612 degeneris
3208 2540 3539 2611 inﬁrmisque

1944 2650 2150 2695 natura:
2177 2641 2512 2712 unigenitum
2547 2641 2712 2696 Deum
2740 2657 2832 2710 per
2860 2639 3232 2710 exceptionem
3261 2650 3542 2706 compara-

1941 2738 2100 2793 tionis
2122 2737 2422 2793 afﬁrment:
2465 2735 2632 2792 Deum
2659 2735 2882 2808 (supple,
2916 2731 3155 2805 inquam)
3191 2733 3418 2787 viventis
3446 2728 3545 2785 Dei

1942 2833 2115 2888 vivam
2148 2832 2434 2902 imaginem
2455 2873 2468 2896 ,
2503 2838 2558 2885 et
2597 2831 2768 2885 beatae
2799 2837 3005 2884 naturae
3037 2827 3402 2898 plenissimam
3434 2824 3545 2879 for-

1943 2940 2107 2988 mam,
2139 2935 2190 2979 et
2228 2922 2561 2978 innascibilis
2589 2921 2905 2978 Substantia:
2935 2919 3260 2991 unigenitum
3291 2917 3541 2972 nativita-

1945 3026 2051 3072 tem
2086 3033 2243 3088 :quae
2266 3015 2366 3071 nisi
2388 3015 2674 3086 perfectum
2710 3022 2947 3084 paternae
2969 3011 3320 3068 beatitudinis
3353 3010 3414 3082 (i)
3443 3009 3541 3064 ha-

1943 3109 2034 3166 bet
2082 3111 2344 3182 gloriam,
2415 3119 2467 3166 et
2519 3108 2819 3165 absolutam
2869 3117 3074 3164 natura:
3146 3106 3308 3162 tutius
3378 3106 3544 3161 refert

1942 3205 2199 3276 speciem,
2235 3219 2340 3260 non
2369 3213 2452 3259 est
2487 3203 2540 3257 in
2585 3202 2832 3272 imaginis
2871 3201 3118 3256 veritate.
3161 3198 3218 3256 Si
3250 3208 3428 3254 autem
3461 3198 3542 3253 in-

227 3327 306 3338 ——
345 3295 454 3352 Sed
499 3312 642 3352 nunc
687 3297 739 3351 hi
789 3296 911 3352 novi
939 3295 1136 3352 Christi
1178 3297 1562 3366 praedicatores
1588 3337 1604 3362 ,
1652 3307 1844 3354 cuncta
1871 3293 1916 3356 C
1957 3299 2230 3355 nascibilis
2261 3299 2356 3354 Dei
2386 3297 2688 3368 uuigenitus
2736 3297 2876 3352 Deus
2907 3296 3084 3366 imago
3120 3302 3239 3360 est,
3287 3291 3544 3363 perfecta:

224 3389 486 3463 negando
535 3407 654 3463 quae
705 3389 904 3447 Christi
941 3399 1104 3457 sunt,
1158 3392 1324 3446 alium
1367 3393 1654 3448 Dominum
1683 3393 1839 3448 Chri-

227 3496 382 3541 stum
435 3485 590 3540 sicuti
639 3484 803 3539 alium
853 3485 1017 3538 Deum
1073 3493 1275 3554 patrem
1329 3485 1625 3555 praedicant
1669 3486 1836 3556 :quia

223 3595 413 3649 neque
443 3579 529 3634 hic
553 3580 823 3650 genuerit,
854 3579 947 3634 sed
979 3580 1284 3646 creaverit;
1340 3595 1515 3651 neque
1559 3580 1650 3636 ille
1680 3591 1839 3637 natus

221 3677 298 3732 sit
327 3718 346 3741 ,
386 3673 482 3730 sed
512 3682 727 3729 creatus
753 3673 824 3728 sit
853 3714 867 3738 ,
922 3680 976 3727 et
1005 3689 1103 3744 per
1128 3671 1177 3727 id
1208 3683 1357 3728 extra
1381 3673 1664 3729 veritatem
1696 3673 1839 3728 Deus

222 3771 490 3828 Christus
521 3769 612 3835 sit,
639 3769 725 3824 cui
757 3783 863 3822 non
894 3768 962 3822 sit
990 3782 1052 3822 ex
1081 3767 1363 3822 nativitate
1388 3767 1530 3838 quod
1557 3768 1702 3822 Deus
1725 3777 1836 3834 est;

227 3875 286 3924 et
317 3875 478 3922 extra
511 3861 633 3918 ﬁdei
660 3859 1050 3917 conscientiam
1082 3860 1225 3915 Deus
1256 3871 1407 3928 pater
1455 3859 1524 3915 sit
1552 3901 1566 3928 ,
1617 3858 1704 3914 cui
1731 3874 1838 3915 non

302 4005 391 4080 (1)
427 4003 575 4059 Unus
601 4009 694 4069 est,
716 4002 760 4058 si
799 3999 940 4072 ﬁlius
960 4000 1048 4065 sit,
1079 4000 1121 4054 si
1155 3997 1295 4052 Deus
1320 3997 1405 4054 sit.

306 4123 396 4194 (α)
428 4121 554 4176 llaec
578 4119 721 4194 ratio
741 4133 848 4173 non
891 4116 956 4170 ad
991 4115 1336 4194 proximum,
1372 4113 1464 4194 sed
1495 4112 1560 4167 ad
1593 4111 1844 4194 superius

226 4185 546 4254 membrum
591 4191 824 4259 pertinet
848 4206 861 4243 :
896 4196 954 4242 ut
979 4203 1102 4241 eum
1128 4186 1390 4259 Cathohci
1419 4185 1590 4259 Deum
1618 4185 1844 4239 credant

226 4283 364 4326 esse
396 4257 602 4337 patrem
630 4263 698 4318 oh
727 4259 1128 4337 generationem
1179 4257 1292 4322 lilii,
1345 4258 1526 4337 Ariani
1575 4257 1675 4309 hoc
1722 4271 1845 4310 eum

228 4330 464 4397 nomine
511 4330 830 4390 donent'ob
876 4340 1193 4403 potesmlem
1247 4345 1346 4400 qua
1402 4330 1653 4383 universa
1717 4344 1848 4382 cou-

228 4414 401 4468 didit.

309 4485 392 4556 (b)
416 4481 497 4556 ita
528 4480 637 4534 duo
662 4478 850 4556 optimi
884 4489 1014 4556 mss.
1043 4473 1350 4556 Coll_i._cum
1381 4471 1564 4528 Germ.
1584 4552 1592 4556 Α
1615 4480 1685 4555 οι,
1714 4471 1847 4556 Sor-

231 4545 386 4614 Βοὴ(
408 4555 462 4610 lu
493 4545 713 4606 caeteris
745 4559 922 4604 autem
953 4555 1006 4602 et
1033 4546 1177 4618 apud
1209 4545 1336 4600 Bad.
1369 4561 1499 4618 unus
1521 4552 1619 4609 est,
1643 4545 1685 4598 si
1707 4545 1847 4613 ﬁlius

231 4631 304 4685 sit
333 4671 352 4693 ,
383 4629 428 4681 si
477 4623 612 4678 Deus
642 4627 705 4676 sit
729 4666 745 4690 ,
777 4631 881 4693 etc:
917 4623 983 4675 At
1013 4617 1130 4683 Eri,
1157 4617 1303 4685 Lips.
1327 4626 1392 4693 Aet
1423 4617 1544 4693 Par.
1579 4625 1808 4693 unus_est
1829 4657 1845 4683 ,

236 4686 469 4770 tuncque
499 4686 748 4750 Dominus
771 4704 816 4749 et
845 4691 985 4747 Deus
1015 4706 1212 4760 semper
1233 4699 1280 4743 et
1307 4689 1447 4760 ﬁlius
1488 4688 1588 4756 sit,
1631 4689 1675 4741 si
1707 4686 1848 4742 Deus

233 4775 328 4836 sit.
356 4783 463 4826 etc.

316 4832 391 4918 (c)
424 4842 564 4918 [ζιιὶῑί
597 4847 822 4918 excepto
852 4836 978 4891 Bad.
1011 4835 1146 4918 ideo!
1169 4876 1182 4896 ,
1215 4847 1311 4918 pro
1350 4832 1536 4918 id‘est:
1573 4845 1844 4918 perverse.

435 4915 488 4968 lu
522 4903 792 4988 vulgatis,
827 4927 916 4988 nec
941 4909 1092 4988 unius
1124 4905 1362 4988 baptismi
1382 4905 1512 4974 ﬁdes
1537 4919 1662 4988 una.
1714 4903 1850 4988 Rec-

235 4975 354 5044 tius
383 4975 439 5042 in
470 5000 600 5040 mss.
619 4975 722 5037 iter:
744 4983 795 5036 in
823 4982 972 5034 unius
1002 4975 1240 5048 baptismi
1263 4977 1366 5045 ﬁde
1389 4992 1492 5030 una
1517 4983 1608 5036 est,
1636 4975 1847 5046 supple,

234 5063 338 5132 qui
367 5058 644 5132 Christum
668 5055 826 5132 aliter
852 5051 1184 5132 praedicabit.

315 5129 393 5204 (ei)
422 5129 670 5204 Sickmss.
709 5128 776 5180 At
805 5118 1318 5204 editikproﬁteutur.
1363 5118 1494 5188 Qua:
1523 5133 1708 5204 coram
1740 5119 1847 5202 Ile-

237 5189 435 5274 liqitiis
463 5201 562 5257 SS.
597 5197 838 5274 Cervasii
883 5205 938 5274 et
972 5189 1196 5274 Protasii
1224 5194 1530 5274 daemonum
1577 5189 1849 5274 confessio

237 5261 454 5338 fuerit,
505 5271 823 5326 teSIilicatur
869 5266 1187 5338 Ambrosius
1214 5264 1370 5334 epist.
1401 5277 1542 5338 nunc
1573 5276 1705 5338 xxii,
1758 5261 1845 5316 ubi

238 5363 374 5404 cum
418 5335 643 5400 dixisset
693 5357 840 5394 num.
891 5339 989 5393 l6:
1041 5336 1110 5390 Et
1152 5354 1287 5391 nunc
1315 5335 1532 5390 audistis
1573 5336 1850 5390 clamantes

238 5424 508 5475 dmuones
527 5460 542 5485 ,
595 5425 641 5471 et
672 5414 966 5484 conﬁtentes
998 5410 1311 5485 martyribus
1347 5409 1484 5485 quod
1513 5410 1850 5485 poenasferre

235 5509 355 5548 non
376 5478 608 5563 possint;
642 5478 823 5558 adjicit
857 5500 1003 5563 num.
1034 5482 1098 5536 21
1121 5478 1152 5563 ,ι’
1177 5481 1474 5562 Audiuimus
1504 5479 1654 5532 hodie
1676 5478 1849 5531 dicen-

237 5576 321 5622 tes
353 5553 459 5625 eos,
491 5560 673 5633 quibus
705 5553 882 5633 manus
907 5554 1282 5633 imponebatur,
1301 5553 1554 5633 nemiuem
1577 5567 1724 5619 posse
1742 5566 1850 5603 esse

239 5623 474 5697 salvum,
503 5623 606 5686 nisi
632 5633 716 5703 qui
744 5631 795 5684 iu
819 5623 1087 5703 patrem‘et
1111 5625 1307 5703 ‘lj‘ilium
1331 5633 1379 5678 et
1395 5623 1663 5703 §piritunt
1695 5637 1845 5676 sanc-

241 5722 368 5764 tum
389 5695 682 5760 credidisset
711 5746 726 5767 ,
756 5695 862 5757 etc.
923 5698 1060 5752 Dicit
1086 5698 1318 5752 diabolus
1345 5714 1357 5750 :
1388 5695 1476 5751 Sic
1507 5703 1800 5767 torqueatur
1827 5735 1842 5758 ,

239 5777 686 5854 quemadmodum
710 5765 874 5854 ipse_a
894 5771 1218 5854 ﬁlarotyribus
1247 5765 1612 5854 (torquebatur:
1638 5765 1737 5854 qui.

237 5837 343 5927 Erat
396 5849 621 5920 Spiritus
670 5837 842 5927 sancti
872 5837 1207 5927 divinitatem".
1246 5837 1844 5927 Esthdc‘lli‘larii‘logo

243 5901 804 5992 alvibqitizinonminus
830 5915 1102 5970 luculento
1139 5911 1334 5968 libriin
1367 5910 1669 5974 Constant,
1697 5917 1748 5963 ει.
1785 5901 1840 5975 8,

1948 3401 2108 3465 atque
2135 3392 2393 3447 absoluta:
2418 3391 2470 3446 in
2497 3406 2563 3446 eo
2593 3397 2796 3444 natura:
2827 3387 3029 3444 veritas
3056 3387 3194 3443 iue5t
3217 3430 3231 3454 ,
3258 3401 3352 3456 per
3382 3401 3544 3457 quam

1941 3486 2172 3542 efﬁcitur
2197 3500 2319 3541 esse
2344 3499 2466 3539 eum
2494 3481 2776 3554 imaginem
2805 3480 3064 3537 veritatis.
3102 3480 3301 3534 Potens
3328 3488 3412 3534 est
3443 3478 3541 3533 l’a-

1945 3587 2061 3635 ter:
2111 3578 2206 3633 sed
2255 3577 2301 3633 si
2351 3575 2595 3632 inﬁrmus
2639 3585 2722 3631 est
2765 3574 2948 3640 Filius,
2981 3575 3157 3644 imago
3175 3573 3284 3644 jam
3311 3587 3418 3626 non
3459 3580 3543 3626 est

1944 3673 2198 3744 potentis.
2231 3671 2411 3726 Bonus
2440 3677 2522 3727 est
2553 3670 2710 3725 Pater
2737 3687 2750 3723 :
2787 3669 2881 3726 sed
2910 3669 2956 3724 si
3002 3669 3053 3723 in
3105 3665 3306 3722 diversi
3331 3664 3546 3736 generis

1944 3766 2227 3823 divinitate
2259 3765 2428 3820 Filius
2458 3774 2561 3828 est,
2594 3763 2720 3820 boui
2746 3763 3033 3835 imaginem
3064 3761 3189 3816 mali
3219 3769 3406 3816 natura
3437 3773 3546 3815 non

1944 3859 2139 3917 reddit.
2182 3860 2535 3930 lncorporeus
2576 3857 2738 3914 Pater
2776 3867 2901 3913 est:
2950 3855 2995 3912 si
3029 3855 3200 3911 Filius
3247 3851 3548 3910 secundum

2025 3997 2106 4071 (2)
2135 3996 2336 4053 Cotidie
2363 3996 2620 4052 scribitur
2649 4009 2862 4064 semper
2890 3993 2943 4048 in
2972 4007 3075 4047 ms.
3105 3998 3310 4046 nostro.

1953 4114 2292 4170 convincitur
2336 4112 2608 4169 Scultetns
2655 4110 2916 4166 adversus
2947 4108 3332 4163 Bellarminum
3361 4125 3548 4180 perpe-

1957 4202 2070 4241 ram
2099 4185 2514 4252 excandescere,
2546 4183 2688 4254 quod
2715 4183 2803 4237 ille
2827 4182 2969 4252 pium
2995 4181 3282 4254 Ductorem
3297 4192 3550 4254 nostrum

1953 4258 2131 4313 cultus
2181 4255 2501 4313 Sanctorum
2550 4252 2743 4310 testem
2797 4268 2859 4308 ac
2906 4259 3193 4324 patronum
3221 4252 3550 4311 adhibuerit.

1957 4329 2033 4384 Ex
2061 4338 2289 4398 utroque
2313 4329 2458 4383 enim
2493 4327 2680 4397 liquet.
2706 4339 2902 4398 sacras,
2919 4324 3300 4398 Apostolorum
3325 4341 3392 4398 ac_
3411 4325 3552 4379 Mar.

1954 4409 2131 4473 tyrum
2163 4395 2434 4473 Reliquias
2461 4395 2565 4473 non
2595 4397 2755 4473 modo
2785 4395 3020 4473 fidelium
3063 4395 3252 4473 cultu,
3301 4395 3396 4473 sed
3429 4411 3554 4451 cre-

1953 4467 2066 4529 bris
2091 4490 2118 4527 a
2152 4474 2264 4528 Deo
2293 4467 2565 4525 miraculis
2598 4471 2760 4524 fuisse
2785 4468 3094 4522 honoratas.
3124 4467 3228 4522 Sed
3255 4467 3398 4536 quod
3423 4473 3551 4524 Am-

1955 4545 2168 4601 brosius
2197 4547 2356 4615 epist.
2388 4542 2482 4615 22,
2511 4542 2697 4615 relatis
2715 4541 3016 4615 dmtpouum
3044 4541 3327 4615 tormentis
3347 4550 3403 4594 et
3423 4555 3552 4615 con-

1953 4617 2192 4673 fessione
2231 4610 2417 4671 coram
2471 4613 2729 4681 Reliqniis
2769 4611 2870 4667 SS.
2923 4610 3166 4668 Gervasii
3198 4620 3250 4664 et
3277 4611 3504 4665 Protasii
3533 4653 3549 4675 ,

1951 4700 2136 4745 centra
2159 4689 2478 4743 Arianorum
2504 4684 2849 4754 pertinaciam
2881 4684 2952 4737 ait
2983 4701 3038 4738 n.
3067 4682 3138 4737 9.2
3162 4703 3174 4738 :
3196 4681 3325 4754 _Non
3355 4684 3556 4747 accipio

1951 4780 1984 4816 a
2021 4762 2226 4816 diabolo
2260 4751 2626 4821 testimonium,
2657 4756 3154 4826 sedjcoufessionem.
3187 4751 3390 4807 Invitus
3421 4755 3554 4810 dixit

1954 4835 2188 4888 diabolus
2209 4876 2221 4896 ,
2264 4832 2354 4885 sed
2384 4839 2588 4884 exactus
2614 4838 2661 4881 et
2694 4824 2874 4880 tortus.
2903 4824 3046 4880 Cedit
3076 4826 3310 4880 diabolus
3345 4827 3514 4898 plagis
3534 4866 3553 4892 ,

1876 4880 1930 4941 D
2703 4898 2914 4964 Ariani;
2959 4898 3113 4954 facile
3151 4909 3234 4954 est
3262 4897 3312 4952 in
3343 4880 3559 4953 8ρῶιεὶ

1961 4987 2069 5032 tum
2105 4975 2327 5046 ejusque
2360 4972 2654 5027 imitatores
2681 4979 3060 5040 contorquere.

2026 5070 2092 5143 (ι’)
2142 5067 2402 5143 Erasmus
2456 5064 2638 5143 nescio
2686 5063 3554 5143 qu_o_aurtoritate_hic_addidit,

1954 5135 2363 5210 conparationis;
2393 5138 2548 5206 cujus
2579 5135 2699 5191 loco
2728 5135 2924 5210 deinde
2951 5138 3130 5205 posuit
3151 5135 3385 5210 Lipsius.
3415 5151 3560 5210 com-

1953 5200 2257 5286 parationis.
2308 5200 2572 5286 Neutrum
2624 5200 2965 5286 vocabulum
2991 5216 3167 5286 exstat
3216 5200 3269 5286 in
3321 5206 3454 5286 Dad.
3503 5214 3558 5262 et

1954 5278 2084 5342 mss.
2114 5299 2286 5354 neque
2314 5281 2478 5337 debet
2503 5289 2741 5336 exstare.
2771 5278 3054 5354 Beatitudo
3084 5279 3172 5333 hic
3201 5278 3554 5354 signiﬁcatur,

1956 5372 2078 5429 qua}
2103 5350 2216 5412 sita'
2230 5356 2299 5410 sit
2327 5354 2380 5409 in
2406 5354 2643 5409 bonitate
2667 5392 2682 5414 ,
2714 5351 2976 5421 potentia,
3003 5350 3424 5412 immortalitate.
3451 5359 3560 5406 etc.

2033 5452 2114 5526 (gl
2139 5451 2280 5507 Editi
2305 5493 2331 5526 ,_
2351 5469 2409 5507 ea
2436 5465 2551 5522 qua:
2575 5451 2632 5526 in
2663 5462 2720 5500 eo
2760 5448 3188 5526 naturalis:_t_ur_n
3219 5444 3349 5500 Bad.
3379 5454 3434 5526 e_t
3463 5445 3559 5526 Er.

1960 5516 2077 5579 ι)εὸ
2097 5533 2259 5595 patre.
2311 5516 2458 5594 Lipsl
2501 5532 2558 5578 et
2599 5521 2723 5576 Par.
2769 5521 2832 5574 de
2860 5530 3019 5595 patre.
3065 5516 3563 5595 Melior_e_st_leetio

1956 5588 2115 5667 quam
2142 5588 2460 5652 revocamus
2493 5612 2524 5651 e
2565 5588 2959 5667 mss.vquorum
2993 5593 3045 5667 i_n
3078 5589 3354 5667 nonnullis
3381 5588 3562 5661 legere

1957 5662 2040 5726 est
2073 5668 2166 5724 Dei
2190 5669 2373 5740 patris,
2411 5683 2515 5722 non
2551 5666 2660 5723 Deo
2687 5662 2850 5742 patri:
2884 5663 3024 5718 haud
3056 5662 3164 5718 alio
3191 5677 3377 5717 sensu.

2026 5760 2103 5834 (h)
2125 5761 2295 5834 Solus
2322 5760 2492 5834 codex
2514 5758 2636 5834 Yat.
2670 5759 2784 5834 bas.
2814 5760 2901 5832 qui
2920 5758 3112 5834 genuit.

2027 5830 2092 5917 (1');
2122 5833 2193 5890 Ita
2228 5847 2328 5888 ms.
2376 5830 2442 5886 At
2468 5831 2618 5900 editi,
2663 5830 2841 5887 habeat
2882 5831 3191 5886 nativitatem
3228 5837 3344 5884 et...
3378 5831 3565 5899 referat

1950 5914 2186 5963 Burrieni.
