3988 6332
508 296 614 353 405

1742 293 1988 351 SANCTI
2030 294 2140 351 liii.
2156 294 2285 357 ιιιιι
2328 297 2628 357 l‘li‘lSCOPl
3654 306 3729 363 illi

511 413 769 485 Spiritum
800 412 1241 484 circumscriptus
1265 421 1348 468 est
1368 426 1624 484 corpore,
1649 412 1761 482 jam
1795 413 2103 483 incorporei
2132 417 2177 478 Α
2210 417 2412 473 teratur
2440 437 2451 472 :
2479 427 2534 473 ιιι
2565 417 2674 473 illic
2703 418 2901 475 veritas
2924 419 3244 490 reperiatur,
3274 421 3361 475 ubi
3388 433 3602 490 negatur.
3636 430 3734 495 Qua:

509 526 615 565 non
643 517 728 575 est
753 510 925 587 lqrma
947 519 1243 581 c0rporeus
1269 507 1431 580 (Vid.
1461 508 1499 562 ι.
1528 521 1645 573 vm,
1676 524 1729 562 τι.
1760 505 1884 580 48).
1916 506 2112 563 lneﬁ‘a-

510 605 637 662 bilis
665 604 825 665 Patcr
852 614 937 661 est
962 621 975 658 :
1022 605 1066 658 si
1099 605 1270 660 ﬁlium
1297 618 1481 660 sermo
1510 602 1889 672 complectitur
1909 645 1923 667 .
1959 611 2113 659 extra

510 697 801 769 imaginem
830 705 915 753 est
950 696 1332 753 inenarrabilis
1361 706 1551 753 natura
1581 694 1892 753 narrabilis.
1936 694 2113 753 Verus

512 789 653 847 Deus
682 799 765 845 est
789 789 951 844 Pater
980 806 994 846 :
1022 790 1066 844 si
1090 789 1260 847 Filius
1284 790 1335 847 in
1354 789 1449 844 Dei
1476 787 1713 844 falsitate
1733 796 1839 853 est,
1864 787 1974 859 jam
2002 801 2110 843 non

507 894 592 941 est
622 883 730 939 veri
762 882 942 953 imago
966 883 1056 954 qui
1088 881 1256 941 falsus
1279 891 1385 940 est.
1416 882 1535 939 Non
1561 898 1626 938 ex
1647 890 1801 954 parte
1823 881 2113 953 imaginem

508 992 684 1047 neque
713 991 778 1031 ex
804 975 1053 1046 portione
1080 975 1311 1032 formam
1339 991 1462 1031 eum
1483 975 1581 1032 Dei
1603 974 1897 1046 Apostolus
1920 972 2115 1046 praedi-

509 1079 627 1123 cat:
656 1068 753 1124 sed
781 1069 1068 1140 imaginem
1094 1082 1218 1124 esse
1234 1083 1357 1125 eum
1384 1067 1477 1125 Dei
1500 1067 1787 1125 invisibilis
1807 1075 1864 1123 et
1885 1066 2112 1123 formam

506 1178 630 1219 esse
670 1178 793 1218 eum
822 1162 918 1219 Dei
947 1164 1021 1233 (α)
1044 1162 1277 1235 loquitur
1300 1162 1525 1231 (Coloss.
1558 1177 1598 1229 ι,
1630 1160 1745 1234 15).
1788 1162 1905 1217 Non
1935 1169 2114 1232 potest

509 1254 819 1326 espressius
850 1256 900 1309 in
934 1254 1044 1311 lilio
1088 1255 1182 1323 Dei
1212 1254 1508 1311 divinitatis
1539 1265 1729 1310 natura
1756 1253 1825 1309 ab
1852 1252 2114 1326 Apostolo

509 1349 817 1421 praedicari,
851 1347 928 1422 (b)
951 1363 1111 1420 quam
1138 1348 1204 1403 ad
1249 1348 1338 1414 id,
1380 1347 1525 1418 quod
1557 1346 1826 1405 invisibile
1863 1347 1956 1404 Dei
1991 1355 2111 1415 est,

511 1442 800 1499 invisibilis
829 1441 926 1510 Dei
958 1442 1133 1513 imago
1162 1442 1233 1498 sit
1258 1440 1546 1499 Christus:
1573 1441 1661 1510 qui
1691 1441 1877 1512 utique
1898 1440 1956 1501 in
1986 1441 2114 1501 sub-

509 1536 706 1592 stantia
737 1533 816 1607 (t)
846 1534 917 1607 (c)
946 1533 1296 1606 conspicabili
1324 1534 1617 1605 imaginem
1645 1532 2115 1590 naturminvisibi-

508 1629 576 1684 lis
606 1643 711 1683 non
739 1627 987 1683 referret.

583 1721 635 1777 6.
671 1721 801 1791 Quae
820 1721 1039 1776 hominis
1054 1731 1190 1789 sunt,
1215 1720 1421 1792 rapiunt
1440 1721 1510 1776 ad
1536 1720 1784 1794 injuriam
1801 1714 1975 1777 Verbi.
1997 1718 2116 1776 Na-

2216 512 2361 567 enim
2408 512 2725 582 simpliciter
2768 522 2819 569 et
2872 512 2939 568 ad
2985 512 3343 569 eruditionem
3384 513 3497 571 ﬁdei
3531 517 3736 577 divinitus

2217 602 2359 658 dicta
2389 611 2535 669 sunt,
2560 619 2783 661 necesse
2812 613 2895 662 est
2925 604 2996 660 ita
3024 604 3166 660 dicta
3210 605 3337 671 sint,
3372 617 3431 661 ut
3468 610 3527 662 ad
3559 609 3603 664 id
3628 613 3737 681 quod

2216 694 2358 753 dicta
2377 703 2522 763 sunt,
2554 710 2658 751 non
2681 697 2983 753 alienarunt
3000 706 3162 769 atque
3182 701 3508 756 extrinsecus
3525 700 3738 759 dictorum

2215 785 2605 845 conﬁrmentur
2632 789 2916 859 exemplis.

2287 878 2342 934 8.
2373 878 2647 950 lnfirmum
2675 881 2871 948 volunt,
2904 883 2988 938 cui
3011 882 3146 938 idem
3169 900 3231 937 ac
3251 883 3392 939 nobis
3413 883 3539 941 Deus
3556 897 3597 942 et
3614 899 3741 957 pater,

2215 972 2299 1028 cui
2343 973 2409 1027 sit
2452 972 2732 1047 subjectus.
2776 1004 2853 1018 --
2898 975 3044 1031 Inter
3073 987 3298 1032 caeteras
3324 977 3463 1032 enim
3502 978 3744 1048 impietates

2216 1077 2343 1120 suas
2371 1065 2534 1122 etiam
2555 1066 2659 1122 hoc
2683 1066 2828 1122 dicto
2849 1067 3063 1125 Domini
3085 1068 3162 1124 uti
3186 1068 3421 1125 haeretici
3439 1070 3597 1126 solent
3620 1089 3631 1125 :
3662 1072 3744 1126 Ad-

2217 1159 2407 1215 scendo
2439 1160 2509 1215 ad
2531 1171 2728 1228 putrem
2755 1178 2924 1216 meum
2964 1172 3011 1217 et
3041 1163 3110 1217 ad
3138 1171 3334 1234 patrem
3363 1173 3585 1231 uestram,
3622 1177 3662 1220 et
3699 1171 3749 1222 sd

2217 1250 2383 1309 Deum
2409 1269 2579 1308 meum
2620 1261 2669 1309 et
2718 1253 2784 1307 ad
2812 1252 2979 1310 Deum
3008 1264 3231 1311 vestrum
3256 1254 3437 1328 (Joan.
3463 1273 3550 1322 xx,
3581 1258 3681 1326 l7):
3701 1269 3744 1315 ut

2218 1360 2317 1416 per
2347 1345 2422 1413 id,
2455 1346 2601 1417 quod
2629 1355 2780 1416 pater
2807 1348 2928 1418 ejus
2959 1356 3112 1418 pater
3136 1362 3324 1404 eorum
3349 1359 3499 1405 estet
3516 1350 3641 1407 Deus
3665 1352 3751 1422 eius

2217 1440 2362 1505 Deus
2391 1455 2577 1499 eorum
2604 1450 2715 1508 est,
2748 1441 2801 1499 in
2826 1450 3014 1498 natura
3044 1442 3139 1498 Dei
3165 1458 3272 1498 non
3294 1444 3405 1500 sit:
3440 1445 3556 1502 dum
3575 1446 3754 1504 baceo-

2220 1533 2353 1591 teris
2396 1533 2683 1605 proﬁtetur
2722 1534 2892 1591 Detnn
2938 1544 3146 1606 patrem
3192 1551 3338 1606 esse,
3384 1540 3520 1608 quod
3554 1540 3641 1597 sibi
3676 1543 3753 1607 sit;

2218 1634 2468 1683 cessante
2499 1627 2780 1699 privilegio
2808 1628 2860 1686 in
2882 1630 3267 1691 communione
3293 1640 3353 1688 et
3382 1642 3575 1691 ustum
3595 1642 3642 1699 et
3657 1637 3757 1697 Itali-

2220 1719 2426 1787 vitatis,
2475 1735 2572 1791 per
2610 1735 2770 1792 quam
2813 1730 2869 1777 et
2911 1721 3057 1779 Deus
3097 1724 3171 1778 sit
3204 1732 3384 1792 natus,
3431 1734 3484 1781 et
3522 1725 3669 1782 Filius
3694 1729 3758 1782 sit.

512 1825 641 1872 turre
667 1815 888 1885 duplicis
911 1815 1233 1872 distinctione
1254 1815 1417 1872 diluta
1455 1825 1576 1872 sunt
1606 1815 1849 1870 hactenus
1893 1816 2113 1889 objecta.
2146 1814 2195 1877 B
2223 1810 2465 1871 Tencaut
2513 1827 2726 1884 quoque
2768 1814 2931 1871 etiam
2979 1814 3111 1872 illud
3150 1815 3439 1887 Apostoli:
3483 1816 3600 1873 Cum
3636 1828 3759 1874 autem

515 1910 704 1966 -—Sed
719 1921 774 1965 ut
795 1909 1162 1981 superioribus
1184 1910 1337 1965 libris
1350 1908 2118 1979 docuimus,dispensationem

514 2005 777 2074 assumpti
803 2005 1048 2077 corporis
1065 2003 1280 2074 rapiunt
1308 2003 1373 2060 ad
1395 2002 1777 2063 contumeliam
1799 2001 2118 2059 divinitatis:

520 2107 575 2152 et
603 2096 894 2166 impietatis
921 2111 1112 2152 causas
1161 2095 1426 2169 arripiunt
1474 2095 1542 2153 de
1572 2095 1760 2151 salutis
1802 2107 2001 2152 nostra:
2029 2110 2121 2152 sa-

518 2200 817 2257 cramento,
847 2190 948 2263 Qui
972 2191 1016 2246 si
1039 2190 1350 2263 apostolicae
1388 2189 1513 2245 ﬁdei
1539 2199 1755 2249 tenaces
1784 2202 1989 2252 essent.
2036 2192 2122 2249 in-

518 2284 824 2356 telligerent
853 2300 975 2340 eum
998 2325 1013 2354 ,
1052 2284 1142 2355 qui
1174 2285 1226 2339 in
1251 2283 1420 2343 forma
1455 2283 1550 2340 Dei
1571 2291 1741 2348 esset,
1762 2283 2125 2355 assumpsisse

516 2376 682 2457 378
714 2377 943 2433 formam
966 2377 1143 2441 servi;
1172 2390 1350 2446 neque
1375 2376 1607 2432 formam
1636 2377 1783 2433 servi
1803 2387 2127 2449 usurparent

521 2474 597 2543 (τι)
626 2472 691 2525 ad
714 2471 900 2525 forma:
919 2469 1445 2529 Dcidehonestatem
1464 2512 1479 2532 .
1512 2485 1635 2525 cum
1651 2470 1817 2533 forma
1838 2469 1932 2529 Dei
1950 2470 2121 2540 pleni-

527 2562 765 2617 tudinem
788 2561 839 2616 iu
864 2577 922 2616 se
940 2562 1032 2616 Dei
1048 2561 1354 2617 contineret
1375 2579 1389 2615 :
1417 2572 1604 2632 etquae
1618 2574 1801 2619 essent
1820 2572 2124 2634 temporum

522 2671 584 2712 ac
622 2656 959 2728 mysterium,
987 2653 1058 2729 (ε)
1085 2655 1170 2729 pia
1197 2657 1749 2725 rationetractarent,
1784 2669 1841 2713 ut
1871 2673 1971 2714 nec
1995 2673 2127 2721 con-

524 2749 800 2813 tumeliam
840 2746 1094 2805 divinitas
1119 2749 1441 2821 susciperet,
1473 2765 1573 2806 nec
1598 2751 1935 2825 diSpensatio
1962 2751 2125 2808 alier-

522 2848 607 2897 ret
635 2854 898 2895 errorem.
933 2839 1039 2896 Sed
1066 2840 1351 2908 omnibus,
1387 2851 1442 2895 ut
1471 2841 1745 2909 existimo,
1771 2841 1881 2913 jam
1912 2857 1942 2896 a
1969 2842 2127 2898 nobis

524 2934 931 2991 ahsolutissime
952 2932 1359 3001 demonstratis,
1389 2943 1445 2990 et
1472 2937 1573 2990 sub
1594 2938 1853 3006 assumpti
1882 2938 2127 3007 corporis

524 3025 805 3082 nativitate
832 3024 1036 3081 divina:
1065 3033 1271 3081 natura:
1299 3026 1501 3087 virtute
1531 3036 1829 3083 monstrata
1854 3070 1867 3093 ,
1901 3044 2007 3087 non
2043 3044 2128 3084 re-

523 3117 683 3175 lictus
723 3130 806 3174 est
851 3118 1159 3191 ambigendi
1205 3119 1378 3191 locus,
1418 3118 1544 3187 quin
1590 3122 1773 3175 omnia
1816 3121 2125 3193 unigenitus

2227 1904 2417 1959 dixerit
2438 1944 2456 1973 ,
2492 1905 2664 1963 omnia
2701 1905 2929 1979 subjecta
2966 1917 3084 1964 sunt
3107 1948 3123 1974 ,
3173 1909 3365 1981 absque
3410 1926 3466 1965 eo
3497 1912 3575 1982 qui
3605 1911 3764 1985 subjecit

2225 1998 2273 2053 ei
2308 1999 2498 2055 omnia.
2543 2000 2628 2072 (2)
2663 2000 2733 2070 (f)
2763 1997 2892 2055 Cum
2917 2008 3087 2057 autem
3109 2000 3278 2075 379
3309 2002 3531 2069 subiecta
3556 2004 3597 2058 ei
3622 2006 3764 2075 fuerint

2225 2091 2432 2159 omnia,
2485 2100 2607 2153 tunc
2661 2093 2773 2160 ipse
2822 2092 3077 2164 subjectus
3130 2097 3223 2149 erit
3263 2095 3314 2149 ei
3354 2096 3440 2166 qui
3482 2095 3572 2151 sibi
3604 2096 3767 2167 subjecit

2226 2184 2424 2249 omnia,
2477 2193 2530 2243 ut
2567 2186 2634 2240 sit
2671 2181 2815 2243 Deus
2868 2186 3042 2243 omnia
3092 2188 3147 2243 in
3196 2190 3437 2245 omnibus
3479 2188 3521 2261 (i
3554 2190 3656 2244 Cor.
3696 2205 3762 2257 st,

2226 2276 2321 2347 26,
2346 2277 2470 2349 etc.)
2503 2295 2517 2335 :
2549 2288 2607 2337 nt
2633 2279 2757 2352 quia
2795 2279 3060 2349 subjectio
3090 2278 3183 2335 illa
3215 2281 3448 2338 inﬁrmis
3468 2290 3765 2338 naturama-

2227 2375 2447 2429 testatio
2473 2388 2595 2433 esse
2626 2373 2703 2447 (5)
2737 2373 3160 2443 csistimabitur,
3211 2390 3320 2431 non
3370 2376 3442 2432 sit
3490 2375 3542 2435 in
3582 2383 3766 2447 paterna

2229 2472 2437 2522 naturae
2481 2465 2708 2532 virtute,
2755 2481 2916 2538 quem
2960 2467 3222 2525 naturalis
3268 2467 3571 2534 inﬁrmitas,
3611 2474 3768 2523 natura

2229 2558 2455 2631 potioris
2496 2558 2789 2629 subiecerit
2840 2560 3113 2633 potestati.
3155 2558 3389 2617 Sttutant
3425 2572 3593 2621 autem
3627 2559 3762 2617 omnis

2228 2644 2519 2721 impietatis
2549 2664 2662 2707 suae
2686 2651 2825 2707 banc
2856 2659 3126 2723 tamquam
3150 2652 3561 2713 munitissimam
3580 2660 3627 2709 et
3649 2653 3765 2707 inet.

2231 2744 2572 2817 pugnabilem
2624 2743 3034 2810 defensionem,
3080 2745 3148 2807 ad
3200 2746 3481 2809 veritatem
3533 2745 3769 2809 nativitstis

2230 2835 2550 2905 abolendam
2581 2854 2593 2892 :
2620 2846 2681 2894 ut
2704 2839 2829 2909 quia
2857 2853 2955 2911 per
2974 2837 3368 2909 subjectionem
3410 2839 3546 2903 Deus
3573 2853 3663 2899 non
3683 2845 3767 2901 N;

2230 2941 2282 2986 et
2306 2946 2400 3001 per
2418 2947 2761 2987 communem
2778 2931 2880 2987 sibi
2899 2944 3060 3002 atque
3076 2932 3230 2987 nobis
3252 2933 3426 2987 Deum
3448 2943 3599 3003 atque
3614 2941 3770 3003 patrata

2230 3022 2284 3079 in
2332 3025 2713 3081 communione
2753 3024 2823 3083 sit
2860 3034 3153 3094 creaturae;
3201 3027 3318 3103 ipse
3359 3042 3572 3100 quoque
3603 3041 3658 3083 ex
3693 3024 3773 3080 Deo

2230 3117 2433 3171 creatio
2466 3116 2535 3172 sit
2569 3118 2780 3189 potius,
2832 3132 2991 3188 quam
3019 3119 3340 3193 generatio;
3386 3122 3507 3193 quia
3532 3121 3705 3189 creatio
3725 3134 3773 3173 ex

522 3213 663 3269 Dens
685 3222 741 3269 et
763 3213 924 3268 homo
950 3212 1239 3269 virtutibus
1266 3212 1358 3270 Dei
1378 3214 1635 3285 gesserit,
1663 3221 1719 3268 et
1747 3214 1800 3270 in
1826 3213 2121 3283 virtutibus
2150 3210 2195 3273 C
2230 3206 2401 3275 nihilo
2437 3208 2515 3283 (9)
2544 3210 2820 3277 ευδείεῑέιῑο
2850 3212 3126 3282 generatio
3153 3226 3282 3275 vero
3307 3214 3601 3279 neutrale":
3629 3212 3777 3271 Mm“

528 3308 621 3363 Dei
649 3307 900 3362 universa
928 3306 1163 3365 hominis
1195 3307 1422 3362 veritate
1454 3305 1773 3376 perfecerit;
1818 3307 2021 3375 habens
2071 3317 2124 3365 in

525 3416 584 3456 se
624 3411 679 3455 et
726 3412 970 3459 naturam
1031 3400 1122 3458 Dei
1163 3401 1401 3474 potentis
1458 3403 1510 3455 in
1567 3407 1734 3475 gestis
1759 3444 1776 3471 ,
1808 3401 1935 3469 dum
1967 3413 2126 3458 natus

527 3509 593 3549 ex
617 3493 728 3548 Deo
754 3505 867 3557 est;
892 3503 940 3549 et
970 3492 1190 3563 porreeti
1222 3493 1456 3549 hominis
1478 3492 1894 3559 absolutionem,
1926 3496 2050 3553 dum
2079 3496 2128 3553 ei

526 3594 609 3639 est
652 3596 833 3655 partus
863 3601 927 3653 es
961 3582 1212 3657 Virgine:
1247 3595 1449 3642 etcum
1482 3587 1706 3643 veritate
1732 3590 1976 3658 corporis
2005 3590 2133 3643 sub-

527 3676 724 3735 sistens
747 3679 800 3735 in
827 3691 1012 3736 natura
1052 3681 1173 3759 Dei,
1206 3690 1262 3738 et
1312 3696 1436 3738 cum
1470 3681 1568 3738 Dei
1599 3692 1791 3741 natura
1823 3699 2049 3751 manens
2076 3686 2129 3743 in

528 3775 774 3842 corporis
804 3772 1050 3837 veritate.

602 3866 655 3921 7.
684 3865 813 3934 Qua:
831 3884 987 3938 super
1013 3869 1115 3924 sint
1137 3885 1157 3937 ;
1183 3876 1231 3924 et
1251 3869 1389 3924 unde
1408 3868 1674 3925 diluenda.
1704 3900 1775 3912 --
1794 3868 2132 3943 Quamquam

529 3959 692 4031 igitur
713 3975 885 4031 usque
912 3961 981 4017 ad
1010 3962 1183 4034 ipsam
1222 3962 1412 4019 mortis
1438 3961 1669 4033 gloriam
1705 3965 1884 4020 omnis
1911 3979 2138 4036 respon-

527 4053 697 4113 sionis
720 4064 922 4112 nostra:
952 4070 1133 4112 sermo
1162 4056 1527 4126 descenderit,
1570 4066 1627 4115 et
1670 4056 1898 4129 singulis
1924 4057 2137 4128 profes-

529 4146 702 4203 sionis
747 4148 926 4217 impia:
982 4149 1441 4219 prepositionibus
1484 4163 1552 4205 ex
1606 4150 1932 4223 evangelicis
1974 4159 2138 4223 atque

531 4241 845 4312 apostolicis
892 4240 1157 4307 doctrinis
1196 4242 1268 4297 sit
1306 4242 1699 4299 contradictum
1733 4261 1745 4298 :
1798 4252 1981 4301 tamen
2013 4246 2137 4321 quia

531 4332 697 4390 etiam
729 4342 850 4406 post
878 4334 1292 4393 resurrectionis
1316 4335 1544 4407 gloriam
1581 4335 1827 4406 quaedam
1865 4380 1881 4403 ,
1933 4337 2001 4394 ad
2042 4338 2141 4395 de-

534 4427 753 4496 generis
779 4435 987 4483 naturze
1010 4426 1380 4484 inﬁrmitatem
1406 4428 1911 4498 demonstrandam,
1935 4447 2143 4502 prtesu-

534 4533 687 4575 mere
729 4519 879 4589 impii
907 4521 1025 4575 ausi
1055 4526 1201 4586 sunt,
1250 4520 1335 4576 his
1364 4521 1498 4592 ipsis
1527 4536 1671 4577 nunc
1701 4523 2138 4595 respondendum

2231 3303 2524 3357 nativitatis
2548 3312 2846 3363 auctorem.

2303 3395 2357 3452 9.
2390 3396 2438 3450 Μ
2444 3399 2689 3469 ysterium
2712 3398 2897 3457 salutis
2914 3407 3102 3455 nostris
3120 3409 3500 3471 sacramentum
3516 3408 3586 3467 est
3606 3397 3777 3467 pietatis,

2231 3504 2333 3542 non
2364 3484 2579 3558 offensio
2616 3489 2917 3551 divinitatis.
2971 3519 3044 3531 ——
3081 3490 3271 3551 Omnis
3311 3492 3530 3567 quidem
3567 3490 3779 3551 calumnia

2234 3583 2478 3655 improba
2502 3595 2608 3653 est,
2641 3587 2764 3656 quia
2793 3584 3005 3647 veritati
3039 3584 3266 3657 falsitas,
3292 3602 3420 3651 cum
3446 3587 3553 3659 jam
3571 3585 3780 3645 eﬁretzato

2233 3675 2440 3749 pudore
2467 3678 2558 3745 sit,
2587 3676 2946 3741 contradicit:
2978 3677 3073 3735 scd
3098 3687 3279 3733 tamen
3310 3678 3579 3743 interdum
3601 3687 3784 3750 preten-

2234 3769 2314 3824 dit
2344 3769 2560 3840 aliquod
2597 3769 2963 3827 excusationis
2996 3770 3263 3842 ambigua:
3290 3772 3573 3841 velamen,
3602 3779 3652 3826 ut
3672 3783 3785 3831 Vere

2234 3860 2411 3918 cunde
2439 3862 2493 3917 in
2524 3861 2841 3919 defensione
2886 3864 2976 3929 sit,
3019 3864 3164 3933 quod
3209 3856 3553 3934 impudenter
3579 3865 3628 3919 in
3664 3875 3785 3918 sensu

2236 3963 2341 4008 est.
2376 3951 2575 4008 Verum
2606 3967 2751 4008 nunc
2775 3955 2830 4008 in
2874 3953 2981 4019 Itis,
3008 3968 3130 4024 quae
3158 3954 3325 4025 impie
3360 3956 3432 4011 ad
3470 3952 3786 4011 inﬁrmsndam

2238 4047 2452 4107 Domini
2481 4050 2651 4109 nostri
2677 4048 3020 4107 divinitatem
3049 4058 3382 4120 praesumpta
3404 4061 3553 4112 sutis.
3582 4051 3789 4109 locusve

2237 4143 2513 4200 recondis:
2556 4144 2646 4200 vel
2678 4142 2825 4198 falsas
2853 4143 3226 4200 excusationis
3265 4146 3526 4201 exclusus
3563 4150 3663 4200 est:
3699 4151 3789 4194 rum

2239 4236 2458 4313 quando
2479 4237 2594 4311 ipsa
2621 4237 2710 4294 illa
2735 4237 3088 4315 ignorationis
3114 4239 3271 4296 venia
3296 4250 3579 4305 cessante,
3609 4237 3703 4295 sola
3721 4250 3789 4288 vo.

2243 4331 2423 4388 luntas
2468 4331 2789 4403 irreligiosa:
2833 4332 3211 4403 intelligentia:
3243 4332 3547 4405 detegatur.
3595 4330 3655 4389 Ut
3685 4327 3791 4385 enim

2241 4429 2516 4500 paululum
2539 4429 2711 4498 ipsius
2740 4427 2873 4482 dicti
2902 4428 3205 4500 evangelici
3235 4428 3488 4485 differam
3513 4429 3793 4484 demonstra-

2245 4523 2485 4580 tionem:
2517 4536 2660 4579 anne
2691 4521 3008 4594 ignorabilis
3031 4522 3146 4579 lucc
3175 4534 3291 4578 erat
3315 4521 3564 4596 Apostoli
3593 4520 3796 4595 praedica-

537 4620 642 4667 est.
675 4613 846 4681 Atque
876 4612 971 4678 ita,
1000 4621 1060 4667 ut
1088 4613 1144 4669 in
1174 4613 1387 4669 caeteris
1417 4613 1760 4673 observatum
1787 4632 1819 4672 a
1843 4616 2004 4679 nobis
2030 4627 2133 4685 est,
2162 4600 2217 4661 Ῑ)
2244 4618 2319 4679 tio
2334 4618 2593 4675 dicentis:
2617 4614 2685 4671 Et
2699 4615 2901 4688 quidem
2917 4616 3239 4685 confessione
3255 4619 3506 4685 omnium,
3526 4616 3795 4688 attiguas»!!!

530 4719 723 4760 eorum
754 4705 995 4775 ipsorum
1021 4703 1295 4763 dictorum
1320 4707 1461 4767 ratio
1496 4722 1565 4765 es
1600 4707 1686 4764 his
1709 4708 1843 4780 ipsis
1872 4709 2035 4767 dictis
2064 4710 2147 4768 11⁵-
2247 4711 2452 4782 pietatis
2481 4716 2883 4774 sacramentum,
2919 4708 3054 4779 quod
3081 4708 3468 4780 manifestatum
3494 4719 3563 4764 est
3590 4708 3639 4763 in
3661 4716 3795 4764 sane.

609 4841 685 4918 (ξ)
716 4838 1122 4918 inconspieabili
1140 4843 1382 4918 imagine.

609 4908 694 4985 (ἴ)
734 4908 934 4970 Verba.
977 4908 1106 4970 Cum
1152 4908 1320 4973 autem
1358 4921 1592 4995 subjecta
1631 4924 1681 4980 ei
1710 4924 1905 4996 fuerint
1937 4926 2133 4993 omnia,

611 5028 688 5109 (α)
724 5028 854 5109 Sola
898 5029 1064 5109 editio
1105 5030 1227 5109 far:
1260 5029 1360 5088 Dei
1376 5034 1685 5109 invisibilis.
1718 5038 2028 5109 Respicitur
2053 5039 2142 5109 hic

536 5100 631 5159 vel
653 5100 884 5179 Celebris
900 5103 1241 5179 _locus_l’hil.
1270 5120 1333 5179 tt,
1363 5105 1398 5160 6
1424 5125 1436 5159 :
1472 5108 1574 5172 Qui
1603 5124 1720 5164 cum
1752 5113 1803 5163 in
1834 5100 2012 5179 'forma
2042 5108 2143 5165 Dei

539 5184 687 5237 esset,
715 5175 796 5227 vel
815 5173 980 5245 Hebr.
1008 5189 1047 5241 ι,
1071 5173 1125 5240 5,
1151 5178 1237 5229 ubi
1263 5174 1429 5245 ﬁgura
1454 5182 1755 5235 substantias
1779 5173 1868 5237 Dei
1891 5181 2144 5238 Christus

540 5243 1004 5318 praedis-atticum
1021 5247 1072 5318 in
1087 5243 1389 5302 msMar'tin
1400 5251 1694 5306 .nutivitatis
1709 5254 1829 5307 loco
1844 5255 2140 5308 divinitatis.

612 5319 706 5392 (b);
739 5316 874 5371 Tres
928 5317 1110 5392 proba:
1148 5326 1291 5372 nota:
1335 5335 1468 5374 mss.
1507 5338 1662 5392 quam
1698 5324 1771 5388 id,
1815 5327 2016 5379 omisso
2051 5324 2142 5379 ad.

541 5387 675 5443 Vat.
697 5388 1287 5463 bas._codex_,necnon
1306 5407 1441 5445 Illius
1465 5387 1620 5455 Coll).
1652 5402 1709 5449 et
1744 5387 1883 5457 alter
1903 5396 2138 5463 Sorbon.

544 5475 700 5529 quam
720 5457 787 5512 ad
810 5460 864 5513 id
881 5458 1018 5529 quod
1046 5458 1312 5527 inuisibilia
1337 5472 1432 5521 est.

620 5531 689 5602 (ε)
719 5528 779 5602 In
808 5522 1215 5602 tttss.Vat.bas.,
1245 5528 1549 5599 Cprb.,nno
1569 5532 1749 5602 Colb.,
1769 5535 2005 5593 Serbon.
2029 5542 2137 5594 etc.

538 5598 960 5672 inconspicabitt:
993 5616 1174 5669 prave,
1199 5601 1302 5657 nisi
1327 5620 1446 5657 cum
1479 5598 1886 5672 Marttu.,l‘.olb.
1924 5616 1982 5665 et
2016 5609 2145 5663 Sor-

544 5674 672 5745 bou.
695 5669 890 5724 deinde
913 5671 1143 5745 legatur,
1161 5674 1487 5745 alicuiquam
1511 5669 1713 5731 natas-tu
1732 5677 1998 5745 invisibilis
2014 5680 2145 5732 ima-

548 5744 716 5813 ginem
753 5740 1108 5813 non‘refeiret,
1138 5746 1192 5798 in
1221 5740 1573 5801 Solo'Martin.
1597 5751 1774 5813 refert.
1805 5744 2004 5806 Verum
2027 5753 2143 5804 sin-

550 5812 727 5866 cerior
748 5815 837 5865 est
863 5811 1045 5881 lectio,
1067 5828 1228 5897 quam
1250 5816 1547 5883 retinemus
1566 5811 1687 5885 cum
1709 5819 2011 5902 antiquiore
2036 5834 2139 5879 ms.

2240 4854 2440 4910 desunt
2461 4852 2516 4905 in
2544 4859 2735 4906 nostro
2763 4851 2972 4907 codice.

2317 4924 2397 4997 (ὅ)
2419 4922 2783 4978 Existimetur.

2244 5036 2398 5101 Colb.
2427 5052 2640 5095 necnon
2668 5034 3050 5104 Germ.,Carn.
3074 5042 3181 5092 etc.
3215 5035 3313 5109 ilic
3334 5037 3616 5109 repellitur
3642 5033 3797 5109 solem-

2249 5126 2318 5181 με
2346 5110 2672 5169 Arianorum
2700 5117 3100 5181 argumentum,
3125 5124 3233 5179 quo
3252 5107 3446 5167 Filium
3476 5108 3798 5177 vismu,,a,tlco-

2247 5198 2351 5253 que
2380 5181 2665 5247 visibilem,
2709 5180 2920 5239 Patrem
2966 5197 3096 5253 vero
3124 5181 3452 5253 invisibilem
3476 5182 3800 5253 malicori“,

2247 5250 2555 5381 ptrumqne,
2597 5253 2761 5313 veleu
2784 5253 2999 5311 nomine
3033 5250 3383 5309 dissidentem
3406 5250 3800 5320 naturadivulgao

2264 5333 2398 5381 tant.

2264 5333 2398 5385 tam.

2320 5394 2399 5468 (ᾳ)
2427 5392 2545 5461 Er.,
2573 5392 2925 5468 Lips.etPar.
2954 5393 3022 5448 ad
3036 5397 3260 5464 formam
3288 5391 3389 5457 Dei
3401 5392 3801 5453 dehonestabant.

2253 5464 2387 5527 Bad,
2417 5473 2473 5520 et
2503 5480 2604 5525 ms.
2636 5465 3015 5525 renitentibus.

2322 5535 2396 5611 (e)
2424 5536 2602 5611 Yerus
2629 5536 2802 5597 codex
2826 5535 2984 5593 Colb.
3016 5537 3099 5611 pie
3123 5544 3169 5591 et
3198 5536 3418 5597 ratione.

2323 5608 2392 5682 (ι’)
2423 5608 2641 5674 Versus,
2668 5620 2970 5682 cumrautcm
2988 5608 3221 5682 subjecta
3243 5610 3288 5663 ei
3314 5612 3505 5682 fuerint
3526 5609 3699 5679 osttnia,
3720 5616 3804 5661 non

2252 5680 2429 5736 exstat
2456 5682 2507 5734 in
2537 5694 2666 5735 mss.
2703 5681 2804 5733 nisi
2836 5681 2889 5734 in
2919 5680 3195 5735 unutiolb.
3225 5682 3401 5739 dubia:
3423 5681 3565 5739 ﬁdei.

2324 5752 2402 5826 (g)
2432 5751 2580 5823 Lips.
2610 5762 2661 5806 et
2689 5749 2812 5806 Par.
2844 5755 3083 5809 exsistat.
3116 5751 3235 5811 Mos
3264 5756 3319 5811 in
3343 5770 3446 5819 ms.
3487 5752 3686 5823 Martia.
3707 5760 3807 5807 σας·

2253 5832 2530 5891 torstatem,
2554 5835 2659 5891 non
2678 5831 2960 5897 auctorem,
