3988 6332
175 331 286 391 405

1391 320 1481 380 DE
1522 321 1899 383 TRINITATE
1937 324 2144 386 LIBER
2181 328 2278 388 XI.

3381 327 3493 389 406

176 446 261 524 (α)
278 445 626 522 justiﬁcatum
645 445 792 503 estin
822 444 1030 518 spiritu,
1060 443 1223 501 uisum
1253 448 1325 500 est
1346 442 1563 519 angelis,
1590 442 1785 514 prtedi-
1812 445 1861 506 Δ
1891 456 2018 503 meo
2045 446 2411 505 manifestatio
2448 447 2502 505 in
2528 461 2714 517 carne,
2756 460 2864 507 non
2912 445 3059 505 aliud
3088 459 3250 520 quam
3283 459 3493 520 magna

174 550 350 597 catum
376 548 449 596 est
472 538 726 613 gentibus,
748 538 999 596 creditum
1019 546 1094 593 est
1120 538 1175 593 in
1197 538 1293 593 hoc
1312 536 1523 605 mundo,
1544 552 1782 609 assump-

175 646 286 692 tum
311 645 384 693 est
406 635 459 690 in
475 632 709 695 claritate
736 633 781 707 (Ι
814 632 952 690 Tim.
984 648 1064 702 ut.
1092 631 1206 706 l6).
1240 632 1407 689 Estne
1428 632 1604 689 adhuc
1633 634 1783 705 quis-

173 743 338 800 quam
367 736 473 787 tam
496 727 703 785 hebetis
723 725 797 801 (b)
822 726 1212 798 intelligentiae,
1236 735 1294 782 ut
1319 724 1780 798 dispensationem

172 832 469 894 assummze
499 838 528 878 a
562 822 791 878 Domino
811 821 992 879 carnis
1015 820 1164 876 aliud
1190 835 1349 890 quam
1380 829 1779 877 sacramentum

172 930 298 973 esse
335 915 551 986 pietatis
598 914 898 986 intelligat?
930 913 995 969 Et
1043 915 1275 985 primum
1313 920 1462 971 extra
1495 912 1654 969 ﬁdem
1685 910 1781 969 Dei

169 1019 278 1077 est,
311 1008 539 1080 quisque
569 1014 720 1064 extra
752 1005 891 1063 hanc
918 1006 1021 1061 erit
1047 1004 1465 1061 confessionem.
1497 1003 1613 1060 Non
1635 1004 1779 1060 enim

172 1101 477 1173 Apostolus
510 1101 754 1171 ainbigit,
786 1100 917 1172 quin
956 1099 1060 1155 hoc
1099 1098 1169 1154 ab
1209 1097 1477 1153 universis
1501 1096 1778 1152 fatendum

167 1197 260 1267 sit,
296 1195 614 1270 mysterium
642 1194 831 1250 salutis
870 1199 1076 1249 nostra:
1107 1208 1211 1247 non
1244 1206 1364 1247 esse
1391 1190 1777 1247 contumeliam

166 1287 491 1354 divinitatis,
522 1287 618 1345 sed
645 1302 854 1359 magna:
895 1285 1109 1357 pietatis
1136 1294 1534 1340 sacramentum
1562 1301 1573 1337 :
1608 1293 1663 1339 et
1689 1298 1778 1339 sa—

166 1393 511 1441 cramentum
534 1396 640 1437 non
667 1381 778 1452 jam
813 1376 893 1454 (l)
919 1378 992 1454 (ε)
1025 1379 1078 1434 in
1108 1377 1372 1449 mysterio
1402 1375 1730 1432 occultatum
1756 1416 1773 1443 ,

162 1475 261 1533 sed
282 1475 341 1530 in
363 1490 532 1532 carne
550 1473 949 1530 manifestatum
973 1488 990 1538 ;
1011 1486 1185 1542 neque
1214 1470 1389 1525 adhuc
1412 1484 1505 1540 per
1530 1477 1773 1523 naturam

168 1566 357 1623 carnis
384 1565 681 1633 inﬁrmum,
714 1563 811 1621 sed
852 1564 905 1619 in
944 1562 1135 1633 spiritu
1172 1561 1561 1633 justiﬁcafum:
1595 1569 1652 1615 ut
1679 1575 1776 1630 per

1885 539 2103 613 pietatis
2148 550 2547 603 sacramentum
2587 541 2957 601 conﬁtendum
3001 548 3121 600 est:
3157 541 3285 612 quia
3324 541 3495 599 mani-
3543 554 3551 563 '

1886 630 2103 693 testatio
2129 635 2251 707 ejus
2280 635 2335 693 in
2361 650 2528 693 carne
2553 679 2570 705 ,
2596 645 2653 693 et
2680 634 2994 708 iustiﬁcatio
3018 632 3242 705 spiritus
3277 641 3404 703 est,
3436 642 3493 689 et

1886 727 2150 785 claritatis
2178 729 2496 801 assumptio.
2520 726 2603 802 (It)
2649 729 2717 784 Et
2749 742 2855 800 qua
2894 726 3113 784 tandem
3156 740 3255 798 spe
3294 726 3347 784 in
3385 725 3493 784 ﬁde

1886 830 2070 879 nostra
2115 830 2199 878 est
2232 822 2334 894 piae
2369 820 2792 893 dispensationis
2832 818 3150 891 mysterium
3190 818 3489 877 divinitatis

1885 913 2208 982 inﬁrmitas;
2236 929 2359 970 cum
2387 931 2483 987 per
2507 915 2770 972 claritatis
2798 914 3245 985 assumptionem,
3277 928 3490 985 magnae

1883 1008 2101 1080 pietatis
2128 1017 2528 1066 sacramentum
2570 1010 2642 1067 sit
2684 1008 3091 1066 conﬁtendum?
3134 1008 3201 1069 Et
3230 1008 3352 1079 quia
3376 1008 3487 1078 jam

1884 1117 1992 1156 non
2014 1111 2097 1158 est
2123 1100 2433 1169 inﬁrmitas,
2460 1101 2555 1158 sed
2586 1112 3008 1168 sacramentum;
3033 1116 3134 1156 nec
3164 1100 3482 1167 necessitas,

1883 1193 1981 1253 sed
2011 1194 2181 1265 pietas
2207 1211 2220 1248 :
2252 1194 2380 1250 dicti
2409 1208 2553 1250 nunc
2576 1194 2872 1266 evangelici
2899 1195 3039 1249 ratio
3060 1193 3351 1263 quaerenda
3381 1201 3486 1259 est,

1883 1303 1952 1344 ne
1972 1288 2115 1360 quod
2145 1287 2335 1344 salutis
2363 1297 2563 1345 nostrae
2586 1297 2638 1344 et
2658 1288 2848 1358 gloriae
2873 1286 3186 1359 mysterium
3216 1294 3318 1354 est,
3346 1286 3397 1341 id
3422 1284 3488 1340 ad

1882 1380 2227 1436 occasionem
2261 1379 2660 1450 praedicationis
2691 1380 2870 1451 impia:
2896 1378 3258 1450 relinquatur.

1953 1473 2041 1529 10.
2072 1470 2336 1528 Christum
2355 1483 2580 1528 creatum
2603 1480 2651 1528 et
2669 1488 2869 1528 seruum
2893 1488 3003 1528 esse
3026 1472 3222 1538 uolunt,
3249 1472 3372 1542 quia
3401 1470 3479 1528 illi

1882 1563 2026 1619 Deus
2046 1573 2098 1619 et
2142 1573 2285 1636 pater
2315 1576 2388 1620 est
2410 1564 2555 1620 nobis
2578 1565 3156 1620 communis.-—-Gravis
3184 1564 3277 1619 tibi
3299 1572 3487 1621 aucto—

159 1660 606 1732 justificationem
649 1656 872 1731 spiritus
911 1655 1079 1729 380
1112 1653 1326 1711 abesset
1370 1667 1398 1707 a
1440 1650 1546 1708 ﬁde
1588 1660 1772 1708 nostra
1877 1655 2011 1711 ritas
2033 1665 2137 1720 est,
2160 1655 2438 1723 bmrotice,
2466 1655 2929 1713 etiudissolubilis
2954 1654 3168 1711 Domini
3194 1655 3264 1713 de
3283 1671 3342 1712 se
3365 1671 3489 1727 pro-

165 1753 356 1810 carnis
383 1750 689 1819 inﬁrmitas,
721 1756 777 1806 et
796 1764 893 1820 per
911 1749 1091 1804 carnis
1112 1743 1604 1802 manifestationem
1629 1759 1775 1816 mys—
1878 1748 2063 1819 fessio,
2088 1765 2191 1821 qua
2219 1750 2327 1807 ait:
2348 1749 2619 1807 Adscendo
2640 1751 2709 1806 ad
2726 1760 2922 1820 patrem
2951 1766 3117 1806 meum
3139 1760 3185 1805 et
3202 1750 3272 1806 ad
3294 1760 3490 1821 patrem

164 1845 366 1903 terium
400 1859 505 1899 non
532 1850 677 1901 esset
703 1840 974 1898 occultum
996 1882 1011 1907 ,
1057 1848 1112 1896 et
1151 1853 1245 1910 per
1273 1839 1514 1911 mysterii
1551 1838 1769 1910 ignora-
1800 1854 1850 1917 Β
1874 1855 2123 1914 vestrum,
2149 1856 2197 1901 ει
2224 1846 2291 1901 ad
2320 1844 2487 1902 Deum
2511 1863 2677 1901 meum
2692 1855 2740 1902 ει
2763 1845 2831 1913 ad
2852 1844 3019 1900 Deum
3043 1855 3267 1901 vestrum
3286 1862 3302 1911 ;

165 1937 333 1994 bilem
354 1949 571 1995 causam
601 1947 810 2006 magna:
838 1930 1049 2004 pietatis
1080 1928 1158 2004 (ά)
1191 1931 1242 1984 in
1268 1938 1610 1986 sacramento
1630 1939 1775 1986 esset

166 2033 284 2091 sola
316 2029 613 2087 confessio.
644 2028 822 2101 Atque
863 2031 934 2082 ita
964 2024 1258 2098 Apostolus
1285 2023 1412 2079 ﬁdei
1441 2022 1605 2080 tutius
1628 2022 1777 2079 ordi-
1812 2079 1820 2085 ,

170 2142 295 2187 Item
321 2125 513 2191 tenuit,
540 2132 598 2180 ut
620 2123 747 2183 dum
768 2122 941 2195 pietas
961 2130 1078 2187 est,
1102 2127 1497 2177 sacramentum
1519 2118 1624 2187 sit;
1646 2118 1774 2174 dum

176 2227 571 2277 sacramentum
598 2226 704 2285 est,
734 2215 970 2289 cognitio
992 2215 1045 2271 in
1068 2227 1233 2270 carne
1260 2214 1363 2281 sit;
1394 2211 1518 2268 dum
1542 2213 1776 2286 cognitio

174 2312 229 2371 in
257 2326 423 2377 carne
452 2320 558 2375 est,
584 2307 903 2381 justiﬁcatio
945 2306 999 2362 in
1050 2305 1241 2379 spiritu
1289 2304 1389 2372 sit;
1430 2305 1555 2377 quia
1591 2320 1774 2361 sacra-

170 2415 415 2465 mentum
445 2404 681 2479 pietatis,
710 2402 851 2475 quod
878 2399 1253 2457 manifestatur
1278 2398 1329 2454 in
1352 2412 1536 2465 carne,
1571 2407 1627 2453 ut
1648 2414 1778 2454 vere

169 2512 575 2561 sacramentum
605 2498 697 2567 sit,
730 2512 827 2571 per
858 2493 1299 2568 justiﬁcationem
1336 2494 1558 2566 spiritus
1598 2492 1776 2549 mani-

169 2595 405 2663 testatur
448 2596 505 2655 in
545 2609 729 2653 carne.
781 2592 861 2649 Ac
902 2609 971 2648 ne
1008 2592 1097 2647 illa
1129 2589 1489 2646 manifestatio
1529 2588 1583 2644 in
1612 2603 1777 2655 carne

170 2692 350 2761 qualis
374 2699 522 2747 esset
544 2692 615 2763 (e)
637 2687 947 2761 justiﬁcatio
981 2686 1034 2741 in
1061 2686 1253 2758 Spiritu
1284 2685 1660 2757 ignoraretur;
1691 2700 1778 2741 sa-

170 2796 541 2853 cramentum,
569 2782 713 2857 quod
752 2778 1153 2839 manifestatum
1195 2778 1247 2834 in
1276 2792 1440 2834 carne
1460 2819 1475 2843 ,
1503 2787 1557 2834 et
1584 2776 1778 2848 justiﬁ-

169 2886 356 2935 catum
387 2879 441 2935 in
468 2878 658 2951 spiritu
678 2885 783 2943 est,
814 2884 867 2930 et
895 2873 1100 2944 angelis
1124 2873 1301 2927 visum
1323 2880 1427 2941 est,
1452 2879 1506 2927 et
1527 2869 1777 2942 gentibus

168 2973 530 3047 praedicatum
550 2979 654 3039 est,
675 2978 733 3027 et
752 2970 806 3027 in
830 2969 933 3025 hoc
947 2968 1149 3029 mundo
1168 2966 1451 3035 creditum,
1476 2965 1579 3023 hoc
1600 2967 1778 3039 ipsum

169 3075 515 3149 assumptum
543 3073 625 3123 est
651 3063 705 3119 in
726 3060 1011 3119 claritate:
1044 3070 1101 3116 ut
1120 3060 1177 3116 in
1200 3059 1453 3116 omnibus
1478 3058 1547 3116 sit
1569 3074 1778 3132 magna:

167 3156 394 3228 pietatis
442 3164 874 3225 sacramentum,
918 3153 1047 3213 dum
1077 3149 1453 3211 manifestatur
1489 3151 1543 3213 in
1581 3166 1776 3221 carne,

1881 1950 1943 1997 ut
1974 1956 2069 2013 per
2097 1940 2171 2006 id,
2194 1940 2340 2012 quod
2364 1950 2418 1996 et
2444 1938 2600 1997 nobis
2616 1948 2669 1995 et
2688 1922 2766 1995 illi
2785 1953 2921 1995 unus
2947 1945 3003 1994 et
3024 1947 3180 2008 pater
3211 1946 3363 2013 pater
3379 1922 3482 2004 est,

1879 2040 1935 2089 et
1961 2032 2103 2088 Deus
2125 2030 2265 2088 Deus
2282 2042 2364 2089 cst
2392 2032 2572 2105 (Joan.
2597 2030 2890 2104 xx,l7),sit
2910 2030 2962 2087 in
2978 2046 3042 2087 ea
3062 2030 3490 2105 infirmitatequa
3572 2070 3575 2073 ς

1884 2140 2102 2193 sumus;
2134 2125 2265 2182 dum
2314 2134 2369 2183 et
2407 2142 2504 2198 per
2544 2126 2795 2187 eumdem
2826 2134 3036 2198 patrem
3062 2139 3410 2197 exsequamur
3436 2127 3488 2193 in

1882 2219 2047 2289 ﬁlios,
2079 2228 2135 2276 et
2160 2234 2258 2290 per
2286 2220 2532 2283 eumdem
2569 2219 2740 2279 Deum
2766 2234 3147 2291 comparamur
3175 2219 3232 2275 in
3263 2233 3486 2283 servos:

1881 2320 1938 2370 et
1965 2328 2089 2368 cum
2115 2327 2213 2369 nos
2233 2312 2403 2369 simus
2428 2321 2483 2370 et
2511 2313 2719 2373 creatio
2741 2329 2807 2369 ex
2833 2311 3062 2383 origine,
3095 2322 3145 2368 et
3192 2326 3261 2373 ex
3296 2322 3488 2377 natura

1879 2406 2045 2475 servi,
2070 2414 2248 2462 tamen
2268 2405 2393 2461 dum
2412 2414 2467 2462 et
2488 2416 2640 2477 pater
2658 2404 2812 2465 nobis
2827 2403 3129 2462 communis
3149 2410 3204 2460 et
3220 2400 3361 2463 Deus
3382 2412 3489 2481 est,

1882 2500 1952 2557 sit
1981 2502 2030 2557 ei
2058 2499 2336 2557 nobiscum
2367 2509 2421 2556 et
2444 2499 2527 2571 (3)
2562 2500 2628 2573 (i)
2658 2498 2860 2557 creatio
2885 2496 2953 2553 ad
2976 2505 3222 2555 naturam
3252 2510 3491 2555 commta

1881 2592 1967 2657 nis
2009 2601 2066 2649 et
2107 2592 2364 2649 servitus.
2423 2592 2492 2651 Et
2538 2591 2627 2648 hic
2670 2591 2846 2663 impias
2890 2589 3294 2662 praedicationis
3338 2588 3490 2647 l‘uror

1880 2687 2044 2743 etiam
2090 2685 2194 2742 hoc
2234 2685 2553 2757 praplietico
2593 2685 2762 2743 utitur
2800 2683 2980 2739 dicto:
3026 2682 3189 2741 Unxit
3218 2691 3287 2749 te,
3323 2681 3488 2759 Deus,

1881 2779 2023 2839 Deus
2055 2789 2173 2836 tuus
2201 2778 2389 2851 (Psal.
2438 2794 2588 2847 xuv,
2615 2776 2685 2852 8)
2727 2795 2743 2838 :
2779 2786 2837 2833 ut
2871 2792 2978 2833 non
3010 2775 3080 2833 sit
3104 2777 3156 2835 in
3185 2790 3248 2833 ea
3278 2784 3487 2841 natura:

1881 2876 2080 2931 virtute
2105 2890 2210 2947 qua
2237 2873 2380 2930 Deus
2402 2881 2505 2940 est,
2529 2872 2658 2931 dum
2686 2873 2734 2929 ei
2757 2886 2965 2949 ungens
2986 2886 3048 2929 se
3065 2872 3204 2931 Deus
3234 2871 3288 2937 in
3317 2869 3487 2939 Deum

1882 2985 2038 3027 suum
2067 2969 2140 3026 sit
2166 2976 2291 3024 ante
2320 2966 2480 3029 latus.

1955 3082 2045 3138 11.
2086 3080 2226 3139 Deus
2258 3080 2341 3137 illi
2367 3088 2416 3135 et
2438 3087 2585 3152 pater
2610 3087 2705 3149 est,
2736 3077 2861 3150 quia
2880 3087 3067 3144 natus;
3095 3088 3145 3133 st
3162 3077 3288 3149 quia
3311 3086 3484 3146 natus,

1877 3175 1999 3233 ideo
2021 3173 2188 3233 Deus.
2221 3204 2292 3217 --
2318 3173 2535 3245 Ignorat
2564 3173 2735 3231 Deum
2780 3168 3080 3238 Christum,
3132 3171 3224 3241 qui
3273 3167 3488 3242 Ignorat

169 3254 249 3332 (2)
277 3255 415 3313 dum
441 3254 766 3329 justiﬁcatur
803 3252 857 3311 in
891 3253 1105 3325 spiritu,
1140 3249 1209 3326 (ί)
1237 3251 1363 3308 dum
1400 3251 1573 3309 visum
1597 3258 1681 3308 est
1708 3250 1773 3307 ab

1889 3269 2051 3327 Deum
2077 3276 2285 3325 natum.
2321 3269 2488 3322 Deum
2509 3271 2692 3322 autem
2717 3265 2868 3320 nasci
2891 3277 2999 3319 non
3023 3261 3295 3328 estaliud,
3319 3275 3482 3333 quam

165 3348 405 3421 angelis,
425 3347 551 3404 dum
572 3345 1168 3421 prmdicaturgentibus,
1187 3345 1312 3409 dum
1337 3344 1576 3401 creditur
1598 3345 1650 3401 in
1673 3344 1777 3401 hoc

167 3440 401 3515 mundo,
432 3442 559 3501 dum
596 3438 891 3499 assumitur
932 3440 986 3495 in
1024 3439 1291 3497 claritate.
1331 3437 1466 3495 Nam
1507 3445 1563 3495 et
1598 3438 1771 3495 visum

165 3536 421 3611 sequitur
441 3534 777 3607 praedicatio,
796 3543 853 3592 et
871 3532 1310 3611 praedicationem
1338 3533 1493 3603 ﬁdes,
1518 3544 1573 3593 et
1592 3538 1770 3597 omnia

166 3628 790 3697 consummatclaritatis
816 3629 1113 3701 assumptio
1131 3629 1281 3699 :quia
1304 3637 1359 3687 et
1380 3644 1587 3701 magna:
1605 3631 1772 3702 pieta-

165 3723 234 3779 tis
264 3734 674 3795 sacramentum
694 3730 782 3779 est
797 3722 1093 3791 assumptio
1108 3723 1401 3791 claritatis;
1433 3733 1489 3781 et
1513 3741 1609 3797 per
1634 3725 1772 3789 hanc

163 3815 588 3887 dispensationis
616 3814 778 3873 fidem
802 3856 817 3885 ,
848 3814 1153 3871 conformcs
1176 3816 1251 3888 (g)
1281 3816 1484 3879 assumi
1513 3817 1772 3875 claritatis

162 3907 460 3969 dominica:
486 3923 873 3981 prmparamur.
906 3908 1110 3981 Magnae
1148 3912 1307 3981 igitur
1339 3912 1551 3983 pictatis
1589 3927 1772 3971 sacra-

162 4011 413 4061 mentum
432 4012 511 4058 est
535 4002 712 4065 carnis
732 4003 1060 4074 assumptio:
1084 4004 1207 4075 quia
1232 4019 1327 4077 per
1342 4007 1766 4077 assumptionem

162 4096 373 4164 carnis,
404 4094 765 4153 manifestatio
791 4098 1110 4153 sacramenti
1143 4101 1197 4153 in
1228 4112 1390 4165 carne
1414 4110 1519 4156 est.
1549 4100 1656 4157 Sed
1686 4111 1767 4157 ta-

233 4210 328 4287 (ᾳ)
354 4210 522 4287 abest
541 4212 595 4266 in
625 4226 661 4287 a_
681 4222 871 4267 nostro
899 4226 1004 4287 _ms.

229 4282 319 4358 (’2)
352 4282 495 4337 Dum
527 4282 850 4358 justiﬁcatur
892 4285 945 4339 in
981 4284 1186 4356 spiritu,
1229 4283 1355 4340 dum
1394 4288 1672 4344 assumitur
1714 4292 1769 4347 in

228 4375 313 4448 (ιι)
343 4374 485 4437 Editi
504 4415 521 4441 ,
552 4376 864 4444 aioiﬁcatum
886 4385 977 4438 est.
1014 4376 1373 4433 renitentibus
1402 4393 1531 4436 mss.
1562 4395 1769 4439 necnon

158 4449 464 4520 subgit-ais:
490 4450 542 4501 in
569 4449 763 4515 quibus
784 4464 889 4520 vox
927 4448 1140 4517 spiritus
1176 4450 1469 4520 opponitur
1493 4455 1642 4508 carni
1669 4470 1685 4520 ;
1716 4465 1771 4511 et

161 4524 226 4575 ad
258 4518 432 4574 Verbi
463 4528 710 4573 naturam
741 4519 993 4575 refertur.

233 4591 317 4664 (lt)
341 4590 402 4664 in
427 4590 688 4664 psallat.
713 4592 857 4664 bas,
887 4591 1102 4664 tiartin.
1131 4599 1187 4651 et
1213 4590 1427 4649 duobus
1452 4594 1596 4664 aliis,
1616 4597 1770 4653 iutel.

423 4663 566 4737 locus
582 4681 599 4737 7:
626 4662 913 4737 superﬂuit
940 4663 1104 4719 locus.

232 4733 316 4811 (Ae)
344 4734 444 4811 Ms.
476 4733 874 4811 Collo.,__Ge_rt_u.
899 4742 954 4789 ct
983 4736 1195 4803 Martio.
1226 4737 1334 4804 iam
1354 4740 1619 4811 mysterio.

233 4806 326 4875 (ά)
350 4808 519 4861 Abest
544 4809 597 4860 in
628 4807 694 4862 ab
721 4806 926 4877 aliquot
952 4822 1080 4861 mss.

230 4878 315 4950 (e)
346 4878 636 4954 Antiquior
654 4879 823 4935 codex
853 4879 1003 4936 Coll).
1036 4880 1345 4954 justi/icatio
1381 4883 1616 4954 spiritus.
1642 4885 1784 4942 Mar-

159 4950 262 5011 till.
289 4961 337 5007 et
358 4950 690 5021 justiﬁmliq,
704 4959 813 5008 etc.
1036 4950 1051 4954 '
1410 4950 1418 4954 -
1649 4965 1659 4974 .

232 5022 318 5096 ([ἐ)
350 5021 485 5096 Post
516 5022 804 5096 inspiritu.
835 5021 1130 5094 subjiciunt
1170 5038 1302 5079 mss.
1345 5026 1467 5081 dum
1501 5030 1781 5085 assumitur

159 5095 215 5148 in
245 5093 507 5161 claritate,
539 5093 658 5149 aliis
679 5097 913 5150 omissis.

234 5164 322 5238 (g)
370 5166 431 5223 lu
472 5181 605 5223 mss.
643 5166 767 5222 Vat.
805 5166 922 5238 bas.
965 5164 1280 5225 Colbertino
1329 5186 1460 5236 uno,
1513 5178 1568 5226 et
1600 5172 1775 5229 altero

234 5183 322 5291 (qi
370 5183 431 5223 In
472 5183 605 5223 mss.
652 5183 767 5222 vat.
805 5183 922 5223 Das.
965 5183 1280 5225 botoerttno
1329 5186 1460 5236 uno,
1513 5183 1568 5226 et
1600 5183 1772 5229 altera

162 5237 271 5320 Sor
316 5255 408 5291 on.
427 5240 794 5320 assumption}
819 5237 875 5320 l_n
899 5238 1106 5320 Betuig.
1132 5243 1399 5312 assumpli.
1431 5243 1585 5320 Prior
1611 5245 1772 5301 lectio

329 5309 636 5382 arridebat:
670 5310 766 5382 sed
800 5311 1011 5382 plenior
1036 5320 1121 5366 est
1139 5327 1223 5379 ea,
1261 5309 1419 5382 quam
1442 5318 1759 5373 retinemus.

232 5379 320 5453 (It)
350 5380 723 5453 Inpia-dictis
755 5379 885 5437 lltSS.
930 5381 1049 5437 Vat.
1088 5379 1394 5449 bas.,Colb.
1431 5401 1493 5441 ac
1530 5386 1764 5445 Sorbon.

162 5452 626 5529 necnotrldattin.
647 5471 660 5509 :
683 5452 750 5529 Et
770 5470 882 5523 qua:
910 5457 1114 5529 tandem
1142 5472 1255 5528 spes
1275 5457 1328 5509 iu
1351 5457 1453 5527 ﬁde
1473 5469 1648 5514 nostra
1672 5469 1764 5529 est,

161 5524 210 5601 si
224 5530 334 5601 pit:
347 5526 741 5601 dispensationis
758 5527 1050 5601 mysterium
1068 5524 1439 5588 dit‘inilult's'esl
1458 5524 1767 5601 inﬁrmitas}

160 5598 332 5653 lectio
358 5598 473 5651 limo
511 5599 679 5675 magis
708 5599 1407 5675 est.p_erspicua,_adeoqne
1438 5598 1609 5675 magis
1670 5620 1765 5658 stt-

162 5675 381 5741 Specta,
412 5685 573 5738 quam
612 5669 822 5725 altera:
850 5670 900 5723 in
948 5684 1052 5738 qua
1088 5672 1222 5725 alius
1263 5672 1478 5741 quidam
1528 5669 1771 5731 innuitur

166 5739 507 5803 reconditior
553 5754 781 5809 sensus,
840 5753 998 5810 puta,
1058 5739 1402 5798 divinitatem
1453 5744 1778 5803 inﬁrmatam

180 5828 296 5867 non
327 5810 489 5867 fuisse
513 5812 934 5881 diapensatiouis
950 5815 1233 5889 mysterio,
1258 5817 1542 5889 quocarni
1572 5821 1783 5889 praesti-

181 5892 306 5944 tum
333 5890 415 5945 est
447 5892 507 5941 ut
542 5892 909 5946 assumeretur
948 5885 1001 5943 in
1039 5885 1300 5944 claritatis
1339 5886 1548 5959 gloria;
1573 5885 1781 5963 eosque

1882 3363 1939 3419 in
1959 3376 2026 3420 ea
2038 3370 2226 3418 natura
2242 3374 2367 3418 esse
2382 3374 2487 3432 qua
2512 3358 2655 3417 Deus
2668 3365 2752 3415 est
2770 3374 2783 3411 :
2803 3358 2925 3427 quia
2946 3353 3104 3411 nasci
3121 3368 3243 3413 cum
3266 3352 3341 3426 (1')
3354 3362 3486 3418 can-

1878 3469 1999 3512 sam
2050 3452 2348 3510 nativitatis
2397 3452 2673 3518 ostendat,
2705 3464 2815 3507 non
2859 3446 3158 3519 disproﬁcit
3199 3455 3384 3511 tamen
3423 3448 3482 3513 ig

1877 3562 2078 3619 genere
2096 3545 2336 3603 auctoris
2346 3546 2630 3605 exsistere.
2659 3540 2814 3612 Quod
2840 3549 3020 3601 autem
3042 3555 3151 3598 non
3177 3538 3255 3613 (lt)
3278 3539 3491 3611 dispra-

1880 3643 1996 3699 ﬁcit
2022 3642 2074 3696 in
2103 3655 2323 3713 genere,
2356 3639 2521 3697 debet
2543 3637 2762 3711 quidem
2795 3635 3004 3693 auctori
3030 3649 3250 3692 causam
3282 3631 3480 3695 nativi-

1877 3738 2005 3794 tatis
2029 3752 2166 3804 suae,
2192 3746 2437 3793 naturam
2474 3744 2652 3791 tamen
2678 3747 2748 3791 ex
2774 3747 2836 3789 se
2861 3748 2969 3789 non
2996 3731 3179 3792 amisit
3204 3730 3479 3789 auctoris:

1878 3831 2005 3902 quia
2032 3828 2283 3885 nativitas
2329 3827 2422 3883 Dei
2464 3841 2642 3897 neque
2685 3823 2919 3893 aliunde,
2972 3837 3147 3893 neque
3192 3821 3338 3881 aliud
3370 3828 3481 3877 est.

1879 3924 2011 3991 Quas
2039 3924 2084 3978 si
2111 3922 2327 3978 aliunde
2352 3930 2460 3989 est,
2502 3918 2755 3977 nativitas
2781 3933 2888 3973 non
2918 3927 3035 3983 est;
3085 3915 3131 3973 si
3160 3930 3288 3975 vero
3336 3912 3480 3972 aliud

1876 4024 1982 4084 est,
2011 4030 2121 4070 non
2150 4015 2291 4071 Deus
2312 4021 2418 4070 est.
2449 4012 2583 4069 Cum
2615 4018 2799 4068 autem
2823 4025 2889 4066 ex
2919 4009 3033 4065 Deo
3058 4008 3202 4067 Deus
3232 4018 3348 4075 est;
3381 4022 3481 4080 per

1875 4107 1931 4164 id
1967 4123 2182 4180 quoque
2212 4108 2361 4164 Deus
2402 4116 2556 4179 pater
2579 4106 2692 4167 Deo
2713 4106 2824 4161 lilio
2849 4113 2906 4163 et
2938 4102 3003 4179 (Ι)
3035 4100 3333 4169 nativitatis
3361 4101 3479 4172 ejus

1876 4223 2128 4292 claritate,
2159 4223 2376 4279 omissis
2406 4222 2761 4279 intermediis.

1950 4297 2035 4368 ('5)
2064 4294 2266 4351 Crealio
2295 4297 2365 4350 ad
2391 4306 2609 4351 natura.

1874 4387 1945 4444 ab
1964 4402 2071 4459 spe
2089 4387 2337 4443 ﬁdelibus
2360 4386 2622 4458 promissa
2651 4385 2851 4442 cadere
2872 4426 2889 4452 ,
2926 4383 3021 4456 qui
3044 4383 3206 4459 aliter
3228 4384 3474 4459 credant.

1950 4454 2027 4530 (ἶ)
2054 4458 2214 4516 Solus
2228 4454 2401 4515 codex
2427 4459 2544 4514 Vat.
2572 4460 2686 4515 bas.
2706 4459 2897 4513 creatio
2913 4454 3131 4530 naturae.
3154 4454 3213 4530 In
3230 4456 3477 4527 reliquis,

1876 4527 2067 4586 creatio
2106 4533 2175 4585 ad
2204 4541 2441 4586 naturam
2472 4531 2558 4587 vel
2594 4546 2658 4585 ea:
2682 4541 2890 4585 natura.
2922 4527 2981 4583 In
3019 4528 3246 4598 vulgatis
3270 4540 3476 4596 autem,

1877 4605 2065 4658 creatio
2095 4613 2142 4658 et
2170 4612 2374 4657 natura.

1950 4675 2028 4749 (j)
2058 4675 2116 4730 In
2143 4690 2251 4749 gms.
2284 4674 2498 4749 Martio.
2527 4690 2689 4749 causa
2710 4690 2730 4729 :
2757 4671 3039 4729 mendose.
3086 4669 3146 4725 Id
3187 4670 3333 4727 enim
3371 4670 3476 4749 sibi

1881 4743 2017 4813 vuli,
2046 4746 2265 4802 verbum
2292 4747 2437 4802 nasci
2464 4746 2746 4801 relativum
2785 4758 2928 4808 esse,
2959 4758 3134 4813 eoque
3164 4754 3368 4811 patrem
3399 4743 3475 4796 si-

1805 4805 1861 4868 D
1886 4805 2141 4874 mul'cum
2173 4829 2299 4873 nato
2337 4817 2647 4889 signiﬁcari.
2684 4805 3268 4889 Vocabulumquidem
3309 4829 3478 4869 cauete

1888 4890 1954 4945 ad
1994 4901 2249 4946 retentam
2293 4885 2411 4945 Filii
2462 4888 2864 4959 generationem
2915 4885 3284 4959 explicandam
3334 4900 3478 4943 nunc

1885 4964 2094 5030 respuit
2121 4961 2436 5031 Theologia.
2468 4957 2692 5030 ejusque
2723 4960 2844 5014 loco
2873 4957 3079 5031 mavult
3111 4957 3422 5027 principium
3441 4972 3474 5031 _:

1882 5029 1987 5087 sed
2020 5034 2149 5089 illud
2192 5029 2360 5106 probe
2402 5029 2667 5106 intellexit
2698 5031 2932 5106 Hilarius
2952 5072 2965 5095 ,
2996 5030 3133 5085 sicut
3162 5029 3478 5106 et_au_cto_ris

1880 5120 2109 5172 nomen,
2142 5100 2211 5160 de
2250 5119 2355 5168 quo
2384 5105 2710 5175 Augustinus
2741 5102 2830 5157 lib.
2882 5118 2917 5158 ll
2963 5111 3149 5175 contra
3196 5100 3473 5175 tiattintin.

1876 5192 1927 5230 c.
1960 5175 2049 5240 14,
2081 5170 2134 5230 n.
2162 5178 2196 5231 6
2224 5195 2238 5231 :
2272 5176 2333 5233 Si
2362 5170 2627 5249 propterea
2659 5174 2825 5228 Deum
2855 5183 3048 5249 patrem
3081 5172 3185 5226 Deo
3215 5170 3321 5249 (ilia
3348 5171 3477 5249 dicis

1876 5259 2167 5321 auctorem,
2198 5249 2320 5318 quia
2344 5241 2430 5321 ille
2451 5241 2642 5321 genuit,
2672 5241 2869 5320 genitus
2898 5256 2969 5299 est
2992 5246 3091 5321 iste
3100 5261 3129 5321 ί
3138 5243 3265 5321 quia
3297 5241 3392 5297 iste
3411 5241 3477 5296 de

1874 5320 1984 5383 illo,
2026 5338 2125 5373 non
2159 5314 2245 5374 ille
2274 5321 2337 5374 de
2362 5314 2471 5374 ista
2490 5336 2509 5374 :
2536 5314 2700 5391 fateor
2737 5326 2782 5372 et
2810 5319 3051 5391 concedo.
3088 5314 3149 5371 Si
3188 5322 3355 5391 autem
3382 5328 3473 5385 per

1868 5408 2052 5446 nomen
2081 5392 2305 5447 auctoris
2336 5384 2584 5447 minorem
2604 5392 2678 5446 uis
2703 5395 2872 5462 facere
2902 5386 2950 5442 F
2952 5390 3120 5455 ilium,
3150 5397 3279 5449 etc.,
3310 5384 3477 5447 detes-

1871 5462 2017 5518 tabor
2045 5475 2092 5517 et
2117 5480 2375 5531 respuam.

1946 5536 2020 5607 (lt)
2048 5535 2184 5591 Hinc
2205 5527 2404 5607 nititur
2440 5533 2582 5607 quod
2608 5535 2662 5607 in
2694 5532 2789 5587 lib.
2817 5547 2877 5607 x,_
2905 5548 2960 5585 η.
2988 5529 3089 5607 δζι,
3129 5527 3279 5607 juxta
3310 5528 3475 5584 Εηεφ

1884 5599 2031 5661 mum
2075 5607 2354 5663 annoravit
2380 5599 2517 5662 Lnd.
2555 5605 2798 5670 Mirans,
2824 5602 3154 5673 disproﬁcere
3181 5599 3322 5655 idem
3351 5613 3476 5657 esse

1888 5677 2115 5744 Hilario,
2146 5680 2284 5750 quod
2313 5680 2635 5752 degenerare.
2667 5675 2773 5752 S_ed
2807 5676 2850 5729 si
2877 5674 3187 5752 adjunctum
3214 5673 3267 5725 in
3294 5687 3478 5752 genere

1887 5743 2201 5818 sustuleris,
2237 5751 2286 5806 id
2320 5743 2449 5804 sane
2477 5764 2571 5817 per
2600 5762 2660 5802 se
2689 5747 2793 5801 hoc
2808 5746 3059 5818 _verbum
3101 5760 3209 5800 non
3241 5743 3476 5818 sonabit.

1963 5823 2027 5895 (ι)
2062 5816 2335 5895 Ὑριέως.
2356 5816 2768 5895 ίῐηεχπᾳιίυὶιαιε
2788 5816 2935 5895 Deus
2958 5827 3030 5873 est
3052 5826 3100 5895 et
3126 5824 3311 5895 natura
3340 5816 3483 5886 pari-

1889 5887 1984 5963 ter,
2010 5887 2131 5967 quia
2173 5892 2365 5949 Christi
2401 5891 2640 5948 natiuitas
2674 5906 2739 5947 ea:
2775 5889 2886 5947 Deo
2921 5900 3040 5947 est:
3083 5887 3478 5962 imprudentem
