3996 6330
167 364 257 423 ιοθ

1346 353 1433 410 DE
1475 351 1846 410 TRINITATE
1889 353 2093 412 LIBER
2132 356 2222 413 XI.

3320 354 3427 412 410

165 480 274 556 quin
299 482 437 548 pater
452 469 549 528 sibi
566 477 621 525 ιιι
638 466 849 526 ετειειίε
873 467 943 524 sit
969 482 1037 524 ex
1056 480 1119 524 ea
1142 473 1293 539 parte
1313 482 1416 539 qua
1435 467 1598 523 homo
1622 475 1726 536 εει,
1754 467 1811 531 Α
1833 476 1953 524 est:
1980 477 2133 539 pater
2174 467 2319 525 enim
2348 476 2433 525 est
2476 467 2545 525 ad
2591 468 2668 538 id,
2697 459 2841 541 quod
2886 468 2940 525 in
2990 467 3256 541 principio
3284 470 3424 541 apud

164 584 209 632 et
225 573 354 629 Dens
371 565 467 623 sibi
488 572 543 620 ut
562 562 765 619 cunctis
784 563 857 618 sit
873 576 937 618 ex
955 576 1018 618 ea
1032 570 1217 618 natura
1244 577 1349 634 qua
1379 576 1567 618 servus
1616 570 1720 617 εει.

225 666 305 722 15.
343 660 404 717 In
433 676 489 716 ea
511 657 640 712 dixit
669 659 836 728 forma
861 672 964 727 qua
991 672 1083 711 nos
1115 664 1258 713 vocat
1303 656 1511 726 fratres.
1572 654 1723 711 Chri-

163 770 255 818 stus
275 769 422 828 quare
456 753 734 807 vermis.--
764 750 1009 819 Denique
1041 750 1185 804 hunc
1209 749 1462 804 eumdem
1508 764 1719 804 sermo-

163 867 265 910 nem
308 843 599 919 huiusmodi
626 842 982 913 professionis
1013 842 1178 914 coepit
1206 840 1455 907 exordio,
1513 842 1584 896 ita
1631 841 1717 896 di-

164 958 315 1003 cens:
354 938 490 994 Vade
532 945 696 991 autem
743 936 813 991 ad
867 935 1056 1006 fratres
1102 951 1262 1003 meos,
1311 945 1360 991 et
1405 934 1543 990 dices
1590 932 1717 1002 illis,

164 1032 401 1094 Adscendo
423 1030 490 1085 ad
511 1040 705 1100 patrem
729 1046 898 1085 meum
921 1039 970 1086 et
995 1029 1064 1084 ad
1090 1039 1289 1103 patrem
1316 1039 1564 1098 vestrum,
1589 1037 1636 1083 et
1654 1028 1722 1082 ad

161 1128 305 1185 Deum
339 1140 495 1179 meum
517 1132 564 1177 et
586 1121 654 1176 ad
680 1120 848 1177 Deum
888 1130 1113 1178 vestrum
1164 1120 1343 1195 (Joau.
1420 1137 1512 1185 xx,
1598 1121 1706 1193 l7).

161 1224 220 1280 Et
259 1234 430 1292 qumro
474 1232 632 1285 nunc,
708 1217 907 1274 fratres
998 1217 1046 1273 ei
1112 1216 1407 1274 secundum
1488 1215 1718 1271 formam

170 1317 268 1383 Dei,
294 1330 421 1371 anne
470 1311 766 1368 secundum
813 1310 1040 1368 formam
1069 1311 1211 1368 servi
1233 1326 1355 1367 esse
1385 1307 1722 1381 intelligendi

160 1411 250 1465 sint
286 1425 299 1461 :
341 1406 632 1476 habeatque
696 1404 915 1476 aliquod
979 1403 1044 1459 ad
1096 1418 1218 1460 eum
1268 1402 1562 1458 secundum
1606 1401 1721 1473 ple-

160 1500 421 1558 nitndinern
469 1497 759 1553 habitantis
822 1499 874 1553 in
923 1512 990 1555 eo
1043 1497 1338 1553 divinitatis
1388 1494 1464 1568 (ι)
1497 1493 1571 1568 (a)
1604 1509 1724 1551 cor-

163 1596 344 1668 poratio
394 1603 576 1649 nostra
617 1594 975 1657 consortium,
1017 1601 1078 1648 ιιι
1137 1592 1189 1647 in
1235 1592 1428 1646 fratres
1458 1590 1508 1646 ei
1551 1589 1617 1644 ad
1669 1589 1721 1645 id

159 1690 278 1760 quod
306 1688 439 1744 Deus
459 1695 541 1743 est
581 1686 946 1758 deputemur?
976 1685 1085 1743 Sed
1134 1701 1243 1741 non
1278 1686 1488 1756 ignorat
1511 1694 1566 1740 et
1597 1700 1721 1754 pro-

159 1783 370 1855 pheticus
396 1780 614 1852 spiritus
638 1822 652 1847 ,
685 1780 961 1852 unigenito
1011 1780 1123 1835 Deo
1166 1795 1268 1851 qua
1316 1793 1383 1834 ex
1431 1786 1584 1849 parte
1614 1776 1723 1834 sint

1825 562 1997 619 Deum
2028 570 2149 619 erat
2167 563 2309 619 Deus
2338 562 2594 620 Verbum.
2622 563 2731 620 Sed
2753 579 2874 620 cum
2902 563 3134 620 Verbum
3157 578 3289 622 caro
3311 563 3425 621 fac-

1826 666 1937 713 tum
1961 666 2071 724 est;
2105 668 2284 714 manet
2309 669 2362 713 et
2390 658 2443 714 in
2475 658 2635 715 Verbi
2677 659 2773 716 Dei
2801 658 3105 727 nativitate,
3130 667 3184 715 et
3213 660 3265 714 in
3298 675 3421 716 car-

1826 749 1910 805 nis
1936 750 2321 805 constitutione
2342 751 2482 822 quod
2517 758 2666 821 pater
2708 761 2811 807 est.
2864 751 3025 809 Pater
3066 752 3208 807 enim
3239 753 3420 810 omnis

1825 845 2005 901 carnis
2034 854 2116 901 est
2141 846 2317 911 Deus;
2344 845 2439 901 sed
2471 860 2575 901 non
2605 845 2900 902 secundum
2931 845 3072 917 quod
3106 846 3283 901 Verbo
3309 846 3418 901 Deo

1824 949 1979 1009 pater
2003 947 2106 994 est.
2139 937 2375 994 Verbum
2404 948 2581 995 autem
2632 939 2794 1005 Deus,
2825 954 2999 1012 neque
3038 938 3277 996 Verbum
3305 953 3426 997 esse

1823 1032 2004 1100 desiit,
2038 1047 2214 1104 neque
2235 1047 2362 1089 caro
2391 1049 2496 1088 non
2525 1032 2644 1087 fuit.
2679 1031 2812 1087 Nam
2847 1030 3106 1097 Verbum,
3132 1030 3274 1103 quod
3296 1046 3425 1087 caro

1826 1124 2024 1183 factum
2066 1138 2145 1184 est
2171 1135 2226 1182 et
2265 1126 2520 1183 habitavit
2545 1126 2597 1181 in
2629 1125 2808 1192 nobis,
2853 1140 3026 1196 neque
3055 1123 3184 1180 dum
3210 1125 3420 1181 habitat

1827 1236 1934 1277 non
1957 1236 2081 1278 vere
2114 1221 2346 1277 Verbum
2393 1231 2498 1286 est,
2545 1235 2719 1291 neque
2746 1220 2873 1274 dum
2921 1219 3157 1275 Verbum
3185 1232 3313 1276 caro
3340 1226 3425 1275 est

1826 1332 1932 1373 non
1960 1331 2089 1374 vere
2120 1317 2258 1371 Deus
2291 1315 2455 1371 homo
2476 1323 2559 1371 est
2585 1334 2598 1371 :
2628 1315 2750 1386 quia
2781 1324 2836 1371 et
2863 1313 3128 1377 habitare,
3168 1313 3287 1383 eius
3327 1299 3425 1369 ne:-

1824 1424 1978 1466 cesse
2005 1409 2075 1464 sit
2100 1424 2221 1465 esse
2250 1409 2339 1479 qui
2390 1416 2643 1474 maneat;
2694 1414 2748 1462 et
2771 1421 2991 1461 carnem
3025 1404 3164 1472 fieri,
3198 1404 3316 1476 ejus
3342 1404 3424 1459 in-

1828 1503 2175 1574 telligeudum
2203 1503 2271 1559 sit
2295 1518 2416 1559 esse
2446 1502 2536 1574 qui
2577 1502 2836 1557 nascitur.
2873 1503 2935 1556 Et
2963 1501 3107 1572 quod
3159 1500 3213 1555 in
3263 1498 3421 1555 nobis

1828 1596 2053 1664 habitat,
2082 1608 2281 1652 nostrae
2307 1596 2486 1652 carnis
2514 1596 2812 1668 assumptio
2830 1604 2913 1651 est
2937 1612 2951 1649 :
2975 1594 3096 1666 quia
3125 1592 3212 1665 (ά)
3245 1608 3342 1664 per
3370 1593 3421 1648 id

1826 1690 1967 1761 quod
1990 1690 2041 1745 in
2071 1691 2228 1746 nobis
2259 1691 2463 1745 habitat
2485 1689 2725 1746 Verbqu
2750 1704 2879 1746 caro
2923 1689 3143 1754 factum,
3180 1688 3318 1744 Deus
3341 1694 3427 1743 est

1827 1784 1878 1840 in
1908 1784 2076 1839 nostri
2107 1784 2353 1855 corporis
2397 1783 2560 1857 385
2587 1783 2834 1838 veritate.
2885 1781 2941 1837 Si
2988 1781 3152 1852 igitur
3180 1788 3423 1835 naturam

160 1874 360 1931 fratres:
391 1874 500 1930 haec
529 1875 675 1931 enim
708 1888 812 1929 nou
857 1884 964 1928 tam
989 1872 1151 1928 homo
1197 1888 1356 1943 quam
1401 1873 1599 1928 vermis
1630 1873 1711 1926 lo-

1837 1878 2053 1934 letrahit
2084 1878 2197 1933 Deo
2221 1876 2395 1933 Verbo
2427 1877 2590 1931 homo
2612 1875 2908 1932 secundum
2935 1888 3153 1930 carnem
3176 1871 3425 1928 Christus

159 1978 289 2025 culus
310 1977 406 2035 est,
459 1966 705 2025 Narrabo
728 1984 912 2022 nomen
941 1978 1084 2022 tuum
1109 1966 1354 2039 fratribus
1378 1967 1501 2022 meis
1543 1965 1714 2041 (Psal.

161 2060 382 2131 “1.25).
410 2061 473 2116 Et
497 2061 615 2116 lucc
645 2061 866 2126 vermis,
904 2060 988 2115 vel
1022 2075 1126 2114 non
1156 2075 1225 2116 ex
1269 2068 1534 2129 conceptu
1558 2074 1717 2114 com-

161 2158 364 2213 munium
391 2154 558 2230 385.
585 2156 855 2229 originum
902 2156 1108 2223 vivens,
1138 2156 1220 2211 vel
1248 2172 1279 2210 e
1311 2154 1592 2227 profundis
1616 2164 1724 2210 ter-

167 2267 230 2307 ra:
252 2251 378 2306 vivus
404 2267 711 2324 emergens,
745 2251 814 2307 ad
854 2252 1313 2322 significationem
1347 2259 1638 2321 assumpta:
1670 2256 1725 2305 et

162 2343 410 2400 viviticata:
436 2360 534 2415 per
581 2360 645 2401 se
674 2345 839 2402 etiam
873 2345 947 2418 (ὁ)
978 2361 1045 2401 ex
1093 2344 1310 2401 inferno
1354 2344 1564 2411 carnis,
1600 2357 1725 2414 pro-

161 2438 307 2494 fessus
330 2447 443 2494 est:
475 2448 701 2510 totoque
751 2441 803 2495 in
834 2440 1042 2509 psalmo
1082 2439 1349 2510 passionis
1395 2453 1507 2493 suae
1545 2451 1727 2492 saera-

160 2540 310 2588 menta
338 2533 650 2604 prophetico
679 2533 869 2604 spiritu
914 2532 1264 2603 praelocutus,
1294 2549 1360 2588 cx
1406 2547 1468 2588 ea
1502 2546 1727 2587 necesse

159 2636 228 2682 est
251 2627 427 2684 fratres
454 2622 1103 2699 habeatdispcnsatione,
1137 2643 1240 2698 qua
1270 2642 1463 2697 passus
1491 2635 1594 2682 est.
1622 2623 1726 2680 No-

158 2723 222 2778 vit
261 2734 650 2780 sacramentum
696 2724 748 2779 in
808 2738 874 2780 eo
926 2723 1151 2780 fratrum
1205 2722 1366 2779 etiam
1439 2720 1729 2793 Apostolus

163 2814 312 2887 (Rom.
339 2833 450 2884 vut,
480 2817 600 2887 29),
647 2826 705 2873 ut
749 2815 1167 2888 primogenitum
1213 2830 1334 2869 eum
1376 2830 1443 2869 ex
1475 2812 1728 2879 mortuis,

161 2908 219 2964 ita
241 2910 644 2983 primogenitum
673 2911 724 2965 in
770 2909 952 2965 multis
986 2908 1247 2964 fratribus
1277 2907 1605 2979 praedicans.
1628 2905 1730 2962 Se-

160 3003 362 3059 cundum
387 3003 439 3060 id
469 3020 603 3076 ergo
633 3013 718 3061 est
744 3004 797 3059 in
825 3004 1011 3059 multis
1038 3002 1294 3058 fratribus
1316 3002 1729 3073 primogenitus,

158 3097 419 3154 secundum
447 3099 592 3171 quod
621 3109 704 3152 est
728 3097 1119 3168 primogenitus
1142 3111 1206 3151 es
1234 3095 1497 3163 mortuis;
1531 3104 1585 3150 et
1607 3109 1731 3149 eum

160 3200 520 3246 sacramentum
573 3191 844 3247 inm-iisin
894 3204 1124 3261 corpore
1172 3189 1280 3251 sit.
1332 3198 1731 3244 sacramentum

1827 1971 2010 2038 Jesus,
2040 1970 2121 2027 vel
2151 1984 2255 2025 non
2288 1968 2584 2026 secundum
2609 1977 3008 2024 sacramentum
3040 1966 3257 2038 pietatis
3284 1964 3430 2022 Deus

1827 2064 2066 2121 Verbum
2099 2063 2260 2119 homo
2282 2064 2526 2119 Christus
2554 2062 2710 2119 Jesus
2737 2071 2857 2127 est;
2892 2061 2963 2116 sit
2983 2061 3034 2116 in
3065 2067 3270 2115 natura:
3297 2072 3428 2115 con;

1832 2158 2126 2224 tumeliam,
2161 2157 2300 2228 quod
2329 2156 2381 2213 ei
2410 2157 2706 2213 secundum
2758 2171 2856 2212 nos
2899 2166 2953 2212 et
2979 2155 3140 2211 Pater
3158 2156 3341 2225 pater,
3374 2162 3431 2209 et

1831 2254 1972 2310 Deus
2001 2253 2144 2309 Deus
2171 2263 2273 2309 est.
2306 2251 2459 2321 Quod
2486 2251 2529 2307 si
2558 2251 2701 2307 Deus
2727 2250 2966 2307 Verbum
2994 2250 3157 2305 homo
3180 2246 3430 2304 Christus

1830 2349 1985 2405 .lesus
2016 2350 2158 2405 Deus
2210 2347 2445 2403 Verbum
2487 2361 2610 2402 esse
2661 2360 2767 2402 non
2817 2345 3060 2411 destitit;
3115 2344 3429 2399 communio

1832 2443 1991 2499 nobis
2017 2453 2069 2498 et
2093 2444 2167 2499 illi
2195 2443 2259 2498 ad
2289 2453 2494 2513 patrem
2520 2450 2574 2498 et
2601 2442 2769 2496 Deum
2802 2456 2866 2496 ex
2894 2456 2956 2495 ea
2983 2447 3189 2494 tantum
3221 2446 3303 2493 est
3334 2451 3432 2492 na-

1834 2549 1975 2604 tura,
2028 2540 2100 2613 (ε)
2125 2554 2227 2610 qua
2279 2537 2445 2593 frater
2480 2545 2564 2593 est
2592 2555 2606 2592 :
2635 2536 2758 2609 quia
2808 2535 3065 2589 adscendo
3111 2532 3179 2587 ad
3225 2540 3421 2603 patrem

1832 2649 2002 2688 meum
2028 2642 2074 2686 et
2118 2632 2187 2686 ad
2227 2643 2421 2702 patrem
2450 2642 2695 2697 vestrum,
2721 2639 2767 2683 et
2796 2628 2864 2682 ad
2892 2626 3056 2680 Deum
3078 2641 3270 2680 meum
3293 2633 3339 2678 et
3365 2624 3431 2678 ad

1838 2724 2001 2780 Deum
2049 2734 2290 2794 oestrum,
2338 2740 2444 2781 non
2479 2738 2574 2795 per
2605 2723 2680 2793 id,
2730 2720 2872 2794 quod
2922 2718 3236 2791 unigenitus
3287 2717 3432 2773 Deus
3511 2756 3517 2767 ι

1839 2822 2073 2877 Verbum
2115 2828 2218 2886 est,
2268 2819 2363 2876 sed
2398 2836 2491 2889 per
2518 2817 2594 2885 id,
2618 2814 2762 2887 quod
2795 2812 3030 2871 Verbum
3078 2826 3206 2868 caro
3232 2810 3432 2868 factum

1836 2926 1937 2986 est,
1972 2918 2042 2971 sit
2081 2914 2339 2972 fratribus
2369 2900 2692 2968 nuntiatum.

1908 3011 1997 3066 i7.
2020 3008 2227 3066 Christo
2251 3016 2305 3062 ut
2341 3005 2509 3063 Verbo
2532 3005 2620 3077 qui
2645 3014 2791 3076 pater
2806 3010 2905 3070 est,
2929 3010 2975 3057 et
2997 3009 3054 3056 ut
3073 3000 3199 3055 Jesu
3224 3008 3271 3055 et
3296 3015 3439 3056 servo

1838 3108 1983 3164 Deus
2012 3116 2182 3162 est.-—
2202 3103 2317 3160 Non
2342 3101 2570 3158 incautis
2597 3109 2776 3155 autem
2806 3112 2980 3168 neque
3005 3095 3071 3151 ad
3094 3095 3436 3153 occasionem

1839 3200 2132 3272 impietatis
2154 3197 2377 3254 incertis
2397 3193 2877 3266 significationibus
2904 3204 3084 3246 sermo
3107 3187 3439 3257 apostolicus

160 3299 343 3353 quoque
362 3285 715 3340 fraternitatis
757 3284 808 3338 in
840 3297 1003 3339 carne
1055 3290 1158 3337 est.
1207 3280 1424 3337 Fratres
1455 3283 1634 3351 itaque
1666 3296 1729 3336 ex

1841 3294 2096 3366 loquitur.
2126 3291 2199 3349 Ut
2227 3305 2369 3346 nunc
2396 3286 2738 3359 Evangelista
2768 3285 2969 3340 dictum
3002 3282 3213 3338 Domini
3244 3296 3272 3334 a
3304 3294 3435 3350 pro-

160 3391 296 3434 carnc
319 3391 437 3433 sunt
464 3379 616 3443 Deo;
648 3378 771 3449 quia
802 3386 856 3435 ει
885 3376 1124 3433 Verbum
1155 3390 1281 3432 caro
1315 3376 1511 3431 factum
1540 3383 1645 3440 est,
1676 3385 1733 3431 et

161 3467 388 3528 habitavit
407 3472 459 3528 in
489 3472 652 3528 nobis
678 3489 692 3528 :
721 3480 981 3527 caeterum
1006 3470 1316 3541 unigenitus
1340 3469 1502 3536 Deus,
1534 3470 1587 3525 in
1612 3469 1735 3526 uni-

161 3565 299 3634 geniti
317 3566 658 3637 exceptione,
687 3565 806 3621 sine
834 3564 1091 3621 fratribus
1113 3573 1215 3620 est.

219 3659 295 3716 i6.
334 3661 467 3717 Deus
495 3670 544 3717 et
588 3661 808 3731 propria
838 3671 885 3715 et
916 3661 1176 3715 communi
1217 3661 1416 3716 ratione
1441 3660 1634 3717 Christi
1660 3670 1735 3717 est

161 3761 301 3824 pater.
330 3782 397 3795 -—
427 3754 546 3827 Ipse
572 3762 777 3819 autem,
815 3753 1181 3809 univcrsitatis
1210 3764 1409 3810 nostrae
1440 3757 1492 3810 in
1517 3771 1577 3812 se
1604 3771 1737 3811 con-

162 3849 311 3907 tinens
333 3868 393 3909 ex
423 3854 607 3909 carnis
630 3851 1007 3922 assumptione
1029 3861 1298 3917 naturam,
1324 3861 1442 3908 erat
1463 3851 1607 3923 quod
1637 3866 1735 3909 nos

161 3956 339 4012 sumus,
368 3962 541 4018 neque
568 3946 829 4003 amiserat
852 3960 975 4001 esse
1004 3945 1146 4017 quod
1189 3953 1498 4012 manserat;
1533 3945 1738 4002 habens

162 4052 217 4094 ex
259 4041 523 4099 nativitate
574 4039 656 4115 (c)
707 4051 854 4108 tunc,
909 4049 966 4096 et
1017 4056 1083 4095 ex
1136 4040 1524 4096 constitutione
1572 4052 1732 4108 nunc,

162 4130 304 4189 Deum
329 4144 555 4207 patrem.
593 4134 901 4192 Secundum
935 4134 1379 4191 constitutionem
1413 4149 1576 4200 nunc,
1611 4136 1734 4206 quia

160 4238 213 4280 ex
239 4237 377 4297 patre
406 4230 516 4287 Deo
540 4231 748 4286 omnia.
782 4228 1045 4284 Omnibus
1091 4227 1235 4283 enim
1264 4228 1408 4284 Deus
1446 4237 1602 4300 pater
1628 4239 1734 4296 est,

162 4315 267 4374 dum
293 4336 357 4378 ex
380 4337 446 4379 eo
472 4333 527 4379 et
570 4324 624 4378 in
654 4337 719 4379 eo
744 4321 924 4377 omnia
956 4331 1101 4376 sunt.
1137 4320 1242 4377 Sed
1296 4323 1573 4392 unigenito
1605 4322 1733 4392 Deo,

160 4412 263 4484 quia
288 4413 523 4474 Verbum
556 4431 688 4475 caro
714 4416 909 4472 factum
937 4425 1040 4485 est,
1074 4430 1179 4471 non
1206 4414 1332 4472 hinc
1353 4422 1558 4471 tantum
1591 4426 1741 4488 pater

210 4528 278 4603 (Ι)
303 4531 598 4607 Corruptio.

1839 3386 2076 3443 fessioue
2104 3382 2329 3438 fratrum
2362 3381 2655 3451 incipiens,
2686 3379 2850 3434 totius
2885 3376 3012 3431 dicti
3047 3372 3438 3444 professionem

1839 3478 1905 3535 ad
1941 3477 2054 3549 ejus
2079 3484 2285 3532 natura:
2310 3474 2641 3530 consortium
2668 3471 2883 3535 docuit,
2922 3468 3000 3542 (f)
3033 3483 3100 3523 ex
3139 3482 3242 3539 qua
3274 3464 3441 3521 frater

1840 3582 1924 3630 est
1944 3615 1958 3639 ,
1988 3572 2282 3643 pertinere,
2315 3570 2438 3642 quia
2467 3581 2650 3625 sermo
2678 3573 2762 3622 est
2788 3564 3092 3621 destinatus
3116 3563 3183 3617 ad
3206 3560 3439 3616 fratres:

1840 3683 1910 3722 ne
1948 3665 2013 3721 ad
2049 3664 2346 3721 divinitatis
2384 3659 2768 3718 contumeliam
2808 3666 3169 3727 reputaretur,
3201 3651 3344 3724 quod
3371 3650 3440 3708 ad

1841 3768 2240 3817 sacramentum
2276 3757 2489 3828 pietatis
2527 3753 2950 3826 praedicabatur;
2980 3765 3101 3805 cum
3133 3745 3442 3803 communio

1840 3853 1909 3910 ad
1935 3869 2057 3910 eum
2090 3861 2273 3908 nostra
2294 3891 2307 3916 ,
2340 3865 2442 3922 qua
2472 3857 2622 3919 pater
2651 3848 2804 3903 nobis
2846 3857 2901 3901 et
2930 3844 3032 3899 sibi
3067 3850 3219 3913 pater
3247 3848 3360 3905 est,
3385 3848 3443 3895 et

1840 3947 1984 4003 Deus
2014 3946 2171 4001 nobis
2196 3955 2250 4001 et
2280 3944 2381 4000 sibi
2423 3944 2565 3998 Deus
2593 3950 2706 4006 est,
2744 3938 3041 3995 secundum
3081 3934 3441 4006 dispensatio-

1842 4056 1962 4096 nem
1984 4040 2163 4096 carnis
2205 4039 2521 4103 exsisteret,
2557 4035 2807 4092 fratribus
2850 4033 3007 4089 nobis
3048 4031 3113 4086 ad
3149 4044 3271 4086 eum
3305 4028 3441 4084 nati-

1840 4133 2005 4189 vitate
2022 4132 2265 4202 corporis
2278 4129 2617 4203 deputandis.
2641 4128 2811 4184 Nemo
2828 4127 2987 4197 igitur
3006 4124 3246 4195 ambigit,
3268 4123 3438 4179 Deum

1842 4239 2048 4300 patrem
2080 4242 2203 4283 esse
2227 4226 2391 4282 etiam
2422 4225 2592 4280 Deum
2615 4221 2827 4278 Domini
2853 4219 3019 4275 nostri
3045 4217 3173 4274 .lesu
3201 4215 3437 4272 Christi:

1841 4320 1937 4378 sed
1968 4320 2083 4377 haec
2113 4319 2195 4391 pia
2225 4328 2405 4375 nostra
2450 4316 2713 4388 professio
2742 4312 2846 4369 non
2879 4322 3027 4386 patet
3054 4309 3119 4365 ad
3148 4308 3443 4381 impietatis

1841 4417 2204 4474 occasionem.
2240 4415 2379 4472 Deus
2410 4413 2526 4486 ejus
2560 4419 2651 4469 ἐει
2681 4428 2694 4466 :
2730 4425 2836 4466 non
2884 4406 3117 4474 idcirco,
3146 4411 3206 4460 ut
3243 4402 3442 4459 diversi

218 4623 287 4695 (a)
319 4626 450 4681 Editi
473 4642 598 4684 cum
634 4625 875 4696 pluribus
903 4624 1137 4696 scriptis,
1172 4625 1455 4693 corruptio.
1488 4621 1738 4696 Auctori-
1763 4628 1818 4690 D
1843 4624 2064 4678 euadunt
2112 4624 2549 4689 constitutionem,
2598 4622 2721 4696 quia
2761 4636 2858 4696 εξε-
2873 4618 3027 4696 Patre
3073 4616 3184 4673 Deo
3227 4616 3398 4671 omnia
3427 4632 3441 4670 :

162 4700 250 4750 tate
264 4712 386 4754 mss.
406 4694 785 4767 Optimaznotm
800 4694 1032 4764 Martia,
1050 4696 1227 4764 Colb.,
1250 4697 1459 4766 Retuig.
1484 4694 1733 4751 etGerm.

160 4768 467 4836 preferimus
488 4770 785 4836 corporalia
806 4786 824 4824 :
849 4785 969 4827 unm
992 4785 1093 4824 vox
1114 4785 1176 4823 ex
1199 4769 1428 4824 adverso
1449 4769 1739 4836 opponitur

159 4840 347 4914 spiritus
371 4839 657 4909 vocabulo,
685 4856 792 4914 quo
814 4850 1060 4897 naturam
1086 4841 1323 4896 divinam
1345 4841 1483 4895 solet
1507 4839 1737 4895 Hilarius

158 4910 460 4980 significare.
703 4910 716 4914 ⁷
753 4930 757 4933 '

219 4981 289 5057 (ὁ)
316 4984 446 5041 ltlud
474 5002 539 5040 ea:
563 4986 791 5058 inferno,
825 5000 930 5040 non
961 4983 1028 5039 ad
1061 4983 1379 5039 vocabulum
1411 4984 1610 5058 carnis,
1640 4980 1735 5058 sed

159 5052 233 5135 9d;
263 5052 346 5124 per
378 5074 431 5135 se
478 5052 827 5135 referendum
860 5065 996 5135 est;
1032 5066 1089 5111 ιιι
1111 5069 1216 5135 non
1240 5069 1390 5123 caro,
1422 5055 1517 5135 sed
1542 5056 1656 5135 ipse
1681 5055 1732 5107 in

159 5124 348 5184 inferno
376 5128 558 5185 fuerit.
593 5128 661 5186 Ut
686 5130 828 5184 enim
860 5128 1086 5198 legimus
1112 5128 1206 5184 lib.
1242 5143 1294 5184 x.
1331 5144 1386 5181 n.
1417 5126 1488 5182 65
1517 5144 1530 5181 :
1566 5124 1738 5198 Num-

158 5199 262 5271 quid
289 5201 612 5256 descendisse
639 5200 708 5255 ad
749 5196 942 5271 inferos
979 5217 1195 5270 corpus,
1243 5198 1381 5269 quod
1415 5201 1469 5252 in
1502 5196 1736 5271 sepulcro

152 5270 314 5341 jacuit,
349 5272 546 5327 dicetur
569 5274 596 5327 ?
617 5273 787 5328 Antea
807 5268 974 5328 voces
1007 5268 1095 5341 per
1118 5288 1171 5326 se
1194 5268 1300 5326 nun
1324 5272 1496 5325 minus
1521 5268 1588 5323 ad
1612 5284 1735 5341 vero

158 5340 266 5415 bum
296 5353 575 5415 assumpta:
624 5346 924 5415 pertinent,
975 5339 1132 5414 quam
1168 5342 1247 5415 ad
1299 5339 1737 5415 viviﬁcataszeo

159 5412 284 5485 enim
314 5414 563 5470 Christus
596 5412 793 5472 vermis
831 5412 1045 5478 dicitur,
1088 5414 1209 5485 quia
1258 5412 1583 5485 caro'ipsius
1614 5426 1737 5480 pro-

161 5483 257 5553 pria
276 5486 473 5543 virtute
494 5487 563 5541 de
584 5489 787 5555 virgine
813 5483 1237 5557 eonceptaﬁpso
1258 5499 1323 5540 ex
1348 5483 1536 5541 inferis
1561 5499 1739 5539 emer-

159 5567 301 5631 gente
330 5560 547 5631 propria
576 5561 739 5615 etiam
769 5559 965 5621 virtute
991 5560 1256 5614 viviticata
1285 5567 1387 5613 est.

220 5629 284 5702 (c)
314 5629 483 5697 Editi,
513 5642 744 5695 excepto
772 5631 926 5698 Bad.,
957 5641 1077 5687 tunc
1100 5641 1297 5701 patrem
1315 5637 1513 5684 tantum
1526 5645 1591 5684 ea:
1609 5645 1735 5684 con-

157 5700 401 5757 stitutione
430 5718 449 5757 :
496 5712 612 5758 tum
650 5703 741 5759 Er.
776 5719 913 5758 nunc
952 5700 1116 5758 Deum
1145 5713 1193 5758 et
1224 5711 1420 5766 patrem
1450 5713 1648 5755 tantum
1678 5717 1742 5756 ea:

160 5775 696 5847 constitutioneLnunc
719 5774 909 5839 Deum,
951 5778 1072 5847 quia
1117 5791 1179 5830 ea:
1209 5774 1312 5847 Deo
1343 5785 1489 5846 patre
1528 5776 1697 5828 omnia
1721 5789 1741 5828 :

163 5842 292 5916 bips.
320 5842 549 5916 sublatis
574 5849 847 5916 prioribus
886 5842 1065 5916 verbis
1105 5842 1578 5916 retintritlftantum
1604 5854 1741 5913 nunc

166 5906 311 5974 Dium
336 5911 459 5991 quia
490 5930 555 5974 ea:
575 5906 696 5975 "Deo
725 5910 869 5991 patre
898 5908 1068 5977 cauda
1099 5930 1116 5975 ι
1152 5909 1271 5974 l‘ar.
1305 5928 1440 5974 nunc
1478 5915 1636 5973 Deam
1662 5910 1742 5973 εει

1844 4697 1996 4752 valde
2043 4696 2388 4766 perturbate,
2435 4705 2490 4749 et
2537 4691 2781 4749 confuse.
2818 4691 3152 4766 Emendatur
3195 4705 3264 4745 ex
3309 4703 3441 4766 mss.

1842 4767 1967 4823 Vult
2010 4760 2174 4838 porro
2228 4767 2481 4827 llilarius.
2516 4766 2786 4821 Cbrisum
2833 4763 3084 4819 habuisse
3130 4771 3277 4822 tunc,
3321 4760 3440 4822 scil.

1841 4853 1965 4895 ante
1989 4855 2148 4911 quam
2171 4854 2298 4894 caro
2322 4838 2496 4911 fieret,
2526 4854 2589 4892 ex
2621 4838 2926 4911 nativitate,
2955 4849 3114 4907 quem
3150 4847 3291 4888 nunc
3315 4846 3446 4911 care

1841 4903 2024 4968 factus
2034 4927 2099 4966 ex
2127 4909 2514 4964 constitutione
2542 4909 2721 4973 carnis
2738 4907 2897 4963 habet
2925 4903 3060 4961 nova
3091 4914 3145 4960 et
3165 4903 3441 4959 communi

1841 4985 2123 5039 nobiseum
2156 4982 2363 5037 ratione
2404 4982 2573 5035 Deum
2618 4989 2847 5050 patrem.
2876 4978 3042 5034 Paulo
3072 4977 3229 5031 aliter
3257 4976 3308 5029 in
3338 4989 3440 5031 ms.

1844 5055 1960 5109 Vat.
1994 5056 2109 5108 bas.
2144 5055 2222 5109 sic
2254 5054 2431 5122 legere
2462 5064 2566 5117 est,
2597 5052 2785 5106 habens
2814 5067 2878 5105 ea:
2912 5050 3176 5122 nativitate
3200 5059 3321 5101 tunc
3350 5062 3443 5115 pa-

1842 5136 1967 5182 trem
2003 5136 2233 5189 lantum,
2266 5120 2330 5180 ea}
2356 5125 2717 5179 constitutione
2747 5140 2880 5177 nunc
2909 5120 3079 5177 Deum
3118 5129 3166 5175 et
3202 5127 3400 5192 patrem
3423 5132 3443 5192 ς

1843 5208 2041 5253 tantum
2089 5215 2152 5253 ea:
2195 5185 2555 5252 constitutione
2584 5212 2720 5249 nunc
2748 5192 2947 5258 Deum,
2991 5193 3135 5264 quia,
3186 5185 3315 5250 etc..
3351 5185 3443 5242 ubi

1843 5280 2174 5342 postremum
2207 5270 2505 5324 membrum
2553 5267 2822 5342 uonnibil_
2847 5275 3045 5342 pugnat
3072 5279 3192 5342 cuiu
3242 5273 3440 5342 praece-

1840 5331 2005 5400 dente
2032 5361 2044 5397 :
2074 5343 2213 5397 sicut
2237 5352 2286 5397 ει
2313 5343 2542 5411 primum
2569 5355 2689 5395 eum
2704 5331 2892 5394 verbis
2918 5331 3065 5391 num.
3103 5333 3306 5411 15.nubi
3327 5331 3439 5401 jam

1840 5415 2147 5470 audivimus
2176 5405 2452 5484 unigenito
2485 5413 2594 5469 Deo
2634 5420 2756 5467 ante
2786 5425 3000 5466 carnem
3031 5421 3152 5465 esse
3192 5405 3361 5459 Deum
3390 5412 3443 5458 et

1841 5496 2052 5561 patrem
2082 5487 2375 5542 nativitatis
2402 5501 2537 5540 sum.

1912 5581 1998 5655 (ά)
2043 5581 2121 5655 Ita
2168 5596 2269 5636 ms.
2315 5578 2385 5636 At
2412 5579 2566 5655 editi,
2594 5593 2684 5651 per
2709 5574 2764 5630 id
2791 5575 2842 5630 in
2873 5572 3040 5638 nobis,
3069 5585 3190 5626 mox
3223 5568 3443 5641 pra-fisa

1844 5648 2105 5728 particula
2132 5654 2255 5708 dum
2276 5662 2402 5708 ante
2429 5648 2568 5706 Deus
2594 5648 2697 5704 est.

1916 5752 1991 5824 (c)
2015 5750 2139 5808 Vat.
2171 5750 2286 5805 bas.
2314 5755 2371 5804 ει
2399 5746 2598 5817 aliquot
2626 5745 2712 5798 alii
2743 5757 2870 5795 mss.
2910 5755 3015 5810 qua
3036 5739 3187 5793 homo
3211 5746 3307 5792 est.

1845 5842 2070 5975 Μοᾷιῗιη
2098 5842 2346 5916 vulgatis,
2371 5845 2433 5898 ea:
2452 5847 2573 5913 quo.
2604 5836 2822 5897 Rectius
2844 5840 2900 5894 in
2926 5844 3057 5894 mss.
3084 5850 3148 5891 ea:
3176 5845 3298 5906 qua.
3323 5831 3444 5891 scil.

1885 5929 1934 5975 ..ι
2008 5928 2057 5972 at

1885 5928 2057 5975 Μυτιῐὸ
