3996 6330
148 336 239 392 ~il3

1351 334 1438 399 DE
1479 334 1851 403 TRINITA'I‘E
1892 338 2098 401 LIBER
2139 341 2229 401 XI.

3310 347 3415 403 4H

210 451 284 509 19.
311 447 386 513 De
418 448 579 505 l’erbo
598 448 733 507 idem
753 448 946 513 dictum
967 451 1137 521 inquit
1157 451 1399 522 intelligi.
1421 450 1552 515 Cum
1570 452 1719 511 nulla
1746 454 1794 519 Α
1822 456 1893 514 ob
1932 472 2095 528 quam
2140 475 2169 519 a
2212 460 2325 519 Deo
2372 477 2474 519 suo
2515 477 2626 533 prae
2674 462 3025 536 participibus
3079 463 3323 532 ungitur;
3368 475 3424 522 et

146 540 266 607 illius
290 546 351 605 sit
376 561 556 607 musa.
586 540 714 601 Cum
743 552 928 601 unctus
950 545 1017 605 sit
1047 556 1232 605 natura
1259 541 1424 607 Deus,
1447 573 1519 587 _.
1541 543 1715 602 cape.

145 654 246 707 ruin
271 653 388 699 cum
420 638 474 695 itt
502 636 767 708 principio
786 636 927 708 apud
948 635 1117 695 Deum
1142 646 1261 695 erat
1285 638 1430 695 Deus
1452 637 1711 704 Verbum,

144 752 235 799 non
253 734 410 797 habet
425 732 586 791 ullam
617 740 709 791 aut
737 746 955 789 causam
984 740 1079 791 aut
1105 733 1502 793 enarrationem
1525 731 1599 805 (a)
1620 747 1717 791 na-

143 842 259 891 tura:
301 828 419 898 ejus
462 826 675 896 unctio,
724 842 846 899 quas
891 825 1023 883 nihil
1069 827 1215 884 aliud
1272 844 1432 899 quam
1475 843 1597 887 esse
1659 828 1713 884 in

141 922 387 997 principio
433 922 732 983 nuntiatur.
764 921 950 991 Neque
994 921 1183 977 habuit
1209 937 1341 979 sane
1368 921 1451 994 (l)
1480 920 1714 993 ungendi

139 1032 190 1075 se
226 1030 314 1084 per
339 1013 592 1086 spiritum
625 1022 681 1071 et
706 1014 959 1071 virtutem
992 1012 1089 1068 Dei
1119 1014 1499 1070 necessitatem
1534 1013 1712 1069 Deus:

139 1112 214 1183 qui
240 1109 329 1169 Dei
356 1118 410 1166 ct
434 1107 667 1178 Spiritus
686 1116 832 1169 esset
857 1117 912 1164 et
936 1106 1141 1165 Virtus.
1168 1105 1396 1177 Ungitur
1418 1121 1550 1177 ergo
1572 1106 1715 1161 Deus

137 1220 162 1263 a
185 1203 286 1259 Deo
306 1215 406 1261 suo
431 1214 546 1271 prin
569 1199 916 1259 consortibus
941 1199 1076 1255 suis.
1107 1198 1176 1254 Et
1205 1198 1250 1257 si
1283 1206 1409 1255 ante
1436 1198 1717 1268 dispensa-

137 1294 314 1355 tionem
342 1293 525 1359 carnis
558 1293 744 1364 plures
784 1307 853 1349 ex
882 1293 1002 1363 lege
1039 1299 1168 1351 sunt
1205 1290 1440 1357 Christi;
1468 1290 1717 1347 Christus

134 1402 275 1457 nunc,
305 1388 398 1459 qui
424 1400 538 1458 prte
566 1385 917 1457 participibus
937 1384 1177 1456 ungitur,
1205 1384 1476 1454 posterior
1500 1384 1556 1439 in
1579 1393 1715 1441 tem-

132 1498 247 1555 pore
262 1490 367 1549 est,
390 1480 520 1551 dum
540 1477 722 1545 'unctis
747 1480 1095 1552 participibus
1116 1479 1441 1537 antefertur.
1471 1480 1715 1551 Denique

131 1576 211 1631 ille
246 1573 544 1647 prophetize
579 1589 764 1633 sermo
792 1573 1154 1646 posteriorem
1180 1574 1490 1633 unctionem
1538 1573 1711 1640 hanc,

130 1684 234 1740 quas
259 1669 309 1725 in
338 1677 585 1738 tempore
610 1677 777 1736 esset,
812 1667 1051 1727 ostendit
1073 1666 1261 1725 dicens
1288 1685 1302 1722 :
1332 1665 1575 1729 Dite/sisti
1593 1670 1715 1741 jus-

127 1762 302 1827 titiam,
332 1770 383 1815 et
409 1760 564 1825 odisti
589 1744 940 1828 iniquitatem;
969 1768 1240 1833 propterea
1266 1760 1413 1817 unxit
1436 1768 1514 1828 te,
1547 1758 1709 1826 Deus,

1819 558 2132 620 prepterett,
2185 555 2308 625 quia
2353 554 2618 624 justitiam
2667 556 2920 613 dilexerit
2965 566 3019 612 et
3074 556 3418 628 iniquitatem

1817 646 2023 715 oderit,
2072 658 2301 717 ungatur
2329 671 2344 707 ε
2376 666 2473 707 cur
2518 653 2797 724 propheta:
2839 668 3023 709 sermo
3053 669 3157 713 non
3189 656 3255 709 ad
3284 669 3419 721 .eam

1817 736 2017 801 Christi
2047 750 2293 799 naturam
2325 744 2632 813 pertinebit,
2667 744 2720 799 in
2747 759 2849 814 qua
2894 744 2945 801 ei
2984 753 3114 803 sunt
3149 761 3215 801 ex
3241 748 3421 803 carnis

1816 832 2189 902 assumptione
2235 835 2567 904 participes?
2595 851 2718 893 cum
2749 836 3044 907 praesertim
3084 836 3154 893 ita
3186 835 3418 909 se'pro-

1817 925 2014 996 phelizc
2051 926 2285 997 Spiritus
2336 929 2752 998 temperaverit,
2793 938 2852 985 ut
2899 929 3024 991 dum
3061 929 3201 989 Deus
3243 944 3275 987 a
3306 930 3418 987 Deo

1817 1032 1919 1074 suo
1950 1020 2189 1088 ungitur,
2217 1020 2287 1077 sit
2308 1020 2358 1081 ei
2386 1029 2442 1076 et
2467 1022 2519 1077 in
2545 1020 2949 1091 dispensatione
2981 1020 3252 1081 unctionis
3272 1023 3416 1093 quod

1819 1110 1965 1169 Deus
1985 1126 2114 1171 suus
2132 1122 2236 1180 est,
2258 1122 2313 1169 et
2340 1115 2393 1171 in
2423 1123 2612 1173 natura
2640 1114 2781 1183 quod
2802 1113 2944 1170 Dens
2961 1122 3063 1170 est.
3092 1114 3234 1171 Deus
3255 1115 3419 1185 igitur

1820 1202 2041 1274 ungitur
2071 1220 2086 1261 ι
2126 1204 2223 1269 sed
2251 1219 2440 1276 quaero
2481 1220 2548 1263 an
2580 1204 2664 1270 id,
2693 1204 2836 1274 quod
2881 1204 2933 1261 in
2967 1204 3230 1276 principio
3277 1207 3417 1265 Deus

1818 1307 1935 1355 erat
1965 1295 2237 1366 Verbum,
2268 1308 2490 1361 unctum
2521 1298 2641 1354 sit?
2669 1296 2784 1361 Non
2827 1298 3038 1368 utique:
3076 1313 3199 1359 nam
3238 1310 3419 1369 poste-

1817 1395 1928 1455 rior
1955 1395 2068 1453 Deo
2096 1398 2276 1453 unctio
2304 1406 2407 1454 est.
2452 1397 2666 1455 Etcum
2706 1410 2812 1452 nou
2843 1410 2905 1455 ea
2941 1395 3100 1453 Verbi
3129 1396 3377 1453 natit'itas
3398 1438 3414 1463 ,

1817 1491 1960 1561 quod
1982 1491 2036 1549 in
2059 1491 2324 1562 principio
2343 1490 2484 1562 apud
2515 1492 2680 1549 Deum
2699 1489 2844 1549 Deus
2865 1498 3004 1555 erat,
3029 1488 3111 1560 (ά)
3132 1498 3292 1547 uncta
3314 1491 3413 1556 sit;

1817 1584 1870 1641 id
1901 1585 1954 1641 iu
1986 1583 2101 1641 Deo
2129 1598 2353 1643 necesse
2380 1590 2466 1643 est
2490 1593 2743 1654 ungatur.
2776 1581 2919 1653 quod
2951 1581 3221 1650 poSterins
3255 1582 3327 1639 sit
3363 1583 3415 1636 in

1815 1674 2220 1746 dispensatione
2247 1690 2352 1746 qua
2384 1676 2524 1735 Deus
2551 1686 2655 1733 est.
2687 1675 2753 1731 Et
2793 1688 2916 1730 cum
2948 1673 3091 1733 Deus
3118 1689 3147 1727 a
3178 1673 3291 1729 Deo
3317 1689 3416 1735 suo

1816 1770 2062 1841 ungitur;
2092 1770 2145 1827 id
2174 1770 2411 1849 ungitur,
2430 1769 2688 1841 quidquid
2706 1768 2777 1829 ab
2797 1783 2864 1826 eo
2889 1769 2941 1833 in
2962 1768 3221 1840 mysterio
3237 1770 3418 1830 carnis

128 1851 249 1915 Deus
274 1861 395 1913 tuus
419 1851 531 1915 aleo
552 1852 911 1915 exsultationt's
937 1867 1046 1922 pne
1064 1852 1385 1909 consortibus
1405 1853 1505 1907 tuis
1526 1852 1703 1926 (Psal.
1739 1863 1785 1923 Β
1811 1862 2010 1923 senile
2034 1871 2346 1933 susceptum
2377 1872 2479 1921 θει,

126 1964 250 2015 ων,
294 1947 378 2020 8).
427 1946 782 2018 Consequens
825 1957 883 2007 et
917 1950 1187 2020 posterior
1214 1962 1377 2015 causa
1411 1964 1702 2019 numquam

125 2041 413 2103 reret-turus
431 2042 582 2113 prior
604 2042 677 2101 sit
703 2058 716 2107 ;
749 2043 871 2114 quia
903 2043 1167 2109 inertiisse
1190 2042 1415 2114 aliquid.
1439 2044 1709 2113 Posterius

124 2146 215 2205 est,
240 2151 398 2211 quam
429 2150 553 2201 esse
595 2136 685 2209 qui
718 2137 887 2206 possit
919 2136 1139 2197 mereri.
1171 2134 1362 2197 Mercri
1402 2138 1546 2194 enim
1587 2138 1707 2208 eius

128 2239 229 2297 est,
257 2230 339 2308 qui
389 2229 490 2299 sibi
521 2230 622 2301 ipsi
653 2230 832 2291 meriti
876 2230 1193 2298 acquirendi
1229 2239 1416 2289 auctor
1456 2230 1702 2291 exsistat.

127 2324 179 2389 Si
201 2325 351 2399 ἰδίων
380 2324 643 2387 nativitati
669 2324 932 2398 unigetiiti
959 2324 1056 2387 Dei
1086 2324 1396 2387 unctionem
1426 2324 1708 2396 deputabi-

121 2438 244 2495 tntts,
273 2438 400 2499 qua:
420 2422 605 2481 unctio
629 2421 969 2487 oblmeritum
1001 2421 1215 2479 dilectae
1239 2420 1463 2493 iustitiae
1489 2428 1547 2476 et
1574 2436 1703 2493 per-

120 2533 217 2581 osa:
286 2518 591 2592 iniquitatis
639 2517 842 2587 indulta
899 2518 1004 2584 sit;
1060 2526 1347 2588 Promotus
1389 2516 1570 2589 potius
1608 2530 1709 2586 per

122 2613 413 2679 unctionem
456 2611 766 2687 unigenitus
794 2610 958 2683 Deus,
991 2624 1153 2687 quam
1182 2609 1399 2680 genitus
1444 2607 1710 2678 intellige-

121 2713 233 2761 tur:
258 2705 483 2783 iamque
511 2720 603 2776 per
640 2705 975 2777 incrementa
1004 2714 1060 2760 et
1084 2702 1359 2771 prolectus
1390 2702 1534 2761 Deus
1575 2716 1708 2761 con-

117 2796 476 2865 summabitur,
510 2796 600 2866 qui
622 2811 730 2871 pou
764 2804 924 2861 natus
944 2795 1089 2853 Deus
1117 2796 1211 2863 sit,
1232 2794 1329 2857 sed
1355 2793 1410 2850 iu
1436 2794 1611 2855 Deum
1635 2794 1708 2853 sit

118 2896 288 2955 unctus
314 2903 389 2953 ex
414 2887 644 2961 merito;
676 2886 862 2961 etiam
886 2901 982 2958 per
1002 2900 1219 2947 causam
1243 2885 1346 2942 erit
1374 2885 1518 2945 Deus
1553 2885 1709 2941 Chri-

119 2991 240 3049 stus,
264 2989 317 3045 et
352 2995 466 3043 non
488 2980 665 3045 omnis
689 2994 855 3043 causa
884 2994 979 3051 per
1002 2978 1172 3037 Deum
1201 2976 1597 3043 Christum..Et
1618 2977 1708 3047 ubi

116 3072 230 3131 illud
244 3071 491 3146 Aposwli
514 3073 650 3137 erit;
678 3072 864 3139 Omnia
887 3071 1157 3149 perm
1175 3071 1418 3147 ipsum,“
1438 3071 1490 3135 in
1506 3071 1641 3149 ipso,
1660 3079 1708 3143 et

121 3169 215 3237 ipse
249 3177 319 3235 est
349 3177 476 3237 ante
489 3170 683 3231 omnes,
700 3176 750 3239 et
775 3166 948 3229 omnia
963 3165 1063 3233 ipsi
1082 3175 1317 3225 constant
1343 3160 1563 3243 (Colore.
1583 3180 1623 3231 ιε
1646 3162 1708 3221 l6

1880 1955 1972 2010 20.
2008 1953 2270 2029 Quatenus
2317 1954 2461 2009 nobis
2498 1954 2565 2021 sit
2604 1969 2723 2013 cum
2761 1951 2966 2019 Christo
3004 1953 3315 2013 communio.
3346 1983 3417 1996 -—-

1807 2046 1980 2113 Netue
2007 2047 2168 2117 igitur
2198 2060 2408 2117 magum
2429 2046 2645 2117 pietatis
2672 2055 3098 2114 sacramentum,
3126 2046 3270 2127 quod
3302 2062 3416 2101 ma.

1809 2140 2121 2205 nitestatum
2165 2142 2217 2209 in
2253 2154 2417 2207 carne
2446 2147 2561 2207 est,
2596 2154 2761 2203 sensu
2788 2138 2955 2210 impio
2990 2137 3186 2207 violet,
3227 2153 3328 2197 nec
3353 2155 3417 2197 se

1809 2234 2092 2304 quisquam
2125 2231 2413 2304 Unigenito
2444 2247 2539 2304 lter
2562 2232 2915 2303 substantiam
2943 2230 3240 2299 divinitatis
3261 2246 3415 2289 exan-

1808 2336 1957 2400 quet.
1998 2328 2080 2385 Sit
2107 2326 2264 2391 nobis
2304 2328 2394 2391 ille
2430 2335 2487 2383 et
2512 2326 2679 2385 frater
2715 2337 2772 2383 et
2807 2326 3078 2398 particeps
3114 2324 3409 2391 secundum

1809 2418 1953 2492 quod
1984 2419 2219 2489 Verbum
2249 2434 2377 2487 caro
2404 2418 2604 2477 factum
2634 2417 2895 2485 habitavit
2921 2417 2973 2486 in
3000 2416 3189 2487 nobis,
3218 2431 3413 2473 secun-

1809 2516 1938 2575 dum
1963 2514 2107 2584 quod
2136 2513 2398 2585 Mediatpr
2424 2513 2523 2581 Dei
2551 2521 2713 2584 atque
2751 2511 3027 2581 hominum
3062 2511 3226 2569 homo
3252 2509 3412 2575 Iesus

1809 2607 2060 2667 Christus
2080 2616 2183 2671 est.
2212 2606 2295 2663 Sit
2316 2606 2473 2671 nobis
2493 2605 2791 2669 secundum
2818 2620 3008 2671 servos
3034 2613 3089 2659 et
3109 2604 3412 2671 communis

1808 2711 1964 2775 pater
1989 2710 2047 2765 et
2068 2703 2373 2771 communis
2403 2702 2545 2765 Deus
2574 2718 2589 2755 :
2621 2709 2680 2757 et
2710 2717 2820 2775 prae
2841 2700 3201 2775 participibus
3223 2709 3415 2755 unctus

1809 2797 1882 2859 sit
1908 2797 1963 2863 in
2010 2812 2074 2861 ea
2120 2807 2344 2863 natura,
2390 2810 2515 2855 cum
2563 2795 2844 2867 privilegio
2886 2795 3016 2857 licet
3058 2804 3281 2859 unctus,
3310 2807 3415 2867 qua

1811 2889 2102 2962 participes
2141 2896 2436 2959 unguntur.
2470 2888 2552 2947 Sit
2586 2887 2642 2944 in
2677 2887 2987 2957 Mediatoris
3033 2894 3410 2953 sacramento,

1807 2980 1976 3066 339
2005 2990 2064 3037 ut
2100 2980 2265 3037 homo
2308 2994 2501 3047 verus,
2530 2979 2602 3041 ita
2629 2988 2684 3043 et
2710 2978 2856 3039 Deus
2886 2993 3070 3053 verus,
3114 2978 3257 3049 Deus
3295 2978 3415 3047 ipse

1811 3090 1876 3128 ex
1926 3072 2078 3145 Deo,
2128 3086 2473 3132 communem
2528 3072 2809 3131 nobiscum
2854 3072 3063 3141 habens
3114 3080 3317 3144 patrem
3360 3081 3417 3129 et

1814 3167 1984 3229 Deum
2013 3166 2065 3237 ip
2096 3181 2160 3229 ea
2192 3166 2574 3237 communione
2601 3181 2704 3238 qua
2730 3163 2898 3225 frater
2923 3175 3027 3235 est.

118 3271 157 3314 et
184 3262 312 3333 i7)?
343 3263 493 3318 Deus
522 3259 668 3323 enim
712 3260 976 3331 Dominus
1003 3259 1161 3323 Jesus
1190 3258 1468 3331 Christus,
1501 3275 1607 3327 non
1638 3259 1709 3319 ob
1737 3262 1783 3327 C
1885 3261 1978 3321 21.
2022 3260 2309 3333 Subjectio,
2338 3261 2483 3334 regni
2512 3260 2737 3327 traditio,
2764 3270 2809 3319 et
2837 3260 2956 3339 ﬁnis
2985 3258 3314 3329 objiciuntur.
3342 3288 3414 3300 —

114 3356 295 3431 aliqua,
331 3372 514 3431 neque
563 3372 659 3429 per
686 3356 866 3426 aliqua
913 3355 1055 3421 Deus
1095 3362 1209 3423 est;
1239 3352 1338 3409 sed
1378 3353 1520 3409 Deus
1552 3364 1712 3415 natus

112 3461 203 3515 est.
229 3452 290 3509 Et
317 3452 414 3522 qui
445 3466 509 3511 es
538 3449 891 3525 generatione
925 3448 1071 3511 Deus
1092 3455 1197 3515 est,
1230 3461 1336 3502 non
1369 3456 1490 3516 post
1517 3446 1712 3507 natiii-

115 3552 261 3603 tatem
287 3545 340 3600 in
376 3544 549 3600 Deum
579 3557 676 3623 per
701 3556 922 3613 causam
948 3540 1178 3612 profecit
1209 3556 1222 3593 :
1251 3539 1345 3594 sed
1374 3538 1426 3594 in
1453 3554 1539 3617 eo,
1565 3540 1710 3613 quod

113 3647 252 3693 natus
281 3649 402 3702 est,
436 3636 570 3703 pibil
609 3634 753 3695 aliud
784 3633 863 3708 (ὁ)
905 3644 986 3689 est
1014 3633 1312 3701 nascendo,
1358 3646 1517 3703 quam
1566 3632 1711 3707 Deus

111 3739 201 3786 est.
248 3730 390 3785 Cum
439 3745 569 3786 vero
616 3730 837 3800 ungitur
882 3744 950 3782 ex
980 3742 1179 3793 causa;
1214 3741 1319 3781 non
1348 3726 1415 3781 ad
1445 3726 1496 3781 id
1518 3768 1531 3789 ,
1564 3726 1709 3796 quod

113 3825 440 3881 incremento
458 3839 565 3879 non
592 3834 736 3894 eget,
774 3823 847 3894 (e)
874 3828 1085 3891 spectat
1106 3820 1379 3885 unctionis
1408 3819 1706 3891 profectus,

110 3917 193 3971 sed
210 3918 273 3973 ad
296 3919 375 3986 id,
404 3917 546 3990 quod
577 3933 670 3980 per
691 3916 1085 3972 incrementum
1107 3914 1433 3969 sacramenti
1461 3912 1708 3985 profectu

111 4012 245 4080 eguit
264 4011 564 4081 unctionis,
592 4008 644 4065 id
671 4017 775 4081 est,
799 4016 861 4077 ut
886 4022 983 4087 per
1004 4007 1316 4073 unctionem
1339 4005 1708 4075 sanctiﬁcatus

111 4102 259 4159 homo
284 4114 478 4160 noster
505 4100 754 4159 Christus
780 4101 1092 4157 exsisteret.
1124 4099 1181 4155 Si
1210 4100 1373 4170 igitur
1403 4114 1546 4154 nunc
1572 4114 1710 4170 quo-

109 4211 204 4268 que
246 4214 344 4271 per
379 4196 701 4270 prophetam
731 4194 876 4252 servi
912 4193 1248 4264 dispensatio
1278 4192 1707 4267 demonstratur,

174 4337 222 4411 (l
281 4337 589 4411 linquendi.
618 4336 708 4391 Sic
734 4345 786 4390 et
813 4334 961 4391 alibi.
992 4350 1159 4407 ungeo
1184 4348 1281 4405 pro
1310 4349 1470 4405 ungo.

167 4340 250 4484 (Si
287 4411 485 4468 Codex
514 4408 715 4481 Veron.
759 4418 1066 4475 retractare;
1094 4405 1174 4461 sic
1203 4405 1341 4461 infra
1371 4405 1470 4459 hab

1813 3356 1921 3413 Sed
1969 3356 2110 3421 forte
2155 3355 2417 3427 subiectio
2468 3355 2582 3429 illa,
2632 3354 2891 3429 regnique
2922 3353 3174 3425 traditio,
3218 3352 3416 3419 deinde

1814 3447 1940 3517 linis
1960 3490 1976 3517 ,
2008 3456 2102 3513 aut
2139 3460 2343 3505 natura:
2384 3448 2605 3509 abolitio
2634 3459 2724 3502 aut
2760 3448 3043 3521 potestatis
3067 3446 3296 3505 defectio
3325 3456 3418 3509 aut

1814 3542 2108 3613 divinitatis
2156 3541 2438 3617 iniit-initas
2482 3544 2550 3613 sit
2582 3542 2950 3615 intelligenda.
2992 3541 3241 3618 Plerique
3271 3542 3413 3599 enim

1817 3638 1889 3695 ita
1922 3636 1996 3717 (θ)
2025 3637 2248 3705 Volunt.
2279 3646 2340 3707 ιιι
2382 3647 2476 3709 aut
2519 3636 2646 3699 dum
2692 3636 2953 3708 subjectis
3004 3636 3258 3701 amnibus
3305 3636 3416 3705 Duo

1815 3731 2131 3801 subjicitur,
2182 3748 2278 3801 per
2319 3731 2685 3787 conditionem
2729 3731 3079 3800 subiectionis
3130 3731 3268 3785 Deus
3309 3744 3414 3785 non

1815 3825 1917 3890 sit;
1944 3836 2036 3878 aut
2079 3826 2205 3879 dttm
2254 3840 2478 3895 regnum
2514 3823 2708 3885 tradit,
2743 3839 2848 3878 non
2894 3823 2966 3878 sit
3006 3824 3059 3877 in
3089 3837 3295 3893 regno;
3325 3832 3417 3877 aut

1815 3916 1941 3973 dum
1976 3917 2095 3973 linis
2123 3926 2224 3982 est,
2257 3916 2416 3975 linem
2447 3916 2564 3993 ejus
2587 3916 2819 3985 deiectio
2850 3906 3234 3987 consequatur.

1886 4007 1975 4061 22.
2021 4008 2385 4080 Respondendi
2410 4008 2614 4065 modus.
2637 4039 2710 4050 ——
2732 4007 3042 4085 Cpngrttum
3086 4007 3264 4087 itaque
3295 4014 3412 4073 est,

1814 4116 2032 4158 omnem
2089 4100 2157 4174 (f)
2202 4118 2365 4172 super
2413 4102 2498 4157 his
2544 4104 2825 4174 apostolici
2876 4103 3144 4162 sermonis
3195 4116 3414 4167 sensum

1818 4191 1896 4266 (2)
1927 4201 2257 4273 pertractare
2285 4210 2298 4248 :
2331 4201 2390 4249 ut
2412 4195 2744 4283 singulorum
2776 4210 3118 4277 quorumque
3148 4193 3415 4257 dictorum

287 4400 485 4468 Codex
514 4408 715 4481 Veron.
759 4418 1035 4463 retractare
1045 4400 1341 4475 {sic'infra
1371 4400 1538 4461 habes
1556 4446 1571 4474 ,
1618 4409 1994 4460 sacramentum
2013 4400 2267 4457 dictarunt
2290 4404 2620 4474 praecutiunt
2639 4409 2993 4459 retractentur.

176 4548 255 4619 (ei
284 4548 347 4604 In
379 4564 487 4603 sus.
520 4548 636 4604 bss.
656 4545 759 4601 Vat
788 4546 1185 4619 omittitnrivox
1224 4553 1443 4600 natura.
1477 4543 1707 4619 Prorsus
1737 4543 1785 4605 ι)
1811 4557 1927 4619 ran_.
1945 4541 2025 4619 ;si_
2044 4542 2278 4619 Eusebio
2296 4542 2522 4619 credere
2546 4541 2627 4598 fas
2646 4552 2729 4619 est
2747 4552 2934 4619 cpntra
2959 4542 3208 4619 eumdem
3236 4544 3328 4619 lib.
3353 4562 3410 4616 tt,

104 4616 214 4685 eum
242 4620 372 4677 aliis
401 4620 555 4676 libris
581 4619 871 4691 retinenda
891 4628 994 4675 est.
1027 4618 1155 4691 "sep
1181 4620 1475 4691 opponitur
1502 4616 1710 4691 dispen—

105 4693 314 4774 sationis
344 4692 633 4774 vocabulo,
662 4689 817 4774 (ξι-εις
852 4689 1087 4773 Verbum
1117 4688 1286 4774 Deu‘t'n
1317 4688 1567 4774 refertur.
1586 4688 1706 4774 Sti-

108 4764 279 4832 perius
294 4784 354 4831 n.
376 4764 465 4831 ii,
490 4756 707 4826 admisit
730 4762 964 4831 Hilarius
983 4775 1201 4825 causam
1220 4756 1381 4819 Verbi
1397 4760 1708 4832 gignentem

106 4845 558 4905 eteoaeteruam:
606 4835 694 4905 hic
752 4843 957 4890 tantum
999 4832 1205 4901 respuit
1245 4831 1710 4905 pru‘essistelltem

105 4920 161 4959 ac
190 4903 561 4978 meritoriam.
606 4904 710 4978 Ubi
741 4905 1127 4978 vero_suhiicit
1166 4914 1252 4958 aut
1291 4903 1707 4978 enarrationem,

104 4975 320 5053 respicit
351 4982 409 5043 in
438 4977 569 5053 illud
610 4977 816 5047 Esaiae,
860 4975 1249 5043 Generationem
1273 4977 1385 5047 ejus
1411 4977 1524 5045 quis
1552 4991 1708 5035 enar-

158 5049 227 5106 bit

102 5048 279 5113 rabit!
538 5048 539 5053 “

169 5144 248 5215 (lt)
276 5143 528 5203 Verbum
572 5151 676 5207 est,
708 5142 763 5197 in
797 5141 1028 5215 vulgatis
1068 5141 1365 5215 omissuro,
1404 5140 1711 5215 restituitur

103 5210 329 5272 ex'ttiss.
364 5216 572 5271 Deinde
615 5232 770 5285 quam
818 5210 957 5268 Deus
984 5226 1089 5281 est,
1133 5213 1184 5268 id
1214 5224 1331 5285 est,
1363 5226 1535 5285 quant
1562 5210 1708 5281 quod

104 5286 240 5353 Deus
270 5302 437 5360 pater
461 5297 538 5345 est
561 5305 587 5360 _:
750 5286 803 5341 id
842 5302 1004 5360 omne
1050 5287 1122 5360 ita
1168 5284 1324 5360 atatis
1370 5283 1704 5360 inteiligere;

304 5360 431 5430 ipsa
463 5358 740 5417 ttativitate
769 5372 868 5412 sua
891 5358 1084 5429 accipit
1117 5366 1175 5419 ut
1204 5355 1346 5415 Deus
1373 5355 1465 5427 sit,
1494 5354 1551 5411 et
1572 5354 1705 5423 nihil

101 5432 258 5575 ³1³ϊὲ
282 5502 345 5559 ιη
392 5501 625 5575 aptiquis
650 5499 826 5571 libris,
852 5508 1131 5572 exspectat.
1158 5513 1312 5563 more
1349 5497 1591 5571 antith.
1610 5496 1707 5555 sed

99 5574 260 5630 sensu
289 5591 408 5630 non
430 5574 560 5630 alin.

148 5666 405 5807 ιῌέἑὶο.
432 5683 564 5735 mss.
600 5669 673 5725 At
700 5667 854 5739 editi,
885 5677 1041 5729 uncta
1063 5669 1130 5735 sit
1170 5668 1225 5725 in
1272 5665 1469 5735 Deum,
1513 5682 1712 5733 necem

99 5755 146 5797 es
171 5784 185 5805 ,
323 5781 338 5797 .
1021 5776 1027 5783 ~

410 5832 667 5906 subiectis
690 5832 936 5906 Apostoli
965 5833 1176 5906 verbis,
1197 5839 1252 5906 et
1275 5832 1426 5906 regni
1451 5839 1506 5889 et
1528 5832 1707 5890 carnis

100 5900 301 5970 Christi
348 5900 522 5965 tinem
551 5900 792 5965 t‘uturuin
838 5904 1162 5979 praedicabat
1203 5900 1486 5969 Marcellus
1524 5909 1705 5985 Ancy-

1812 4630 1860 4670 c.
1890 4608 1955 4679 4,
1978 4615 2095 4685 eius
2128 4609 2289 4669 verba
2332 4616 2412 4671 sic
2440 4614 2689 4673 referenti
2720 4633 2733 4669 :
2770 4608 2921 4687 Quod
2958 4617 3003 4669 si
3031 4617 3174 4687 regni
3212 4608 3417 4672 initium

1811 4688 2008 4759 accepit
2035 4687 2186 4759 homo
2212 4696 2331 4741 ante
2355 4703 2516 4742 annos
2545 4688 2771 4741 nondum
2800 4687 2928 4751 400,
2953 4688 3251 4757 completos,
3280 4689 3414 4744 nihil

1812 4769 1887 4813 est
1912 4758 2122 4834 absurdi
2152 4760 2197 4812 si
2230 4760 2506 4834 Apostolus
2534 4759 2747 4834 afﬁrmet
2766 4802 2779 4823 ,
2803 4760 2960 4834 illum
2978 4762 3306 4834 _qui_accepit
3335 4778 3417 4814 re-

1812 4847 1970 4903 gnant
1998 4831 2149 4883 annis
2189 4830 2251 4885 ab
2277 4824 2413 4885 thim:
2455 4824 2910 4903 tam'paneissimis
2941 4831 3157 4902 elapsis,
3208 4824 3415 4903 r'urtmnt

1811 4901 2135 4957 redditurum
2177 4918 2284 4956 esse
2322 4918 2536 4973 regnum
2569 4901 2697 4957 Deo.
2734 4901 2795 4956 Et
2828 4912 2948 4973 post
2982 4917 3146 4973 pauca
3175 4919 3187 4955 :
3225 4902 3415 4959 Omnia

1811 4975 1947 5029 enim
1969 4989 2085 5047 cum
2108 4984 2219 5043 post
2239 4971 2841 5047 judiéiuntsubjicienda
2858 4974 2959 5047 sint
2984 4971 3209 5036 Christo,
3240 4991 3415 5047 quem-

1814 5046 2095 5100 admodum
2112 5042 2370 5100 asseritur
2390 5044 2455 5098 ab
2483 5042 2748 5115 Apostolo,
2784 5055 2891 5100 tum
2914 5046 3002 5101 ille
3022 5042 3318 5114 subjrrietur
3344 5049 3408 5111 ei,

1813 5118 1901 5239 gui
1943 5117 2043 5183 ipsi
2091 5116 2262 5170 omnia
2304 5118 2597 5187 supposuit.
2630 5118 2884 5183 Quocirca
2928 5135 3043 5172 cum
3086 5119 3413 5173 didicerimus

1831 5204 2091 5239 tumanant
2119 5203 2355 5239 carnem.
2387 5204 2538 5239 auum
2569 5204 2660 5239 pro
2687 5188 2830 5239 nobis
2858 5190 3132 5239 assunmsit
3172 5188 3409 5239 Verbum.

1831 5189 2091 5241 ’tumanam
2119 5203 2355 5254 carnem,
2387 5204 2538 5257 quam
2568 5204 2660 5248 pro
2687 5188 2830 5242 nobis
2858 5190 3132 5257 assumpsit
3172 5188 3409 5252 Verbum,

1812 5270 1929 5314 ante
1957 5276 2118 5314 annos
2151 5257 2259 5313 ωυ
2288 5270 2423 5315 totos
2460 5276 2562 5314 non
2598 5271 2911 5333 assumptum
2933 5304 2947 5324 ,
2975 5261 3203 5314 eamdem
3242 5262 3411 5333 ipsum

1810 5340 2120 5406 retenturum
2144 5333 2503 5406 cognoscimus
2520 5348 2624 5406 non
2652 5334 2788 5406 ultra
2799 5332 2991 5406 jndicii
3018 5342 3215 5406 tempus
3237 5335 3288 5384 in
3320 5334 3410 5406 [tt-

1812 5412 1946 5456 tum.
1976 5401 2125 5457 Idem
2155 5401 2286 5457 ibid.
2317 5403 2463 5458 addit
2489 5404 2767 5459 Marcellus
2796 5401 2813 5456 Ξ
2844 5401 3287 5470 Quemadmodum
3311 5403 3413 5456 ini-

1815 5475 1943 5528 tium
1969 5473 2144 5527 habuit
2183 5492 2329 5540 σαι-ο,
2365 5476 2436 5528 ita
2462 5477 2617 5547 ﬁnem
2661 5476 2947 5529 habituram
2977 5475 3178 5547 diuinas
3209 5472 3411 5529 Paulus

1816 5547 2185 5615 pronuntth.
2229 5545 2481 5617 Deinceps
2525 5549 2679 5616 finis,
2723 5563 2839 5600 cum
2887 5545 3151 5600 tradiderit
3197 5561 3411 5617 regnum

1814 5634 1965 5672 suun:
1997 5619 2104 5671 Deo
2131 5628 2178 5673 et
2211 5618 2380 5673 Patri.
2416 5617 2565 5675 llsnc
2613 5630 2787 5673 tamen
2834 5617 3156 5673 sententiam
3198 5631 3263 5671 es
3297 5621 3411 5687 ipsa

1817 5689 2036 5744 Eusebii
2063 5689 2404 5747 confessione
2432 5691 2559 5746 ibid.
2595 5706 2700 5744 non
2741 5690 2858 5743 sine
2898 5687 3237 5751 hresitatinne
3262 5704 3413 5745 aese-

1817 5761 1970 5817 rebat
2001 5762 2303 5818 Marcellus.

1822 5838 1826 5843 ·
1891 5836 1966 5905 (η
2000 5833 2126 5909 Val.
2164 5837 2280 5892 bas.
2325 5833 2499 5893 codex
2535 5847 2659 5909 cum
2701 5831 2918 5909 Μθηίθο
2947 5833 3258 5909 ⁶¹⁸Ρ⁰²ί⁰νί⁸ν
3303 5849 3413 5905 "Im

1808 5901 1963 5989 super
1987 5906 2087 5967 Itis.
2548 5901 2591 5923 ’τ
2742 5922 2745 5923 ⁷
2848 5906 2853 5911 ’
