3996 6330
637 325 745 381 “5

1853 321 2100 381 SANCTI
2142 321 2398 380 lllLARll
2441 321 2747 380 EI'ISCOPI
3752 337 3819 390 116

638 439 851 498 ratione
870 438 1110 511 exposita
1126 437 1442 511 atqueedita
1469 481 1484 507 ,
1503 439 1826 495 sacramenti
1843 440 2004 495 totius
2016 455 2241 511 capaces

2354 439 2448 510 lige
2473 454 2589 510 qua:
2626 439 2770 505 dico,
2811 437 2951 492 dabit
2981 438 3115 493 enint
3143 437 3234 493 tibi
3277 436 3410 494 Deus
3433 441 3480 496 in
3503 445 3694 502 omnibus
3723 452 3824 508 intel-

642 548 740 606 per
782 531 857 607 (a)
905 531 1269 588 universitatis
1310 532 1717 605 intelligentiam
1765 533 2120 605 prtebeamur.
2154 533 2241 589 Ait

638 627 818 698 itaque
845 645 859 682 :
892 625 1149 693 Quoniam
1189 630 1322 682 enim
1352 644 1444 700 per
1479 628 1735 684 hominem
1764 645 1929 696 mors,
1958 638 2006 682 et
2035 644 2122 699 per
2152 629 2244 682 Ito-

636 728 828 782 minem
865 726 1170 781 resurrectio
1195 727 1280 797 (l)
1325 735 1664 780 mortuorum.
1715 725 1980 792 Quomodo
2020 726 2154 779 enim
2190 727 2244 780 in

638 817 807 874 Adam
838 834 1014 873 omnes
1039 819 1350 883 moriuntur,
1380 819 1452 874 sic
1477 829 1524 873 et
1551 821 1604 873 in
1629 817 1832 872 Christo
1861 834 2034 872 omnes
2067 818 2138 890 (b)
2171 819 2246 872 υἱ-

635 911 930 979 uificantur.
957 909 1320 980 Unusquisque
1335 921 1504 964 autent
1527 911 1610 979 (2)
1628 911 1681 964 in
1698 927 1792 964 suo
1811 911 2009 977 ordine,
2034 909 2104 981 (e)
2137 910 2244 980 pri-

635 1002 794 1056 mitias
823 1001 1080 1066 Christus,
1113 1002 1296 1056 deinde
1339 1003 1391 1056 hi
1418 1003 1505 1074 qui
1533 1013 1649 1058 sunt
1671 1000 1862 1058 Christi
1887 1043 1903 1068 ,
1935 1002 2015 1075 (d)
2061 1005 2148 1073 qui
2193 1004 2246 1057 iu

635 1095 859 1151 adventu
889 1100 1000 1169 ejus
1029 1112 1049 1151 :
1079 1096 1262 1150 deinde
1289 1097 1429 1164 finis,
1463 1113 1580 1150 cum
1606 1097 1872 1151 tradiderit
1902 1112 2112 1168 regnum
2141 1095 2246 1151 Deo

639 1198 686 1245 et
713 1189 882 1258 Patri,
910 1207 1026 1244 cum
1047 1191 1363 1244 evacuaverit
1383 1206 1582 1244 omnent
1606 1190 1963 1261 magistratum
1983 1200 2032 1242 et
2050 1204 2248 1243 onmem

643 1292 964 1355 potestatem.
1000 1281 1211 1356 Oportet
1251 1283 1386 1336 enim
1431 1283 1575 1336 illum
1613 1298 1858 1352 regnare,
1893 1283 2054 1336 donec
2093 1290 2248 1352 ponat

640 1395 815 1432 omnes
857 1379 1091 1432 inimicos
1116 1377 1207 1432 sub
1233 1378 1444 1448 pedibus
1473 1377 1595 1432 suis.
1622 1375 1761 1431 Deus
1783 1377 1915 1430 enim
1942 1377 2113 1430 omnia
2134 1376 2252 1430 sub-

634 1474 766 1545 jecit
809 1471 902 1527 sub
949 1472 1159 1545 pedibus
1199 1476 1332 1546 ejus.
1373 1471 1662 1527 Novissima
1704 1471 1913 1524 inimica
1944 1469 2014 1542 (e)
2058 1470 2252 1524 devicta

651 1577 724 1622 est
763 1567 826 1621 ab
867 1582 924 1621 eo
955 1583 1111 1622 mors.
1142 1564 1268 1621 Cum
1298 1576 1468 1620 autem
1509 1566 1724 1630 dixerit,
1777 1563 1963 1618 Omnia
2017 1562 2248 1636 subjecta

651 1673 803 1726 sunt,
851 1661 1038 1730 absque
1084 1677 1142 1715 eo
1187 1661 1276 1731 qui
1308 1661 1384 1714 illi
1430 1659 1642 1732 subjecit
1672 1658 1862 1711 omnia.
1909 1655 1990 1728 (5)
2021 1658 2090 1728 (f)
2123 1655 2251 1709 Cum

639 1765 808 1809 autem
835 1755 1063 1826 subjecta
1089 1754 1279 1823 fuerint
1304 1754 1347 1806 ei
1373 1753 1566 1820 omnia,
1599 1763 1718 1806 tunc
1738 1753 1846 1824 ipse
1873 1751 2132 1823 subjectus
2157 1751 2252 1804 erit

2346 533 2532 587 lectum
2564 531 2630 604 (Il
2656 531 2792 587 Tim.
2824 546 2893 596 ll,
2925 529 3004 601 7).
3037 531 3351 587 Admonitio
3379 535 3668 608 intelligendi
3689 546 3824 600 exilit.

2348 626 2584 681 licultate
2626 625 2993 696 intelligentia:
3033 635 3135 680 est.
3188 623 3540 695 lntelligentize
3564 645 3670 686 vero
3698 649 3721 687 a
3752 636 3825 694 Deo

2348 723 2569 785 donum,
2602 721 2725 775 lidei
2759 734 2951 773 munus
2978 729 3090 784 est,
3129 734 3224 790 per
3251 735 3405 790 quam
3437 721 3678 780 inﬁrmitas
3701 744 3830 787 sensus

2349 815 2572 885 gratiam
2625 813 2970 868 revelationis
3026 822 3279 867 meretur.
3337 812 3389 867 Si
3450 828 3566 885 ergo
3604 816 3872 878 Titnotheus'

2349 906 2648 974 apostolico
2688 905 2999 960 testimonio
3046 904 3208 959 homo
3242 905 3331 960 Dei
3375 903 3432 978 (1
3461 905 3579 961 Tim.
3612 911 3832 979 v1,ll),et

2353 999 2622 1070 legitimus
2669 998 2831 1051 Paulo
2862 997 3154 1052 secundum
3190 996 3347 1051 tidem
3381 997 3543 1063 titius,
3585 1010 3632 1053 ut
3655 1001 3835 1074 intelligat

2351 1093 2692 1158 admooetur,
2726 1091 2848 1161 quia
2877 1091 2925 1146 ei
2961 1090 3220 1144 Dominus
3253 1090 3631 1160 intelligentiam
3657 1093 3832 1151 inomni-

2353 1184 2451 1239 bus
2481 1183 2553 1238 sit
2601 1183 2857 1246 daturus;
2892 1198 2990 1237 nos
3034 1197 3244 1252 quoque
3288 1183 3552 1238 admoneri
3579 1200 3660 1254 per
3680 1186 3838 1257 Aposto-

2354 1278 2462 1332 lttm
2515 1277 2581 1331 ad
2633 1277 3039 1346 intelligentiam
3089 1277 3521 1343 meminerimus,
3558 1278 3745 1334 scientes
3776 1282 3839 1335 Do-

2354 1372 2558 1428 tninum
2591 1372 2746 1425 nobis
2777 1371 3186 1441 intelligentiam
3216 1372 3453 1428 omnium
3480 1375 3786 1443 pra:stiturum.

2426 1468 2518 1522 24.
2564 1466 2686 1522 Non
2732 1468 2920 1533 pudeat
2968 1485 3178 1537 pravum
3226 1485 3430 1524 sensum
3468 1470 3652 1523 veritate
3683 1483 3840 1539 percepta

2356 1564 2638 1617 demutare.
2675 1592 2748 1603 —
2774 1562 2840 1617 Et
2867 1563 2910 1617 si
2957 1562 3094 1617 forte
3127 1561 3376 1617 humanae
3419 1563 3702 1617 conditionis
3726 1579 3843 1619 errore

2354 1666 2739 1728 praesumptum
2765 1656 2968 1727 aliquid
3001 1670 3160 1711 sensu
3192 1656 3510 1721 tenebimus,
3541 1656 3843 1726 profectumiu-

2359 1750 2669 1820 telligentiaa
2697 1765 2793 1819 per
2825 1749 3168 1804 revelationis
3198 1749 3423 1820 gratiam
3451 1765 3549 1805 non
3587 1749 3842 1804 recusemus:

638 1847 754 1912 illi,
782 1847 866 1914 qui
913 1847 1125 1918 subjecit
1156 1847 1202 1900 ci
1247 1847 1453 1914 omnia,
1483 1856 1537 1899 ut
1568 1845 1632 1899 sit
1664 1842 1803 1899 Deus
1845 1844 2017 1898 omnia
2043 1843 2098 1896 in
2123 1859 2233 1896 ont-
2261 1850 2308 1910 Β
2338 1845 2413 1901 Ne
2445 1842 2512 1917 (i)
2544 1843 2877 1898 intellexisse
2928 1843 3128 1914 aliquid
3156 1843 3324 1899 semel
3369 1858 3466 1898 suo
3501 1858 3643 1898 sensu
3665 1843 3714 1898 ad
3737 1843 3772 1897 id
3793 1860 3846 1897 ιι-

640 1940 788 1995 nibus
816 1940 860 2010 (l
891 1938 1014 1993 Cor.
1050 1956 1141 2005 xv,
1173 1938 1238 1994 21
1275 1949 1324 1993 et
1345 1940 1530 2011 seqq).

713 2033 805 2088 2'5.
852 2033 1100 2101 Quaedam
1146 2049 1252 2088 esse
1283 2050 1396 2103 qua:
1425 2034 1577 2087 homo
1607 2034 1776 2088 statim
1817 2049 1920 2087 non
1959 2032 2149 2104 capiat.
2178 2059 2250 2071 —-

642 2128 958 2186 leestium
989 2127 1064 2201 (g)
1096 2128 1559 2199 dispensationnm
1588 2144 1781 2184 arcana
1820 2128 2112 2199 Apostolus
2142 2140 2247 2181 non

643 2223 714 2278 ab
743 2223 1052 2278 hominibus
1073 2265 1086 2290 ,
1119 2239 1292 2294 neque
1322 2239 1418 2294 per
1467 2224 1771 2288 hominem,
1804 2222 1896 2277 sed
1932 2237 2027 2293 per
2064 2220 2249 2276 Jesum

643 2317 916 2373 Christum
955 2319 1162 2374 electus
1208 2319 1446 2388 gentium
1496 2318 1779 2389 magister,
1826 2326 2023 2388 quanta
2072 2324 2252 2389 petcst

646 2415 880 2472 absoluti
929 2415 1092 2488 390
1138 2415 1406 2471 sermonis
1449 2412 1843 2485 significatione
1888 2414 2249 2470 demonstrat.

645 2511 715 2567 Et
754 2513 844 2584 qui
878 2510 1235 2567 inenarranda
1269 2526 1438 2580 usque
1468 2511 1533 2566 ad
1578 2511 1795 2567 tertium
1825 2512 2020 2567 caelum
2067 2521 2254 2580 raptus

643 2609 881 2665 audisset
903 2651 918 2674 ,
953 2625 1012 2663 ea
1058 2617 1262 2662 tantum
1285 2649 1299 2671 ,
1330 2621 1558 2677 quorum
1601 2615 1790 2660 natura
1824 2605 2055 2660 lmmana
2085 2620 2252 2674 capax

645 2710 826 2765 esset,
873 2700 1058 2756 sensui
1111 2699 1359 2754 humanae
1403 2700 1769 2770 intelligentia:
1815 2699 2067 2753 revelavit
2104 2715 2117 2751 :
2149 2713 2254 2752 non

645 2794 902 2864 ignorans
934 2803 1113 2848 tamen
1143 2792 1389 2862 quaedam
1423 2807 1527 2845 non
1557 2792 1738 2846 statim
1775 2806 1931 2860 posse
1965 2800 2126 2859 atque
2153 2806 2251 2844 au-

647 2888 868 2943 diuntur
899 2887 1147 2958 intelligi,
1174 2888 1298 2958 quia
1328 2888 1610 2942 intirmitas
1645 2897 1826 2940 nostra
1858 2885 1940 2957 (1)
1973 2885 2050 2956 (Ιι)
2077 2885 2255 2940 serius

648 2981 702 3036 itt
737 2996 919 3036 verum
952 2989 1116 3052 atque
1144 2979 1447 3036 absolutum
1493 2980 1688 3035 mentis
1714 2981 1976 3050 judicium
2009 2995 2103 3046 ea,
2136 2996 2254 3050 qua:

647 3075 701 3131 in
749 3091 910 3131 aures
957 3073 1497 3143 transfundereutur,
1547 3077 1848 3146 acciperet;
1898 3077 2140 3146 longiore
2187 3076 2253 3130 ad

649 3169 1014 3224 cunctandum
1060 3185 1209 3224 mora
1249 3170 1430 3224 sensui
1461 3170 1637 3238 potius
1663 3185 1820 3241 quam
1860 3169 2062 3224 auditui
2104 3170 2257 3226 dere-

651 3262 798 3326 licta,
829 3277 949 3316 cum
993 3269 1048 3316 ct
1076 3261 1291 3316 audisse
1324 3262 1471 3316 vocis
1501 3263 1604 3327 sit,
1637 3271 1690 3316 et
1736 3262 2066 3318 intellexisse
2094 3264 2260 3317 ratio-

650 3355 766 3419 nis,
804 3354 915 3409 Deo
963 3363 1139 3409 tamen
1191 3353 1560 3424 intelligentia:
1590 3355 1797 3424 cupidis
1844 3357 2254 3428 intelligentiam

652 3445 952 3500 revelantc.
985 3445 1230 3515 Namque
1273 3446 1338 3500 ad
1364 3446 1706 3501 'l‘int0theum
1745 3463 1840 3516 per
1879 3449 2014 3502 aviae
2045 3464 2105 3502 ac
2144 3465 2256 3505 ma-

656 3537 752 3592 tris
778 3537 1068 3607 gloriosam
1112 3537 1270 3592 lldem
1304 3538 1473 3593 sacris
1501 3538 1568 3592 ab
1604 3537 1826 3593 infantia
1867 3540 2060 3595 litteris
2099 3541 2254 3596 insti-

653 3638 824 3686 tutum
868 3632 1112 3688 scribens
1145 3630 1372 3703 plurima
1392 3673 1406 3698 ,
1441 3632 1543 3688 hoc
1572 3647 1786 3705 quoque
1813 3634 2016 3692 addidit
2048 3655 2062 3692 :
2094 3635 2257 3693 Intel-

752 3795 802 3862 1)
845 3793 962 3850 Non
991 3802 1167 3850 exstat
1195 3801 1536 3850 ntartuorum.

745 3867 801 3934 2)
845 3868 1011 3922 Abest
1036 3867 1109 3921 in.

746 3938 803 4008 5)
843 3938 969 3994 Haec
999 3953 1213 3994 rursum
1238 3937 1434 3994 desunt
1459 3939 1511 3994 in
1542 3938 1728 3994 codice
1755 3949 1962 3996 nostro.

749 4013 803 4079 4)
841 4011 1005 4064 Aliter
1030 4011 1082 4065 in
1105 4026 1299 4065 verum.

719 4083 799 4158 (5)
839 4082 1030 4155 Siqui.

718 4221 798 4290 (a)
839 4219 894 4275 In
926 4219 1180 4290 vulgatis,
1210 4219 1454 4273 veritatis.
1489 4219 1707 4275 Rectius
1748 4220 1801 4275 in
1832 4234 1963 4275 mss.
2006 4220 2253 4274 universi-

649 4294 790 4359 tatis,
821 4295 922 4346 boc
949 4301 1032 4345 est
1058 4291 1221 4345 totius
1245 4291 1527 4360 apostolici
1548 4291 1838 4348 sermonis.

710 4362 922 4489 νὲιιιιια
952 4361 1198 4432 plerique
1221 4377 1285 4418 ac
1311 4364 1545 4432 potiores
1573 4377 1703 4418 mss.
1736 4363 1880 4419 Editi
1910 4379 2062 4432 vero,
2091 4365 2259 4436 viviﬁ-

710 4453 712 4462 ’
750 4451 814 4487 un
841 4450 923 4487 ur.

652 4443 923 4490 cabuntur.

731 4506 802 4576 (ε)
840 4505 967 4560 Mss.
998 4503 1211 4559 Martio.
1245 4503 1443 4576 etVat.
1469 4504 1586 4559 bas.
1611 4507 1819 4561 initium
1839 4505 2095 4575 Christus,
2127 4525 2256 4564 con-

654 4575 924 4635 sentiente
948 4576 1241 4645 exemplari
1282 4575 1467 4633 Germ.
1511 4578 1770 4646 epistolas
1801 4579 1948 4633 Pauli
1984 4595 2162 4648 grmce
2201 4591 2256 4635 et

653 4651 822 4708 latine
885 4648 1265 4718 eomplectenti
1329 4648 1398 4704 ab
1448 4650 1604 4704 annis
1657 4650 1874 4705 circiter
1929 4652 2077 4707 mille
2130 4667 2253 4707 exa-

656 4731 796 4779 rato.

730 4793 809 4867 (d)
850 4793 981 4848 Bad.
1014 4793 1066 4846 in
1097 4792 1311 4847 adventu
1335 4796 1472 4865 ejus,
1498 4793 1613 4867 sine
1637 4793 1725 4867 qui
1751 4810 1770 4867 ς
1799 4794 1884 4849 cui
1909 4795 2178 4867 consentit
2204 4807 2258 4852 et

655 4865 921 4942 graecum,
957 4869 1005 4922 ἐν
1029 4874 1092 4942 τῇ
1125 4868 1408 4942 napoueia.
1443 4867 1513 4921 At
1546 4865 1669 4942 Er.,_
1705 4865 1852 4942 Lips2
1887 4876 1941 4922 ct
1978 4866 2126 4942 Pan,
2171 4871 2258 4942 qui

655 4928 710 4995 in
733 4939 1004 4992 adventum
1025 4928 1138 5010 ejus
1161 4928 1504 5003 ci'ediderunt,
1529 4928 1670 5008 quod
1696 4947 1750 4992 et
1770 4928 1923 4994 habet
1958 4954 2057 4992 ms.
2089 4928 2252 4994 Corb.

655 5025 686 5066 a
731 5009 966 5064 secunda
999 5009 1161 5066 manu
1189 5026 1203 5063 :
1238 5009 1596 5066 renitentibus
1623 5010 1744 5065 aliis
1784 5011 2174 5067 sincerioribus
2203 5023 2257 5067 et

654 5097 853 5154 grmco.

755 5153 804 5227 e)
844 5155 932 5209 Er.
963 5165 1017 5210 et
1041 5154 1187 5224 Lips.
1219 5156 1504 5208 destruetur
1526 5169 1682 5209 mors.

755 5156 804 5227 e)
844 5156 932 5209 Er.
963 5165 1017 5210 et
1041 5156 1187 5224 Lips.
1219 5156 1504 5208 destruetur
1526 5169 1682 5209 mors.

727 5156 804 5300 ξι)
849 5227 1079 5300 llursutn
1107 5228 1216 5300 hic
1265 5241 1394 5300 mss.
1449 5241 1642 5300 magno
1680 5241 1952 5300 consensu
1997 5229 2251 5283 omittunt

656 5298 773 5356 cum
801 5310 970 5354 autem
1002 5298 1226 5367 subjecta
1257 5299 1447 5369 fuerint
1477 5298 1522 5350 ei
1552 5299 1740 5352 omnia.

729 5371 806 5444 (g)
845 5371 902 5426 In
936 5387 1034 5425 ms.
1082 5370 1390 5444 Martin._ac
1426 5369 1666 5444 pluribus
1711 5371 1869 5444 aliis,
1889 5373 2248 5444 mysteriorum

660 5437 869 5498 arcana.
896 5444 1015 5498 Mox
1040 5451 1159 5512 post
1180 5459 1269 5514 per
1293 5437 1473 5495 Jesum
1503 5437 1786 5514 Christum,
1811 5437 1960 5498 addii
1983 5443 2102 5497 Vat.
2131 5443 2246 5498 bas.

663 5530 792 5579 ms.,
822 5525 867 5570 et
895 5511 1058 5569 Deum
1088 5511 1283 5584 patrem
1309 5527 1327 5566 :
1356 5528 1476 5579 qua:
1503 5511 1663 5584 verba
1690 5514 1748 5568 in.
1766 5515 1915 5568 nullo
1941 5515 2048 5568 alio
2069 5514 2256 5571 codice

662 5598 980 5658 occurrunt,
1006 5583 1248 5658 quamvis
1288 5592 1502 5640 exstent
1532 5583 1682 5638 initio
1708 5587 1864 5654 epist.
1898 5585 1964 5641 ad
2002 5585 2122 5641 Gal.
2151 5602 2257 5658 quo

661 5657 750 5712 hic
771 5657 1074 5714 respicitur.

735 5728 816 5797 (Ir)
853 5728 1016 5783 Corb.
1059 5730 1257 5799 aliique
1303 5729 1744 5799 posteriorismvi
1777 5744 1906 5782 mss.
1949 5745 2070 5784 cum
2100 5729 2252 5797 Bad.,

665 5798 762 5871 Er.
794 5807 848 5854 et
888 5800 1034 5871 Lips.=
1065 5798 1232 5855 aliter.
1267 5800 1387 5855 Vat.
1424 5800 1561 5871 bas”
1606 5798 1785 5861 Colb..
1831 5799 2046 5871 Martia.
2080 5803 2257 5857 etalia

675 5867 877 5926 κθειιιδιιι
909 5864 1231 5942 οιὶῦιιιριτιιῑιι
1280 5883 1400 5926 cum
1449 5864 1600 5938 Par},
1647 5872 1849 5931 minus.
1906 5867 2138 5940 Remi?”
2186 5888 2260 5926 tum

2359 1939 2485 2005 leat,
2521 1948 2578 1992 ιιι
2601 1937 2793 2008 pudeat
2824 1938 3022 1992 rectius
3054 1936 3251 2008 aliquid
3274 1936 3592 1992 demutando
3612 1937 3778 1992 sentire.
3794 1937 3843 1991 0b

2359 2031 2500 2102 quod
2559 2032 2850 2102 prudenter
2893 2030 3244 2100 consulteque
3302 2029 3664 2085 moderandum
3699 2031 3779 2084 lucc
3808 2030 3846 2084 ad

2359 2125 2732 2195 Philippenses
2763 2140 2980 2195 quoque
3008 2124 3150 2180 idem
3182 2126 3377 2180 beatus
3402 2125 3669 2196 Apostolus
3697 2124 3845 2179 scribit:

2361 2219 2619 2290 Quotquot
2645 2236 2763 2290 ergo
2787 2221 2998 2290 perfecti
3025 2237 3220 2286 sumus,
3245 2223 3354 2275 htec
3376 2222 3663 2277 sentiamus:
3693 2232 3728 2275 et
3753 2221 3806 2293 (5i
3823 2222 3847 2272 ti

2357 2317 2479 2386 quid
2512 2322 2582 2394 (j)
2610 2322 2760 2376 aliter
2785 2323 2999 2386 sentitis,
3032 2324 3190 2396 391
3229 2323 3285 2375 id
3303 2341 3501 2395 quoque
3515 2321 3846 2377 Deusvobisme-

2359 2415 2504 2470 lubit.
2546 2415 2732 2471 l'erum
2757 2419 2809 2471 in
2841 2435 2938 2488 quo
2961 2419 3310 2490 festinabimus
3331 2462 3347 2485 ,
3388 2422 3440 2474 in
3471 2421 3577 2490 ipso
3602 2417 3848 2489 ingrediente

2361 2508 2582 2580 (Philip.
2615 2526 2697 2574 ιιι,
2730 2509 2796 2563 15
2823 2520 2868 2566 et
2892 2510 3001 2578 l6).
3029 2510 3142 2565 Non
3175 2512 3674 2581 prtejudicatsensus
3697 2509 3853 2564 anterior

2362 2603 2458 2657 Dei
2485 2602 2822 2658 revelationi.
2852 2603 2983 2658 Nam
3013 2605 3306 2674 Apostolus
3335 2606 3420 2675 (6)
3451 2605 3522 2677 (Ιι)
3550 2608 3722 2660 monuit
3738 2605 3772 2658 in
3789 2617 3851 2672 quo

2361 2698 2605 2766 sapiant,
2645 2698 2734 2767 qui
2773 2699 2986 2767 sapiunt
3030 2698 3264 2766 perfecte
3299 2718 3312 2753 :
3345 2708 3402 2754 et
3442 2699 3522 2755 his
3549 2699 3628 2769 qui
3660 2697 3776 2752 aliter
3802 2712 3854 2749 sa-

2363 2791 2515 2862 pittut
2539 2790 2926 2845 revelationem
2964 2791 3076 2855 Dei,
3106 2801 3162 2846 ut
3193 2792 3242 2846 id
3274 2792 3420 2862 quod
3451 2791 3710 2864 perfectum
3732 2801 3856 2844 estsi.

2365 2888 2543 2959 piant,
2592 2897 2887 2957 exspectat.
2936 2889 2992 2943 Si
3025 2890 3112 2958 qui
3146 2903 3276 2959 ergo
3323 2887 3631 2960 profundam
3674 2886 3775 2941 banc
3803 2899 3856 2936 ar-

2363 2996 2514 3036 canae
2561 2983 2800 3037 scientia:
2848 2982 3310 3050 dispensationem
3363 2983 3519 3037 aliter
3556 2979 3854 3036 intellexerunt.

2364 3085 2416 3131 et
2445 3092 2540 3147 per
2563 3092 2662 3132 nos
2696 3086 2902 3132 rectum
2925 3078 3126 3147 aliquid
3155 3087 3207 3132 et
3237 3077 3519 3148 probabile
3545 3075 3773 3138 afferetur;
3795 3088 3856 3125 non

2366 3169 2563 3239 pudeat
2592 3185 2686 3225 eos
2735 3170 3032 3225 secundum
3076 3171 3397 3240 Apostolum
3446 3186 3538 3241 per
3579 3167 3857 3225 rerelationem

2367 3262 2462 3318 Dei
2508 3279 2699 3334 sapere
2743 3263 2982 3334 perfecte
3009 3283 3020 3316 :
3053 3263 3235 3334 Neque
3264 3263 3440 3335 magis
3468 3273 3636 3317 ament
3667 3261 3858 3315 veritatem

2364 3356 2606 3411 nescisse
2629 3353 2706 3428 (7)
2737 3357 2802 3428 (Ι)
2842 3371 3000 3425 quam
3026 3356 3244 3411 oderint
3271 3357 3630 3426 permansisse
3654 3369 3734 3408 non
3758 3351 3857 3404 reris.

2365 3447 2474 3503 Eos
2496 3452 2663 3516 enim,
2693 3451 2780 3520 qui
2804 3450 2960 3505 aliter
2979 3451 3284 3520 sapiunt,et
3309 3451 3508 3522 quibus
3537 3449 3584 3504 id
3613 3449 3726 3503 Deus
3746 3446 3861 3517 (8}re

2365 3545 2560 3600 velavit
2595 3587 2610 3612 ,
2666 3555 2850 3601 monet
2879 3546 2935 3601 in
2967 3545 3017 3601 id
3051 3545 3328 3612 festinare,
3369 3547 3420 3601 in
3453 3561 3555 3617 quo
3579 3543 3760 3615 ingressi
3781 3540 3852 3593 lue-

2367 3641 2512 3696 rint:
2549 3649 2607 3696 ut
2636 3642 2826 3697 relicto
2854 3641 3040 3712 prima:
3082 3640 3404 3712 ignorantiae
3443 3655 3626 3707 sensu,
3655 3635 3861 3696 secundum

2431 3805 2510 3878 (6)
2550 3803 2728 3860 Novit.

2432 3877 2511 3943 (7)
2556 3879 2722 3942 Quam
2745 3893 2845 3931 non
2871 3877 3091 3931 oderint.

2436 3942 2519 4020 (8)
2546 3947 2818 4022 Revelabit
2843 3965 2862 4002 :
2895 3949 3119 4022 melius;
3153 3958 3212 4003 ut
3239 3951 3523 4020 superiora
3551 3948 3742 4022 apostoli
3758 3942 3860 4000 rubi

2360 4019 2634 4092 respiciat,
2668 4021 2720 4074 id
2745 4038 2942 4093 quoque
2969 4019 3108 4076 Deus
3137 4022 3275 4076 vobis
3304 4024 3563 4079 reuelabit.

2362 4223 2528 4277 deius.
2559 4222 2720 4276 Nobis
2744 4223 2813 4277 ita
2841 4230 3049 4278 constat
3076 4223 3357 4295 legendum
3385 4239 3511 4281 esse
3535 4226 3699 4282 serius.
3724 4230 3766 4276 ut
3783 4233 3863 4295 ptjrr;

2363 4308 2444 4350 ter
2486 4310 2689 4349 morem
2732 4304 2932 4350 textum
2978 4311 3046 4350 ex
3092 4288 3402 4365 conjectura
3453 4297 3773 4353 emendemus.
3802 4288 3861 4341 Cui

2358 4365 2502 4422 favet
2523 4381 2624 4420 ms.
2653 4367 2814 4422 Caro.
2846 4368 2896 4420 in
2922 4382 3029 4436 quo
3053 4368 3221 4431 scius;
3247 4369 3326 4422 sic
3353 4371 3501 4424 enim
3527 4369 3673 4424 serius
3698 4376 3859 4436 pronun-

2361 4439 2515 4500 tiant,
2550 4439 2638 4508 qui
2674 4440 2865 4510 lingua:
2903 4434 3027 4493 sunt
3055 4439 3435 4506 impeditioris.
3465 4434 3706 4495 Eamdetn
3726 4434 3861 4490 confu-

2361 4519 2472 4565 mat
2502 4510 2643 4581 quod
2673 4511 2834 4576 infra,
2869 4528 2920 4566 ιι.
2953 4510 3044 4577 50,
3074 4511 3296 4582 legimus
3321 4529 3494 4567 seram
3523 4509 3801 4581 obsequelam.

2434 4603 2506 4678 (i),
2537 4603 2595 4678 Id
2620 4612 2724 4671 est,
2757 4621 2875 4674 qua:
2901 4605 3345 4678 excogitavimus,
3380 4614 3438 4660 et
3461 4606 3781 4660 existimamus
3803 4611 3863 4678 {ius

2282 4673 2335 4732 D
2363 4667 2726 4741 intellexisse,
2758 4667 2826 4734 ne
2857 4667 3146 4731 animis'ita
3182 4667 3428 4732 intereant
3450 4719 3463 4744 ,
3507 4685 3560 4731 ut
3583 4683 3786 4730 excutere
3806 4667 3862 4721 illa

2362 4763 2460 4802 nos
2506 4750 2719 4818 pudeat.
2771 4749 3075 4820 Pessimum
3107 4753 3244 4803 hanc
3295 4743 3556 4820 pudorem
3586 4743 3863 4820 Augustinus,

2362 4813 2522 4887 cpist'.
2555 4836 2678 4874 xcnt
2703 4863 2716 4884 ,
2751 4837 2805 4876 η.
2839 4820 2930 4884 51,
2965 4821 3016 4874 in
3043 4813 3323 4875 Vincentio
3359 4821 3629 4891 Rogatista
3659 4816 3792 4891 arguit
3815 4813 3865 4890 ius

2364 4893 2540 4945 verbis
2573 4911 2585 4946 :
2623 4891 2759 4956 Quid
2785 4893 2937 4963 igitur
2963 4893 3132 4946 adhuc
3163 4893 3366 4945 dubitas
3399 4887 3568 4946 tenere
3604 4887 3720 4960 quod
3738 4887 3864 4942 sentis.

2362 4963 2460 5036 nisi
2488 4963 2687 5036 quiaid
2713 4965 2851 5035 quod
2891 4981 3026 5018 nunc
3070 4965 3224 5018 sentis
3245 5006 3259 5028 ,
3300 4964 3379 5017 vel
3409 4964 3675 5036 aliquando
3693 4977 3776 5036 non
3797 4972 3869 5007 sa:-

2361 5035 2519 5108 sisse,
2552 5035 2632 5090 vel
2665 5033 2808 5090 aliud
2846 5037 3134 5108 defendisse
3173 5033 3545 5107 confunderis?
3573 5033 3635 5088 Et
3671 5033 3768 5084 dum
3793 5043 3867 5104 cnt-

2360 5104 2518 5160 bescis
2553 5110 2804 5178 corrigere
2847 5104 3104 5172 errorem,
3151 5104 3550 5162 non'erubescis
3579 5112 3867 5176 permanerent

2359 5195 2528 5235 errore
2555 5197 2575 5234 .'
2604 5183 2742 5252 quod
2765 5180 2935 5250 utique
2958 5179 3127 5252 potius
3156 5179 3549 5234 erubescendum
3574 5180 3676 5243 fuit.

2430 5272 2500 5345 (j)
2541 5274 2731 5329 Plures
2760 5275 2946 5344 proba:
2992 5285 3131 5328 nota:
3159 5291 3290 5330 mss.
3323 5277 3368 5330 si
3399 5275 3485 5345 qui
3510 5273 3686 5326 aliter:
3708 5263 3865 5345 cuiiu-

2359 5333 2494 5399 tiohi'
2515 5347 2679 5418 prima
2708 5333 2866 5416 hujus
2888 5346 3098 5401 muneri
3121 5349 3310 5415 verba,
3336 5333 3604 5418 postrema
3626 5353 3772 5398 autem
3791 5333 3869 5389 rul-

2355 5427 2494 5488 gatze
2525 5417 2722 5474 favent.

2433 5489 2508 5560 (Ῐε)
2553 5490 2694 5546 Editi
2742 5501 2796 5547 et
2839 5491 3044 5560 aliquot
3093 5491 3312 5562 scripti.
3359 5491 3518 5545 novit.
3568 5487 3714 5560 Magis
3751 5481 3870 5556 placet

2359 5577 2480 5618 cum
2513 5565 2945 5633 castigatioribus
2975 5577 3106 5618 mss.
3133 5564 3347 5617 monuit.

2435 5657 2498 5728 (ι)
2538 5655 2595 5708 lu
2621 5671 2752 5711 mss.
2780 5655 2902 5728 Vat.
2930 5656 3071 5719 bas.,
3099 5656 3312 5712 Martia.
3337 5664 3390 5710 et
3415 5655 3643 5723 Rentig.,
3665 5658 3871 5728 quamq:

2361 5714 2559 5802 ederint
2587 5742 2606 5780 :
2636 5728 2797 5802 male.
2829 5727 2965 5783 Tum
2995 5714 3348 5802 permansisse,
3377 5729 3428 5782 id
3457 5714 3692 5792 estitam
3718 5723 3789 5800 diu
3810 5714 3874 5802 ad;

2363 5797 2606 5855 hmsisse.
2636 5800 2838 5871 Deinde
2866 5785 3304 5871 praepositionem
3400 5840 3415 5865 ,
3449 5785 3569 5852 ante
3594 5812 3684 5852 non
3709 5791 3807 5850 verit
3827 5785 3872 5838 εδ

2362 5871 2588 5926 Erasmo
2615 5865 2885 5930 additam:
2899 5865 3212 5928 sus’tulimus
3234 5880 3300 5926 es.
3333 5865 3435 5927 “de
3459 5877 3586 5924 mas.
