3996 6330
131 342 217 401 ΗἸ

1294 331 1381 388 oe
1419 328 1791 390 TRINITATE
1831 312 2041 390 LIBER
2081 333 2176 390 χι.

3276 333 3385 393 418

130 452 379 531 ρτορυεὶιτθ
418 444 772 505 festinationis
809 445 1136 518 ingressum,
1170 446 1246 520 (a)
1287 448 1673 507 revelationem
1699 453 1753 513 Α
1848 450 1941 507 ‘28.
1974 449 2211 521 Eripitur
2249 451 2320 507 eis
2346 451 2499 520 ﬁnem
2538 467 2648 507 esse
2676 451 3023 510 abolitionem.
3075 448 3224 508 Finis
3262 450 3388 523 quid

131 548 348 622 perfecta:
413 539 776 612 intelligentia:
829 549 1255 612 consequantur.
1314 540 1678 613 lngrediamur

128 647 280 715 itaque
303 640 353 696 in
378 651 481 710 quo
509 634 904 691 feStinavimus.
934 635 997 689 Et
1024 633 1072 689 si
1113 633 1251 691 forte
1277 631 1679 691 festinationem

128 747 332 796 nostram
360 730 491 788 devii
520 730 730 785 itineris
768 744 921 785 error
947 736 1221 796 moratur;
1262 744 1358 800 per
1386 729 1680 786 revelatio-

127 846 227 888 nem
264 837 427 884 tamen
459 824 547 880 Dei
592 823 647 879 in
674 822 725 878 id
756 823 899 895 quod
938 821 1312 880 festinavimus
1350 839 1566 881 rursum
1595 825 1680 880 itt-

127 923 299 999 gressi,
336 917 687 976 feSIittatiOnis
716 926 915 984 nostrae
962 933 1070 973 non
1103 916 1445 975 demutemus
1474 917 1683 988 ingres-

126 1032 243 1074 sum.
270 1010 650 1070 Festinavimus
678 1010 820 1067 enim
857 1010 926 1065 ad
968 1008 1245 1066 Christum
1276 1009 1460 1067 Jesum
1499 1011 1681 1067 Domi-

129 1125 232 1167 num
258 1105 430 1178 gloria:
457 1112 514 1159 et
533 1118 714 1173 regem
747 1112 1073 1159 mternorum
1107 1102 1431 1159 smculorum
1450 1143 1466 1170 ,
1498 1104 1550 1158 in
1575 1119 1685 1175 quo

126 1208 390 1259 restaurata
431 1206 556 1252 sunt
579 1196 757 1252 omnia
787 1197 841 1252 in
881 1196 1036 1252 cretis
1061 1207 1117 1252 et
1148 1196 1199 1252 in
1229 1204 1405 1263 terra,
1438 1195 1526 1252 cui
1553 1211 1685 1254 con-

126 1302 248 1350 stant
268 1289 457 1351 omnia,
488 1287 544 1344 in
579 1303 688 1359 quo
712 1296 915 1343 etcum
946 1303 1053 1359 quo
1079 1302 1294 1359 semper
1320 1287 1679 1344 manebimus.

125 1386 171 1441 In
196 1385 269 1441 his
297 1398 418 1455 ergo
448 1382 675 1454 ingressi
701 1381 940 1453 sapimus
970 1381 1202 1453 perfecte
1229 1399 1243 1435 :
1275 1390 1332 1438 et
1359 1381 1404 1437 si
1427 1381 1554 1453 quid
1586 1381 1686 1437 ali-

127 1490 192 1537 ter
213 1481 432 1548 sapimus
450 1518 467 1545 ,
500 1477 644 1551 Deus
671 1477 830 1532 nobis
857 1476 909 1532 id
938 1477 1081 1548 quod
1110 1475 1347 1549 perfecte
1367 1464 1577 1546 sapitur
1599 1491 1686 1533 re-

124 1576 308 1633 velabit.
353 1575 535 1638 Itaque
575 1572 871 1631 secundum
914 1572 1268 1643 apostolicam
1307 1571 1468 1628 fidem
1498 1585 1683 1627 sacra-

126 1680 327 1725 mentum
372 1665 636 1722 dictorum
687 1664 1036 1736 prmsentium
1082 1672 1470 1729 retractemus;
1519 1672 1574 1718 et
1619 1678 1684 1720 eo

124 1762 289 1828 modo,
318 1776 421 1833 quo
457 1760 708 1834 superius
734 1775 764 1814 a
791 1760 947 1815 nobis
972 1768 1197 1815 tractata
1232 1769 1356 1815 sunt
1390 1756 1594 1827 omnia,
1626 1768 1684 1815 ut

1782 546 1869 600 sit.
1902 574 1971 586 —-
2001 543 2151 599 Finis
2200 543 2382 615 itaque
2430 545 2562 616 legis
2613 544 2864 602 Christus
2910 554 3043 602 cst:
3092 553 3149 601 et
3201 559 3388 615 qutero

1784 649 1962 695 utrum
1991 636 2216 692 abolitio
2243 637 2378 709 legis
2398 634 2648 694 Christus
2669 637 2761 705 sit,
2785 654 2930 695 anne
2957 637 3254 710 perfectio?
3278 634 3388 693 Sed

1783 731 1832 786 si
1860 730 2036 802 legem
2064 727 2313 786 Christus
2332 770 2348 797 ,
2390 731 2482 802 qui
2511 732 2633 787 ﬁnis
2660 731 2778 802 ejus
2807 741 2891 789 est
2909 773 2925 799 ,
2956 747 3063 787 non
3103 730 3385 797 dissolvit,

1784 822 1881 880 sed
1909 824 2206 895 adimplet,
2249 824 2547 880 secundum
2589 825 2732 897 quod
2768 825 2842 881 ait
2876 843 2891 880 :
2927 824 3050 881 Non
3077 827 3191 882 ueni
3228 825 3390 898 legent

1784 916 2013 982 solvere,
2045 915 2135 971 sed
2172 915 2457 990 adimplere
2492 915 2709 990 (Matth.
2743 934 2795 985 ν,
2832 916 2957 989 17);
2989 917 3116 975 finis
3159 933 3266 975 non
3295 918 3391 976 de-

1784 1009 1947 1067 fectio
1969 1018 2075 1079 est,
2116 1010 2212 1067 sed
2243 1020 2617 1067 consummata
2649 1011 2932 1082 perfectio.
2960 1011 3217 1069 Tendunt
3242 1014 3386 1069 enim

1785 1103 1853 1159 ad
1882 1104 2044 1160 finem
2085 1103 2304 1173 omnia,
2337 1120 2444 1162 non
2476 1112 2535 1158 ut
2564 1118 2669 1160 non
2700 1105 2831 1171 sint,
2864 1104 2961 1161 sed
2994 1104 3067 1160 uti
3097 1103 3151 1161 in
3194 1121 3290 1174 eo,
3321 1104 3390 1161 ad

1785 1197 1931 1270 quod
1958 1198 2309 1267 tetenderint,
2343 1210 2621 1254 maneant.
2649 1199 2714 1255 Et
2738 1206 2964 1270 prepter
2986 1197 3149 1254 finem
3177 1198 3389 1267 omnia;

1785 1298 2042 1346 ueterum
2066 1288 2193 1345 finis
2221 1289 2288 1346 ad
2319 1289 2467 1346 aliud
2488 1289 2695 1361 aliquid
2724 1306 2829 1347 non
2855 1291 3109 1347 refertur.
3136 1290 3244 1348 Sed
3268 1306 3393 1347 cum

1788 1383 1911 1441 finis
1955 1381 2039 1458 (rt)
2083 1384 2266 1440 omnia
2310 1384 2414 1453 sit,
2449 1400 2673 1442 manens
2704 1385 2820 1456 ipse
2848 1384 2952 1443 sibi
2995 1396 3138 1442 totus
3182 1395 3284 1442 est.
3326 1385 3398 1442 Et

1786 1479 1909 1550 quia
1939 1494 2047 1535 non
2074 1480 2346 1549 excedens
2369 1496 2437 1536 ex
2478 1496 2601 1537 sese
2642 1480 2740 1536 ulli
2781 1481 2873 1536 alii
2921 1482 3151 1553 tempori
3198 1490 3291 1538 aut
3313 1480 3393 1538 rei

1790 1572 1968 1642 potius
1993 1588 2153 1643 quam
2181 1574 2283 1629 sibi
2310 1573 2553 1645 proficit;
2580 1574 2648 1631 ad
2673 1574 2836 1633 finem
2866 1576 3043 1640 ipsum
3070 1591 3287 1647 semper
3307 1576 3395 1633 in-

1791 1666 1959 1721 tentio
1978 1666 2097 1737 spei
2124 1656 2302 1723 omnis
2329 1669 2661 1725 extenditur.
2692 1669 2756 1725 Et
2788 1668 2993 1725 idcirco
3020 1670 3283 1725 Dominus
3310 1684 3399 1726 re-

1789 1757 1994 1831 ligiosm
2023 1759 2148 1816 fidei
2180 1761 2490 1830 patientiam
2517 1762 2608 1817 fini
2640 1779 2701 1819 se
2741 1773 3112 1820 reservantem
3131 1805 3149 1830 ,
3181 1764 3257 1821 ita
3301 1763 3396 1821 ad-

127 1870 309 1910 ontnem
335 1855 508 1925 impiae
544 1850 837 1910 voluntatis
866 1867 1087 1908 sensum
1120 1851 1222 1908 sub
1264 1851 1424 1908 dictis
1460 1861 1683 1923 aposto-
1713 1857 1764 1918 Β
1791 1852 2037 1909 hortatur
2076 1872 2089 1907 :
2136 1853 2329 1911 Beatus
2383 1857 2473 1926 qui
2521 1858 2859 1927 permanserit
2921 1876 3077 1932 usque
3129 1860 3186 1913 in
3237 1859 3395 1930 linem

126 1947 228 2004 licis
253 1944 323 2020 (ὁ)
352 1954 681 2018 pneceptum
716 1961 782 2002 ex
811 1945 929 2016 ipsa
963 1942 1087 2001 fidei
1116 1944 1428 2014 apostolicae
1451 1943 1680 2000 veritate

126 2042 393 2113 prodamus.

181 2133 259 2190 25.
296 2133 411 2189 Tria
451 2134 505 2189 in
535 2132 867 2206 qtttcstionem
910 2142 1109 2188 vocata.
1143 2161 1216 2173 —
1237 2130 1363 2187 Tria
1402 2128 1563 2202 igitur
1593 2142 1681 2186 se-

129 2228 320 2285 cundum
352 2227 621 2285 dictorum
649 2228 897 2283 ordinem
927 2226 980 2283 in
1007 2224 1362 2298 qurestioncm
1395 2230 1681 2290 vocantur,

124 2325 318 2395 pritnum
348 2322 491 2391 ﬁnis,
536 2322 734 2382 deinde
762 2321 1005 2390 traditio,
1049 2319 1247 2378 deinde
1276 2317 1545 2390 subiectio
1575 2335 1588 2372 :
1623 2325 1682 2373 ut

125 2437 203 2492 per
229 2420 333 2477 hinc
355 2429 446 2476 aut
469 2420 689 2476 desinat
714 2417 962 2474 Christus
1019 2415 1073 2471 in
1131 2416 1260 2483 line,
1311 2424 1404 2470 aut
1456 2428 1685 2485 regnum

125 2512 347 2571 tradendo
373 2528 476 2569 non
507 2518 719 2579 teneat,
737 2518 829 2566 aut
854 2518 1007 2566 extra
1034 2509 1126 2566 Dei
1152 2517 1400 2565 naturam
1422 2507 1536 2563 Deo
1557 2506 1687 2563 sub-

121 2606 265 2677 iectus
283 2609 518 2665 exsistat.

176 2700 253 2758 26.
296 2702 622 2774 Objectorum
670 2699 831 2756 Pauli
886 2699 1152 2756 uerborum
1206 2698 1476 2754 connexio.
1510 2694 1687 2751 —-Ac

126 2793 324 2865 primum
353 2795 687 2853 noscendum
717 2806 834 2861 est,
876 2809 983 2849 non
1011 2793 1157 2849 hunc
1182 2792 1431 2848 ordinem
1463 2799 1686 2862 aposto-

122 2886 217 2946 lica:
236 2902 347 2945 esse
374 2888 661 2947 doctrinm.
690 2888 930 2944 Primum
958 2885 1102 2942 enim
1132 2885 1282 2957 regni
1315 2882 1532 2940 traditio
1564 2892 1683 2951 est,

123 2982 285 3039 deinde
322 2982 624 3054 subjectio,
668 2990 946 3052 postremo
985 2978 1128 3034 finis.
1170 2976 1278 3037 Sed
1307 2976 1535 3046 singulis
1561 2975 1683 3047 qui-

119 3072 294 3147 busque
330 3075 508 3132 causis
546 3073 765 3146 propria
795 3087 1131 3143 quarumque
1170 3084 1452 3126 causarum
1483 3081 1683 3141 genera

120 3170 324 3239 subjecta
349 3182 474 3227 sunt
502 3189 517 3226 :
555 3179 617 3226 ut
639 3168 768 3226 dum
794 3183 883 3224 res
923 3165 1149 3238 singula:
1177 3165 1230 3219 in
1265 3178 1351 3219 res
1375 3162 1511 3218 alias
1539 3160 1686 3216 desi-

1785 1946 2001 2019 (llattli.
2036 1963 2089 2015 κ,
2114 1946 2234 2019 22),
2281 1963 2387 2005 non
2414 1950 2598 2022 utique
2623 1958 2686 2006 ut
2730 1952 2802 2007 sit
2832 1950 2989 2009 beata
3031 1951 3295 2021 defectio,
3343 1962 3400 2011 et

1785 2055 1890 2095 non
1919 2055 2040 2097 esse
2063 2041 2132 2096 sit
2157 2041 2364 2097 fructus
2385 2083 2400 2109 ,
2432 2052 2485 2099 et
2514 2059 2726 2100 merces
2747 2043 2875 2101 fidei
2916 2044 2993 2117 (ε)
3022 2044 3105 2103 sui
3132 2046 3395 2117 cujusque

1785 2133 2145 2189 constituatur
2171 2134 2395 2191 abolitio
2423 2153 2437 2189 :
2467 2137 2564 2193 sed
2593 2137 2720 2209 quia
2750 2137 2874 2195 finis
2902 2139 3203 2209 proposita:
3223 2139 3398 2196 beati-

1786 2229 1987 2285 tudinis
2014 2228 2334 2287 inexcessus
2360 2230 2554 2287 modus
2591 2239 2705 2299 est,
2754 2232 2898 2287 beati
2927 2240 3056 2288 sunt
3083 2233 3175 2304 qui
3224 2247 3397 2304 usque

1785 2323 1853 2379 ad
1882 2324 2045 2380 finem
2073 2323 2516 2397 consummandze
2545 2326 2897 2381 beatitudinis
2931 2327 3249 2396 manserint,
3288 2341 3398 2383 non

1787 2417 1925 2473 ultra
1951 2432 2011 2473 se
2036 2416 2210 2474 fidelis
2235 2418 2348 2487 spei
2378 2420 2783 2490 exspectatione
2812 2420 3083 2477 tendente.
3112 2419 3258 2478 Finis
3286 2420 3387 2476 ita-

1787 2529 1891 2585 que
1917 2523 1996 2570 est
2027 2513 2278 2570 manendi
2307 2514 2602 2570 immobilis
2626 2514 2695 2571 ad
2736 2531 2894 2586 quem
2929 2516 3168 2571 tenditur
3193 2508 3407 2571 status.’

1789 2606 2031 2678 Denique
2058 2606 2352 2679 Apostolus
2374 2607 2667 2680 impietatis
2692 2607 2858 2664 finem
2881 2608 2947 2665 ad
2977 2609 3261 2669 desinendi
3283 2624 3397 2666 me—

1788 2712 1900 2760 tum
1942 2717 2319 2775 praemonens,
2370 2705 2447 2760 ait
2487 2723 2501 2760 :
2551 2703 2779 2773 Quorum
2830 2704 2948 2773 ﬁnis
2996 2713 3076 2760 est
3124 2704 3395 2770 interitus,

1788 2806 1966 2853 nostra
1991 2807 2159 2854 autem
2186 2798 2264 2871 (f)
2292 2798 2606 2870 exspectatio
2651 2799 2708 2854 in
2749 2798 2889 2853 cwlis
2932 2806 3007 2853 est
3037 2797 3268 2869 (Philip.
3303 2812 3398 2865 ut,

1790 2892 1858 2948 19
1884 2902 1932 2948 et
1958 2890 2078 2961 20).
2124 2891 2184 2949 Si
2222 2892 2404 2965 itaque
2440 2902 2497 2949 et
2537 2891 2713 2948 beatis
2745 2902 2801 2949 et
2833 2892 3014 2963 impiis
3047 2892 3171 2949 finis
3194 2902 3315 2959 est,
3347 2897 3402 2949 et

1789 2988 1911 3045 finis
1939 2988 2260 3060 intelligitur
2286 3003 2409 3044 esse
2437 2986 2707 3045 defectio:
2746 2987 3060 3059 religionem
3104 2996 3266 3058 atque
3295 2986 3399 3042 im-

1790 3084 2044 3154 pietatem
2081 3082 2200 3138 finis
2228 3091 2496 3154 exaequat,
2527 3081 2689 3155 393
2716 3082 2838 3153 quia
2864 3080 2941 3155 (g)
2973 3088 3260 3152 utrumque
3304 3093 3401 3150 per

1790 3178 2139 3233 constitutmn
2174 3176 2333 3231 finem
2378 3177 2448 3232 sit
2486 3177 2536 3230 in
2577 3191 2865 3231 commune
2899 3190 3003 3232 non
3032 3187 3172 3231 esse.
3210 3173 3273 3228 Et
3304 3171 3399 3230 ubi

120 3257 253 3330 nant,
279 3263 467 3320 habent
503 3277 726 3333 semper
752 3260 1119 3331 ευῦἱῖιεθηιθηι
1150 3257 1252 3313 Sibi
1281 3271 1500 3312 causam
1524 3268 1686 3347 causa
1713 3255 1759 3320 C
1791 3270 2126 3340 exspectatio
2152 3279 2337 3325 nostra
2368 3268 2420 3323 in
2456 3268 2607 3325 cmlis
2635 3277 2742 3333 est,
2773 3268 2819 3323 si
2846 3282 2942 3338 per
2970 3267 3134 3323 finem
3163 3279 3285 3324 esse
3311 3279 3427 3347 se-V

121 3355 415 3424 praecedens.
444 3356 604 3414 Finis
631 3354 776 3412 enim
806 3353 944 3420 erit;
974 3352 1137 3424 392
1162 3349 1256 3407 sed
1282 3364 1404 3405 cum
1447 3346 1687 3404 tradide-

120 3448 174 3504 rit
211 3465 420 3521 regnum
454 3451 594 3507 Deo.
626 3447 828 3503 Tradet
874 3456 1052 3502 autem
1103 3459 1363 3515 regnum;
1417 3441 1512 3498 sed
1561 3456 1687 3497 cum

119 3544 422 3599 evacuaverit
459 3557 688 3598 omnem
723 3540 1098 3611 magistratum
1126 3546 1182 3595 et
1206 3552 1422 3593 onmem
1452 3545 1690 3607 potesta-

121 3640 225 3690 tem.
256 3635 545 3692 Evacuabit
576 3642 760 3690 autem
782 3648 999 3690 omnem
1022 3630 1395 3702 magistratum
1423 3638 1480 3685 ct
1506 3637 1690 3701 potes-

118 3736 281 3796 tatem,
312 3732 434 3803 quia
477 3738 702 3802 oportet
742 3745 864 3786 eum
896 3742 1150 3800 regnare.
1181 3724 1448 3797 Regnabit
1476 3732 1683 3791 attlem,

118 3820 262 3881 donec
287 3834 447 3896 ponat
471 3839 671 3881 omnes
699 3822 948 3878 inimicos
973 3821 1075 3877 sub
1103 3820 1329 3891 pedibus
1351 3817 1486 3874 suis.
1518 3817 1688 3873 Ponet

116 3931 222 3974 vero
253 3920 495 3976 inimicos
525 3919 633 3976 sub
674 3917 900 3989 pedibus
926 3916 1072 3983 suis;
1106 3917 1231 3986 quia
1263 3914 1405 3970 Deus
1430 3913 1480 3970 ei
1510 3911 1707 3989 subjei

117 4009 176 4065 cit
197 4013 362 4069 omnia
386 4013 492 4069 sub
522 4011 756 4084 pedibus
785 4009 925 4082 ejus.
952 4009 1196 4079 Subjecit
1222 4016 1399 4064 autem
1424 4007 1567 4063 Deus
1590 4005 1687 4072 ita,

116 4113 165 4157 ut
197 4106 473 4164 novissima
505 4107 581 4162 ab
625 4121 693 4162 eo
735 4120 880 4160 mors
925 4102 1140 4159 inimica
1170 4101 1435 4157 vincatur.
1487 4098 1690 4156 Dehinc

115 4198 340 4271 subjectis
369 4202 630 4258 omnibus
677 4201 759 4267 ei,
808 4208 1003 4270 praeter
1050 4214 1173 4253 eum
1217 4197 1306 4269 qui
1359 4195 1591 4266 subjecit
1637 4194 1688 4249 ei

116 4292 298 4359 omnia;
329 4303 458 4352 tunc
487 4292 809 4364 subjicietur
850 4291 964 4363 ipse
1007 4289 1313 4362 subjicienti
1347 4287 1452 4345 sibi
1480 4287 1684 4343 omnia.

114 4381 445 4458 Subjectionis
485 4404 622 4447 vero
662 4401 824 4443 causa
867 4400 974 4442 non
1016 4385 1121 4442 alia
1152 4391 1269 4449 est,
1313 4398 1472 4456 quam
1520 4393 1578 4439 ut
1619 4381 1691 4437 sit

114 4476 233 4536 Deus
256 4484 430 4539 omnia
464 4486 519 4540 in
550 4482 822 4539 omnibus.
852 4480 1003 4537 Finis
1034 4478 1216 4551 itaque
1237 4486 1340 4548 est,
1372 4490 1493 4535 esse
1516 4476 1686 4534 Deum

113 4574 260 4631 omnia
281 4578 333 4633 in
358 4578 641 4639 omnibus.

1791 3363 2024 3419 cundum
2082 3361 2281 3433 impios
2333 3361 2421 3433 (ad
2454 3362 2625 3418 instar
2669 3360 3000 3432 impiorum)
3055 3358 3401 3417 desinamus?

1789 3454 1942 3525 Quod
1971 3456 2017 3511 si
2042 3456 2243 3525 sanctis
2270 3455 2626 3526 exspectatio,
2662 3454 2845 3525 impiis
2868 3468 2998 3510 vero
3029 3453 3154 3510 ﬁnis
3180 3452 3395 3509 debitus

1790 3563 1912 3605 esse
1934 3548 2130 3605 dicitur
2154 3566 2168 3603 :
2200 3559 2376 3605 tamen
2403 3564 2470 3604 ne
2496 3549 2576 3604 sic
2602 3546 2820 3619 quidem
2849 3547 2970 3603 finis
2997 3547 3242 3604 creditur
3271 3560 3396 3606 esse

1790 3641 2055 3710 defectio;
2086 3644 2210 3715 quia
2233 3660 2352 3713 qttzc
2380 3659 2539 3715 pcena
2571 3643 2865 3715 impietatis
2890 3652 2994 3711 est,
3025 3643 3249 3699 omnino
3280 3658 3391 3701 non

1789 3751 1911 3793 esse
1931 3736 1998 3793 ad
2030 3751 2310 3808 poenarum
2343 3736 2618 3792 ultricium
2644 3751 2887 3800 sensum,
2921 3750 3083 3792 causa
3108 3737 3160 3792 in
3188 3735 3273 3792 bis
3293 3750 3394 3809 per

1791 3828 2147 3885 defectionem
2180 3829 2263 3885 sui
2294 3844 2399 3885 non
2430 3836 2680 3886 exstante
2722 3828 3001 3899 patiendi?
3030 3827 3180 3885 Finis
3218 3830 3401 3901 itaque

1791 3932 1875 3980 est
1910 3923 2308 3980 indcmutanda:
2339 3922 2742 3979 constitutionis
2785 3938 3034 3978 mansura
3084 3921 3347 3992 perfectio
3379 3939 3396 3980 :

1790 4032 1909 4088 qua:
1938 4025 1992 4071 et
2031 4014 2350 4073 beatitudini
2396 4024 2703 4084 reservata,
2735 4025 2789 4072 et
2831 4014 3096 4086 impietati
3125 4024 3210 4072 est
3251 4030 3398 4087 pra:-

1791 4117 1995 4179 parata.

1860 4198 1953 4256 29.
1981 4197 2143 4271 Regni
2166 4198 2492 4255 traditionem
2512 4216 2615 4255 non
2633 4214 2740 4256 esse
2762 4201 3013 4273 regnandi
3036 4201 3394 4274 defectionem.

1788 4325 1863 4337 —
1887 4294 2038 4352 Nunc
2069 4295 2233 4366 igitur
2261 4294 2386 4367 quia
2430 4294 2541 4366 jam
2570 4294 2766 4367 ambigi
2798 4311 2902 4350 non
2951 4305 3170 4368 potest,
3205 4297 3259 4353 in
3290 4296 3397 4354 fine

1791 4405 1903 4445 non
1943 4387 2302 4446 defectionem
2329 4432 2346 4458 ,
2376 4388 2472 4445 sed
2516 4403 2622 4444 non
2653 4403 2999 4446 excessuram
3048 4390 3397 4448 constitutio-

1793 4497 1917 4539 nem
1945 4498 2068 4540 esse
2098 4483 2501 4556 intelligendam
2528 4527 2544 4554 ,
2574 4499 2900 4557 quamquam
2931 4484 3108 4543 adhuc
3146 4485 3396 4559 quaedam

1792 4575 1847 4633 in
1878 4577 1994 4650 ipsa
2022 4577 2156 4634 dicti
2192 4577 2534 4636 absolutione
2580 4578 2690 4635 sint
2741 4590 3052 4637 reservata:
3098 4589 3278 4639 tamen
3309 4580 3398 4639 bis

166 4668 245 4725 27.
278 4672 415 4739 Quid
435 4673 715 4729 obtendant
735 4671 976 4728 ltwretici.
996 4700 1068 4712 —-
1085 4669 1158 4726 Et
1175 4668 1525 4742 quaerendum
1547 4684 1689 4726 nunc
1714 4652 1767 4713 Ῑ)
1797 4679 2004 4727 tantum
2028 4670 2096 4727 ad
2136 4670 2584 4743 significationem
2630 4686 2822 4729 sensus
2863 4672 3249 4730 demonstratis
3273 4716 3288 4739 ,
3318 4674 3400 4731 vi-

111 4773 212 4822 ante
249 4767 420 4825 omnia
469 4778 591 4835 est,
644 4783 710 4823 an
760 4766 883 4821 finis
924 4765 1158 4822 defectio
1198 4765 1301 4832 sit,
1349 4781 1418 4820 an
1470 4763 1688 4821 traditio

111 4859 302 4915 amissio
323 4863 431 4928 sit,
472 4876 542 4916 an
587 4859 852 4932 subjectio
894 4858 1182 4915 infirmitas
1226 4857 1316 4914 sit.
1360 4858 1492 4927 Qum
1522 4859 1569 4914 si
1599 4858 1686 4914 his

110 4949 191 5005 sibi
227 4955 514 5011 contrariis
555 4969 665 5010 non
688 4952 1047 5024 subjacebunt
1068 4994 1084 5022 ,
1116 4962 1277 5008 erunt
1318 4953 1371 5008 in
1398 4966 1461 5008 ea
1491 4950 1690 5008 intelli-

109 5047 276 5113 gentiae
304 5050 537 5106 veritate
570 5046 643 5121 (c)
677 5063 782 5119 qua
810 5046 951 5112 dicta
981 5054 1126 5103 sunt.

166 5235 231 5306 (α)
259 5238 418 5296 Solus
447 5236 627 5295 codex
648 5234 770 5292 Vat.
798 5235 915 5294 bas.
936 5276 951 5301 ,
981 5232 1306 5289 reuelationis
1334 5232 1579 5305 perfecta:
1602 5230 1686 5285 in-

108 5306 423 5379 telligentiam.
459 5310 602 5364 Tum
646 5308 906 5379 plerique,
937 5322 1321 5379 consequamur.

168 5374 236 5452 (6)
273 5384 426 5454 Apud
472 5382 613 5437 Bad.
645 5374 701 5437 et
740 5374 858 5454 Erl,
904 5374 1191 5454 deceptum.
1235 5375 1393 5454 Apud
1432 5374 1581 5454 Lips.
1634 5382 1690 5430 et

108 5447 234 5524 ᾑτιὲῂ
260 5447 576 5524 praereptum
601 5469 620 5508 :
647 5468 753 5508 non
785 5447 855 5507 ita
885 5447 1045 5524 male".
1085 5451 1142 5505 In
1175 5465 1304 5506 mss.
1338 5447 1606 5524 Vat._l_)as.
1633 5455 1689 5502 et

105 5516 318 5589 Martio"
363 5516 664 5601 praecepth
706 5523 1044 5601 ln‘czeleris,
1073 5532 1445 5601 praeceptumL
1464 5520 1516 5575 id
1564 5526 1682 5585 est,

106 5593 551 5670 preconce'ptum.
573 5594 706 5652 Cum
732 5593 1026 5670 hisconfer
1048 5593 1208 5650 verba
1233 5609 1381 5649 num.
1414 5594 1468 5648 7.

163 5666 230 5740 (c)
266 5666 483 5726 Martin.
520 5683 626 5724 ms.
656 5683 772 5734 qua:
800 5668 938 5740 dicta
967 5675 1105 5740 sunt.

162 5738 236 5812 (ά)
276 5742 415 5799 Editi
437 5784 452 5808 ,
484 5742 717 5797 omnium
741 5740 827 5794 sit.
859 5738 1188 5795 Concinnius
1226 5752 1356 5794 mss.
1386 5738 1558 5812 omnia
1575 5739 1645 5812 sit
1665 5752 1687 5794 :

104 5810 229 5879 quod
264 5815 315 5871 in
326 5814 495 5872 Corb.
522 5826 874 5885 corrumpere
901 5825 1184 5884 perperam
1207 5811 1431 5868 tentavit
1448 5810 1684 5868 secunda

103 5896 291 5946 manus.

1797 4762 2020 4820 deamus
2049 4779 2118 4820 an
2150 4764 2366 4821 traditio
2397 4765 2548 4837 regni
2573 4764 2804 4821 defectio
2829 4768 2900 4822 sit
2945 4765 3290 4839 intelligenda
3315 4782 3401 4825 res

1792 4859 2030 4932 gnandi;
2061 4870 2120 4916 ttt
2170 4860 2313 4931 quod
2345 4861 2508 4917 tradit
2553 4859 2726 4918 Filius
2772 4860 2955 4930 Patri,
2987 4862 3248 4919 tradendo
3288 4877 3400 4921 non

1796 4964 1997 5011 teneat.
2028 4953 2183 5022 Quod
2206 4955 2252 5011 si
2273 4956 2394 5026 quis
2422 4955 2603 5012 stultae
2631 4957 2924 5029 impietatis
2952 4957 3137 5016 furore
3168 4969 3397 5017 conten-

1795 5046 1917 5113 det;
1952 5046 2183 5104 fateatur
2211 5062 2437 5106 necesse
2467 5056 2553 5106 est
2589 5048 2805 5107 Patrem
2834 5092 2850 5120 ,
2876 5065 3002 5108 eum
3034 5051 3256 5110 tradidit
3283 5067 3402 5109 om-

1867 5229 1942 5306 (e)
1979 5230 2037 5289 In
2062 5232 2315 5306 vulgatis,
2344 5249 2476 5290 saw.
2504 5233 2727 5292 Rectius
2750 5235 2806 5292 in
2831 5250 2962 5293 mss.
2996 5238 3101 5301 sui,
3131 5237 3253 5295 scil.
3283 5236 3401 5293 aba-

1792 5303 1945 5380 litio;
1973 5303 2274 5380 quatbeata
2319 5320 2445 5380 esse
2490 5307 2707 5380 nequit,
2738 5311 2862 5380 quia
2903 5308 3139 5367 defectio
3169 5325 3275 5366 non
3315 5318 3403 5366 est

1792 5374 2141 5454 beatitudinis
2166 5392 2359 5449 capax.
2386 5378 2507 5436 Mox
2538 5374 2858 5449 inaccessas,
2890 5380 2942 5436 id
2970 5390 3084 5451 est,
3111 5396 3217 5454 quo
3256 5381 3400 5441 ultra

1794 5448 1963 5504 tendit
1991 5461 2246 5521 nequeat.

1870 5541 1942 5617 (f)
1984 5544 2204 5616 Aliquot
2227 5559 2361 5603 mss.
2386 5545 2743 5616 recentiores,
2770 5550 3109 5605 conversatio.

1871 5663 2134 5741 (ωλι)μὰ
2164 5663 2321 5741 Dad.,
2350 5663 2583 5741 utrique:
2610 5664 2807 5741 probe,
2838 5666 2883 5721 si
2911 5664 3158 5724 faverent
3181 5668 3389 5741 scripti.

1792 5736 1853 5794 In
1882 5735 2105 5808 reliqUis
2132 5735 2264 5793 edit.
2313 5739 2587 5813 utrimque.
2614 5735 2709 5813 At
2731 5739 2788 5813 in
2838 5752 2974 5813 mss.
3015 5754 3211 5813 magno
3263 5735 3398 5799 con.

1793 5823 1978 5888 sensu,
2002 5807 2310 5888 utrumque;
2341 5808 2484 5880 quod
2502 5807 2570 5888 de
2590 5808 2855 5879 religione
2878 5818 2936 5868 et
2962 5807 3239 5882 impiétate
3260 5830 3400 5888 prte-

1793 5881 2055 5952 dicatttm,
2086 5880 2155 5938 ad
2185 5878 2288 5938 non
2313 5878 2422 5938 esse
2451 5878 2717 5939 referatur
2744 5897 2970 5942 necesse
2992 5878 3097 5942 est.
