3996 6330
604 318 710 387 llo

1812 317 2058 380 SANC'I‘I
2093 313 2349 377 HlLARIl
2371 315 2682 378 EPISCOPI

3732 327 3803 386 ηο

608 446 690 496 nia
747 443 914 507 Filio,
940 440 1186 496 amisisse
1231 437 1491 494 tradendo
1519 478 1534 504 ,
1567 437 1611 491 si
1661 437 1946 514 tradidisse
1991 434 2203 489 traditis
2229 435 2281 495 Α
2378 435 2466 489 Si.
2503 434 2709 490 Christo
2739 435 2843 499 iam
2871 434 3103 504 subiecta
3149 442 3266 489 sunt
3289 474 3304 502 ,
3332 450 3441 508 qua
3464 437 3672 493 dicuntur
3692 445 3807 514 subju-

604 550 762 604 egere
792 533 1077 602 signiticet.
1109 531 1197 585 Ait
1218 531 1360 585 enim
1394 528 1684 594 Dominus,
1711 507 1908 580 bmnia
1948 527 2074 580 mihi
2099 537 2206 580 tra-

605 631 712 681 dita
740 636 857 681 sunt
881 644 913 680 a
942 637 1087 696 patre
1114 641 1226 679 meo
1257 623 1415 696 (Luc.
1449 639 1478 677 it
1508 663 1523 688 ,
1554 621 1682 693 '22);
1709 629 1766 676 et
1791 635 2038 675 rursum:
2065 617 2204 672 Data

604 731 676 775 est
720 722 845 775 mihi
873 720 1039 774 ontnis
1082 730 1304 789 potestas
1346 718 1400 772 in
1448 717 1573 770 cwlo
1603 727 1649 770 et
1697 717 1750 770 in
1795 725 1931 770 terra
1985 711 2202 785 (Matth.

605 832 794 880 xxi/tn,
823 816 935 888 18).
960 815 1015 870 Si
1040 815 1201 886 igitur
1242 814 1536 869 tradidisse
1588 811 1829 868 caruisse
1874 821 1988 875 est;
2049 810 2206 864 Pater

603 924 816 978 quoque
849 907 932 962 bis
960 924 1080 978 qua:
1108 906 1256 962 dedit
1299 907 1490 961 earuit.
1527 905 1680 972 Quod
1711 905 1754 958 si
1797 905 1955 959 Pater
1986 901 2206 957 traden-

604 1000 674 1054 du
697 1014 802 1054 non
827 1001 1036 1062 caruit;
1068 1014 1135 1054 ne
1183 997 1350 1052 Filius
1379 997 1596 1068 quidem
1630 997 1852 1068 intelligi
1900 1003 2078 1065 potest
2123 993 2207 1048 his

605 1107 765 1162 egere
795 1107 913 1162 quae
944 1090 1126 1146 tradit.
1170 1090 1315 1160 Ergo
1361 1091 1409 1144 si
1437 1089 1722 1144 tradidisse
1774 1087 1986 1153 omnia,
2019 1087 2100 1139 bis
2130 1087 2210 1154 ip-

604 1186 682 1240 sis
705 1201 825 1254 qua:
854 1185 1071 1239 tradidit
1108 1200 1214 1240 non
1246 1184 1460 1240 videtur
1496 1183 1746 1254 eguisse;
1784 1182 2051 1250 reliquum
2082 1188 2166 1233 est
2189 1220 2204 1244 ,

608 1291 664 1333 ιιι
686 1279 738 1334 in
760 1279 1021 1334 tradendo
1040 1278 1460 1349 dispensationis
1474 1294 1635 1332 causa
1667 1287 1939 1341 noscatur,
1949 1275 2029 1348 (a)
2042 1288 2139 1328 cur
2153 1282 2208 1329 et

607 1371 767 1427 Pater
799 1371 1058 1426 tradendo
1087 1387 1194 1426 non
1223 1381 1419 1436 careat,
1442 1369 1674 1425 etFilius
1703 1369 1882 1423 dando
1903 1384 2010 1424 nun
2025 1376 2205 1439 egeat.

679 1467 768 1520 50.
813 1465 1080 1538 Subjectio
1122 1465 1312 1519 Christi
1364 1481 1467 1518 non
1521 1464 1858 1517 humilitatem
1900 1472 2050 1516 sonat
2075 1503 2090 1527 ,
2119 1459 2208 1514 sed

609 1560 1058 1628 dispensationem.
1089 1587 1162 1598 —
1186 1557 1259 1612 De
1281 1557 1620 1627 subjectione
1650 1567 1830 1610 autem
1853 1595 1868 1621 ,
1900 1571 1968 1609 ne
1993 1553 2122 1624 quid
2156 1553 2207 1606 in

607 1669 669 1707 ea
692 1651 1143 1707 contumeliosum
1167 1649 1304 1705 Filio
1323 1651 1610 1720 deputetur
1629 1691 1642 1714 ,
1669 1663 1796 1704 cum
1824 1649 1926 1703 alia
1952 1647 2205 1702 nonnulla

610 1748 733 1801 lidei
786 1756 982 1802 nostra:
1022 1746 1390 1815 opitulentur,
1446 1745 1717 1815 prmcipue
1751 1755 1928 1798 tamen
1971 1742 2077 1797 sibi
2121 1740 2208 1796 hic

2305 529 2506 583 cienda.
2532 558 2604 569 —
2627 529 2696 584 Et
2725 528 2802 601 (Γ)
2833 528 2978 598 quod
3007 529 3106 593 sit,
3152 531 3441 586 secundum
3481 529 3599 587 lianc
3624 537 3805 590 eamdem

2307 625 2430 680 ﬁdei
2460 635 2661 680 nosti-te
2685 640 2836 695 spem
2869 625 3275 694 intelligendum
3313 634 3413 681 est.
3443 625 3559 680 Nam
3596 644 3810 700 resurgen-

2309 727 2417 773 tem
2449 735 2476 772 a
2531 719 2758 773 mortuis
2790 719 3073 774 Dominum
3127 718 3305 774 Jesum
3337 718 3588 775 Christum
3624 723 3769 779 sedere
3792 743 3810 779 τι

2307 810 2519 867 dextris
2553 812 2670 878 Dei,
2704 827 2812 866 non
2844 813 3140 882 ignorabile
3167 825 3248 867 est
3273 855 3287 880 ,
3316 814 3470 869 etiam
3508 814 3815 884 Apostolotes—

2311 915 2478 971 tante,
2506 921 2628 959 cum
2660 906 2736 960 ait
2763 924 2774 958 ε
2803 905 3099 959 Secundum
3137 907 3478 977 operationem
3505 911 3706 975 potentia:
3738 913 3814 978 {or-

2308 998 2540 1051 titndinis
2571 1001 2684 1070 ejus
2712 1039 2726 1063 ,
2755 1014 2908 1064 quam
2937 1008 3178 1068 operatus
3220 1007 3292 1052 est
3319 999 3371 1052 in
3399 998 3603 1065 Christo,
3625 1019 3718 1055 cum
3737 1020 3815 1057 eum

2309 1093 2544 1147 excitavit
2575 1109 2605 1144 a
2635 1093 2870 1159 mortuis,
2901 1103 2947 1146 et
2989 1092 3260 1148 collocavit
3300 1093 3366 1146 ad
3404 1094 3817 1151 deaterarnsuamin
3919 1092 3921 1144 i

2311 1187 2451 1241 (telis
2481 1204 2634 1258 super
2659 1204 2859 1242 onmem
2896 1187 3242 1258 principatum
3268 1197 3313 1241 et
3344 1197 3620 1256 potestatem
3639 1201 3677 1243 et
3702 1191 3816 1244 virts-
3919 1219 3921 1222 ι

2310 1287 2408 1332 tein
2453 1287 2503 1332 et
2544 1279 2961 1346 dominationem,
2988 1289 3035 1334 et
3059 1295 3207 1332 omne
3227 1295 3409 1334 nomen
3443 1280 3569 1350 quod
3605 1282 3820 1337 nominatur

2310 1385 2411 1424 non
2438 1371 2603 1424 solum
2632 1371 2688 1424 in
2729 1371 2826 1424 hoc
2849 1372 3072 1436 sarculo,
3103 1371 3192 1424 sed
3221 1383 3267 1425 et
3308 1371 3361 1424 in
3390 1373 3556 1442 futuro
3577 1414 3590 1435 ,
3627 1384 3665 1426 et
3703 1377 3821 1427 omnia

2310 1464 2526 1536 subjecit
2565 1466 2656 1520 sub
2685 1465 2898 1533 pedibus
2923 1469 3033 1539 ejus
3063 1463 3282 1539 (Epiros.
3309 1483 3348 1533 t,
3375 1465 3442 1522 l9
3461 1476 3504 1519 et
3536 1470 3681 1536 seqq).
3723 1469 3819 1536 Apa-

2310 1558 2534 1612 Stolicns
2566 1574 2796 1628 namque
2817 1575 2997 1613 sermo
3021 1560 3318 1614 secundum
3345 1559 3435 1612 Dei
3470 1568 3744 1629 potestatem
3761 1579 3823 1630 pro

2312 1650 2598 1718 l'actisjam
2630 1651 2807 1705 futura
2857 1652 3141 1722 significat.
3181 1652 3313 1719 Quae
3341 1652 3482 1706 enini
3508 1668 3593 1720 per
3633 1653 3822 1720 adimple-

2313 1744 2512 1797 tionem
2548 1755 2847 1814 temporum
2880 1757 3003 1799 sunt
3039 1746 3277 1812 gerenda
3300 1788 3314 1810 ,
3344 1761 3407 1800 ea
3435 1746 3542 1816 jam
3573 1747 3618 1801 in
3656 1746 3823 1812 Cbrlslo,
3921 1761 3923 1766 ·

607 1841 724 1910 ipse
751 1843 902 1897 lacus
923 1839 1117 1896 aderit.
1153 1841 1218 1895 Et
1247 1840 1476 1910 primum
1513 1853 1853 1894 communem
1876 1851 2095 1892 sensum
2130 1836 2210 1888 ιιι-
2239 1823 2288 1890 Β
2317 1836 2366 1890 in
2397 1853 2506 1907 quo
2531 1840 2708 1890 οιιιιιίς
2730 1847 2814 1893 est
2847 1838 2926 1909 (g)
2978 1839 3277 1909 plenitudo,
3307 1840 3626 1895 consistunt:
3653 1847 3698 1894 ιι
3728 1856 3824 1909 qua:-

610 1945 847 2005 terrngo,
893 1945 1073 1989 utrum
1103 1950 1246 1989 nunc
1274 1934 1668 2002 snbjectionem
1697 1932 1767 1986 ita
1810 1929 2207 2000 intelligendam

613 2037 879 2097 putemus,
915 2037 1187 2098 tamquam
1215 2030 1532 2083 servitutem
1555 2023 1856 2080 duininatui
1883 2066 1895 2088 ,
1927 2033 2040 2077 aute
2062 2023 2214 2077 inlir—

610 2124 852 2178 iniiatem
887 2124 1069 2177 virtuti
1096 2164 1110 2190 ,
1141 2131 1235 2176 aut
1266 2123 1456 2178 honori
1489 2119 1964 2175 inhonorationcm
1995 2131 2212 2172 contra-

608 2216 702 2270 riis
728 2216 1075 2286 qualitatibus
1105 2214 1386 2269 subdinnts
1414 2256 1428 2278 ,
1460 2224 1518 2268 ut
1544 2212 1713 2267 Filius
1745 2210 2043 2267 secundum
2094 2209 2211 2263 haec

609 2309 718 2362 Den
749 2309 884 2377 patri
936 2311 1008 2362 sit
1054 2309 1372 2362 dissidentis
1403 2315 1606 2361 natura:
1637 2307 1951 2382 diversitpte
1999 2303 2214 2372 subjec-

612 2413 712 2454 tus.
743 2400 895 2467 Quod
925 2400 970 2454 si
1005 2403 1077 2453 ita
1105 2397 1524 2463 existiniabitur,
1551 2412 1790 2452 errorem
1827 2397 1971 2450 hunc
1997 2396 2211 2464 opinio-

609 2495 690 2549 nis
717 2493 964 2549 [minante
992 2494 1279 2562 apostolici
1321 2492 1588 2549 sermonis
1619 2492 1829 2548 cautela
1881 2489 2207 2560 prohibebit.

606 2587 874 2653 Subjectis
900 2586 1045 2642 enim
1090 2586 1190 2640 sibi
1223 2584 1503 2648 erunibus.
1535 2595 1662 2642 tunc
1692 2585 1774 2654 (ὁ)
1814 2581 2209 2654 subjiciendum

609 2677 915 2746 subjicienti
948 2679 1050 2732 sibi
1082 2679 1265 2733 omnia
1288 2679 1396 2734 ait:
1445 2689 1499 2734 et
1529 2693 1624 2747 per
1650 2677 1725 2744 id,
1756 2677 1900 2748 quod
1930 2685 2057 2734 tunc
2085 2677 2215 2734 sub-

605 2767 868 2838 jicietur,
923 2768 1386 2839 dispensationem
1447 2769 1773 2838 signiﬁcavit
1834 2770 1888 2828 in
1945 2779 2209 2838 tempore.

609 2862 743 2918 Nam
771 2863 818 2918 si
846 2862 1242 2932 subjectionem
1264 2863 1410 2919 aliud
1441 2865 1761 2928 sentiemus,
1789 2861 1894 2920 etsi
1921 2871 2048 2918 tunc
2080 2864 2210 2918 sub-

604 2957 846 3027 jicietur,
878 2955 1042 3029 394
1066 2967 1214 3014 certe
1239 2957 1515 3027 subjectus
1555 2957 1718 3013 modo
1768 2971 1873 3015 itan
1905 2966 2022 3012 est:
2048 2965 2106 3012 et
2130 2954 2212 3012 el-

612 3051 854 3106 tieietnus
882 3067 1006 3106 eum
1031 3051 1383 3107 dissidentem
1413 3059 1468 3106 et
1511 3049 1837 3106 insolentem
1867 3061 1922 3104 et
1954 3049 2211 3119 impium,

610 3160 767 3212 quem
799 3145 1096 3202 necessitas
1143 3145 1407 3214 temporis
1441 3153 1713 3212 tamquam
1763 3141 1937 3200 fracto
1981 3151 2038 3196 et
2066 3155 2215 3196 com—

2315 1944 2543 1999 cumque
2574 1928 2750 1985 futura
2774 1943 2960 1996 erunt,
2986 1931 3411 2000 dispensationis
3441 1933 3490 1987 in
3523 1932 3597 1985 liis
3619 1933 3823 2002 potiusut

2315 1944 2543 1999 cumque
2574 1936 2750 1985 futura
2774 1943 2960 1996 erunt,
2986 1936 3411 2000 dispensationis
3441 1936 3490 1987 in
3523 1936 3597 1985 liis
3619 1936 3756 2002 potius
3771 1942 3823 1986 est

2315 2023 2450 2077 ordo
2471 2066 2484 2088 ,
2527 2040 2686 2093 quam
2719 2029 2947 2080 nOVitns.
2981 2027 3225 2096 Subjt-cit
3255 2029 3398 2081 enim
3433 2029 3601 2082 omnia
3632 2028 3742 2081 Deus
3763 2027 3826 2079 sub

2318 2115 2543 2168 pedibus
2568 2118 2687 2168 eius
2706 2158 2720 2168 .
2750 2118 2876 2168 licet
2899 2118 3076 2168 adhuc
3106 2119 3443 2168 subiicienda
3469 2119 3598 2168 sint:
3626 2130 3673 2168 ut
3696 2119 3736 2168 in
3757 2133 3824 2168 eo.

2318 2115 2543 2210 pedi-bus
2556 2118 2687 2210 ejus
2706 2158 2720 2182 ,
2750 2118 2876 2172 licet
2899 2118 3076 2210 adhuc
3106 2119 3444 2186 subjicienda
3469 2119 3598 2173 sint:
3626 2130 3673 2173 ut
3696 2119 3736 2172 in
3757 2133 3824 2180 eo,
3923 2115 3925 2210 ξ

2313 2207 2456 2277 quod
2486 2209 2728 2279 subjecta
2760 2221 2914 2275 sunt,
2943 2209 3140 2266 Christi
3190 2211 3586 2266 indemutabilis
3609 2213 3668 2266 sit
3705 2222 3825 2279 potes-
3923 2207 3925 2280 ᾗ

2317 2311 2436 2367 tas;
2477 2304 2528 2356 in
2555 2318 2622 2357 eo
2649 2319 2810 2370 vero,
2845 2305 2988 2378 quod
3035 2305 3367 2375 subjicienda
3413 2316 3567 2373 sunt,
3610 2304 3825 2361 secundum

2317 2396 2706 2464 plenitudinem
2739 2407 3040 2468 temporum
3065 2400 3473 2456 succedentium
3503 2401 3565 2455 ad
3590 2404 3719 2455 tinent
3737 2411 3823 2454 ata-

2316 2499 2426 2544 tutn
2460 2490 2734 2558 profectus
2760 2493 2851 2547 sit.

2388 2583 2476 2638 32.
2514 2580 2796 2638 Evacuatio
2825 2585 2972 2655 quid.
3017 2583 3174 2641 Illius
3203 2605 3234 2640 a
3282 2587 3590 2658 subjectione
3613 2586 3826 2640 discrimen.

2314 2708 2384 2718 -ο
2413 2679 2639 2736 Omnem
2671 2688 2851 2734 autent
2883 2683 3214 2736 contrariam
3265 2682 3522 2737 virtutem
3548 2679 3828 2738 evacuaiidam

2315 2787 2436 2827 esse
2463 2788 2568 2825 non
2594 2770 2827 2827 obscura
2868 2773 3106 2841 cognitio
3128 2784 3232 2840 est,
3268 2783 3324 2829 et
3357 2774 3503 2828 hunc
3547 2775 3671 2827 aeris
3699 2771 3833 2840 priori-
3926 2770 3927 2816 l

2316 2879 2438 2934 pem
2468 2874 2522 2920 et
2547 2865 2807 2935 spiritalis
2837 2865 3093 2936 nequitim
3122 2875 3449 2934 potestatein
3493 2876 3679 2920 eterna
3703 2859 3834 2917 interi-

2317 2959 2393 3013 tui
2427 2956 2506 3030 (h)
2533 2957 2872 3024 tradendum,
2909 2958 3206 3014 secundum
3258 2958 3392 3014 illud
3421 2977 3433 3011 :
3462 2957 3738 3012 Disceditea
3767 2969 3832 3010 ne.

2316 3051 2597 3116 maledicti,
2628 3052 2681 3104 in
2729 3051 2898 3122 ignem
2953 3061 3222 3116 tetermnn,
3270 3068 3427 3121 quem
3452 3049 3725 3124 praparorit
3744 3054 3836 3112 pota

2315 3161 2454 3198 naeus
2484 3144 2690 3199 diabolo
2733 3155 2780 3198 et
2807 3145 2970 3218 395
2999 3145 3198 3217 angelis
3247 3149 3361 3220 ejus
3393 3145 3602 3214 (Matth.
3644 3139 3834 3208 util).
3927 3158 3929 3280 ἵ

2324 3238 2617 3280 Ιεῖνιιριιςιιίη
2645 3246 2824 3280 auitam
2854 3257 2959 3280 nnn
2987 3240 3127 3280 illam
3155 3249 3236 3280 ραι
3292 3240 3440 3280 “and
3471 3239 3725 3280 ειιιιῐρριίη-
3748 3233 3838 3280 Nam

613 3254 799 3305 pressu
823 3238 1119 3308 tyrannicae
1169 3237 1461 3306 impietatis
1494 3246 1728 3301 tumore,
1762 3236 1815 3292 in
1851 3250 2025 3290 seram
2055 3233 2215 3290 obse-
2239 3213 2285 3277 C
2323 3238 2617 3293 livacnatio
2645 3213 2961 3295 autem'n'on
2986 3213 3128 3295 idem
3155 3213 3440 3308 est,vquod
3471 3239 3726 3305 subiectio.
3748 3233 3838 3290 Nam
3928 3213 3929 3306 ξ

610 3331 821 3401 quoiam
855 3331 923 3386 sit
952 3330 1251 3386 subditura.
1289 3332 1356 3385 Et
1399 3329 1488 3384 ubi
1518 3329 1648 3385 illud
1673 3328 1773 3384 erit
1798 3345 1812 3383 :
1843 3327 1964 3382 Non
1988 3328 2100 3384 veni
2129 3345 2218 3384 vo-

612 3423 857 3477 luntatem
885 3439 1049 3478 meam
1079 3426 1245 3493 facere
1267 3462 1280 3486 ,
1337 3421 1424 3476 sed
1453 3421 1764 3478 voluntatem
1799 3423 1915 3493 ejus
1946 3420 2035 3489 qui
2080 3420 2217 3474 misit

613 3534 693 3574 me
713 3514 890 3589 (Joaa.
922 3532 975 3570 v1
1000 3557 1015 3582 ,
1044 3514 1168 3586 38);
1211 3524 1266 3570 et
1311 3530 1565 3570 rursum:
1610 3513 1893 3585 Propterea
1936 3511 2092 3566 Pater
2131 3512 2216 3566 di-

614 3610 727 3681 ligit
746 3625 841 3674 me,
861 3609 979 3679 quia
1011 3607 1182 3662 omnia
1203 3624 1317 3678 quw
1339 3606 1531 3679 placita
1559 3617 1676 3662 sunt
1702 3607 1746 3660 ei
1766 3604 1838 3676 (ε)
1864 3606 2000 3676 facio
2029 3602 2212 3676 (Ioau.

613 3717 726 3770 vni,
754 3700 881 3772 29);
912 3701 1006 3757 sed
1039 3710 1092 3756 et
1116 3699 1245 3755 illud
1270 3718 1282 3756 :
1309 3698 1487 3766 Pater,
1508 3699 1600 3771 ﬁat
1625 3699 1859 3756 voluntas
1888 3708 1976 3752 tua
1995 3697 2214 3765 (Matth.

613 3813 760 3864 xxvi,
784 3796 875 3863 40)
903 3810 918 3862 ;
946 3795 1030 3850 vel
1066 3795 1167 3848 hoc
1189 3792 1465 3864 Apostnli:
1502 3791 1803 3846 Humiliavit
1830 3808 1882 3845 se
1909 3795 2078 3863 factus
2099 3792 2218 3845 obe-

614 3892 758 3948 diens
777 3906 935 3960 usque
955 3889 1022 3944 ad
1044 3896 1256 3944 mortem
1282 3885 1510 3960 (Philip.
1560 3902 1598 3942 ll
1621 3931 1635 3954 ,
1665 3886 1764 3957 8)?
1793 3886 1861 3940 Et
1885 3886 1976 3957 qui
2029 3900 2089 3942 se
2115 3886 2214 3940 liu-

613 3988 806 4054 miliat,
841 3985 1004 4041 habet
1030 3984 1135 4040 hoc
1166 3985 1219 4038 in
1251 3995 1442 4038 natura
1476 3998 1543 4038 ne
1571 3981 1791 4038 humilis
1830 3982 1930 4048 sit;
1959 3990 2012 4037 et
2037 3979 2128 4049 qui
2162 3979 2222 4034 lit

614 4078 908 4140 obediens,
943 4075 1167 4147 suscipit
1209 4091 1277 4131 cx
1329 4077 1611 4131 voluntate
1665 4074 1806 4144 quod
1836 4073 2020 4128 nbcdit
2045 4115 2060 4140 ,
2090 4072 2220 4128 dum

613 4188 710 4242 per
741 4171 814 4238 id,
845 4171 989 4241 quod
1029 4186 1088 4226 se
1133 4170 1400 4233 liumiliat,
1448 4169 1506 4226 ﬁt
1556 4169 1842 4226 obediens.
1897 4168 2220 4238 Unigenitus

616 4268 794 4337 itaque
820 4266 961 4321 Deus
987 4253 1278 4320 humilians
1308 4279 1389 4330 se,
1418 4273 1473 4319 et
1497 4263 1759 4320 obediens
1784 4263 1926 4320 Patri
1955 4277 2123 4332 usque
2151 4260 2216 4315 nd

616 4367 847 4417 mortem
872 4357 1079 4423 crucis,
1111 4356 1190 4427 (ά)
1220 4372 1327 4426 quo
1345 4370 1545 4425 genere
1571 4397 1584 4419 ,
1615 4371 1736 4409 cum
1764 4356 2004 4423 subjecta
2033 4355 2081 4410 ei
2105 4369 2220 4414 oni-

617 4453 704 4506 nia
733 4449 875 4516 sint,
912 4459 1038 4503 tunc
1073 4446 1441 4517 subjiciendus
1486 4445 1602 4518 ipse
1655 4447 1797 4504 Patri
1839 4446 2220 4516 intelligetur?

619 4543 720 4600 nisi
747 4543 889 4615 quod
917 4541 1179 4612 subjectio
1227 4540 1344 4596 hinc
1383 4555 1487 4596 non
1539 4555 1690 4595 nova:
1731 4539 2076 4606 obedientite,
2124 4538 2220 4594 sed

2319 3345 2585 3386 evacuare
2631 3332 3007 3388 adversantem
3058 3341 3418 3402 potestatem,
3469 3332 3571 3388 hoc
3598 3341 3669 3388 est
3688 3329 3839 3399 juspo-
3928 3313 3929 3372 ἲ

2321 3427 2530 3481 testatis
2554 3427 2772 3482 auferre
2803 3443 2868 3483 ne
2895 3437 3139 3494 maneat,
3169 3437 3222 3482 et
3255 3442 3351 3498 per
3379 3426 3653 3498 potestatis
3675 3434 3840 3480 statut-

2319 3520 2524 3576 tionom
2545 3562 2559 3586 ,
2585 3521 2736 3590 regni
2765 3531 2850 3576 est
2872 3520 3093 3576 abolere
3120 3520 3482 3576 dominatum.
3511 3521 3584 3576 De
3610 3534 3700 3588 quo
3718 3527 3759 3572 et
3777 3515 3842 3567 lio-

2320 3614 2498 3669 minus
2530 3623 2760 3669 testatus
2790 3625 2871 3670 est
2900 3613 3090 3669 dicens
3121 3655 3135 3680 ,
3181 3612 3421 3684 Regnum
3445 3631 3606 3668 meum
3630 3618 3783 3666 nonest
3803 3606 3842 3658 de

2322 3706 2418 3760 hoc
2456 3707 2645 3762 swculo
2691 3705 2872 3774 (Jaan.
2905 3721 3068 3772 xvui,
3101 3706 3237 3776 56):
3281 3705 3430 3762 hunc
3473 3704 3700 3764 eumdem
3737 3697 3839 3768 regni

2325 3799 2482 3855 istius
2531 3808 2804 3870 potentem
2857 3799 3042 3854 mundi
3083 3799 3383 3870 principem
3414 3807 3538 3854 ante
3581 3797 3640 3868 (i)
3667 3802 3842 3851 testam-‘9

2321 3892 2475 3962 cujus
2505 3899 2747 3961 potestas
2771 3891 2986 3947 desinet
3037 3891 3188 3962 regni
3236 3891 3320 3947 sui
3369 3885 3842 3946 evacuatadomiiutu

2322 3985 2501 4055 (Ῑοαησ
2535 4003 2644 4052 XVI.
2677 3986 2794 4059 Ἡ).
2849 3985 3134 4057 Subjectio
3163 4003 3293 4043 vero
3314 4028 3330 4054 ,
3365 4003 3488 4057 qua:
3512 3997 3566 4043 et
3603 3977 3845 4040 obedientie

2321 4091 2374 4135 ct
2405 4081 2529 4134 lidci
2553 4089 2656 4145 est,
2686 4078 2876 4135 eadem
2909 4079 2993 4135 vel
3025 4081 3402 4136 concessionis
3426 4081 3511 4136 vel
3542 4070 3844 4135 demutationis

2321 4171 2719 4228 demonstratio
2747 4181 2852 4228 est.

2392 4265 2484 4320 35.
2525 4265 2787 4330 Quatenus
2811 4266 2948 4331 quod
2979 4263 3216 4319 Christus
3245 4265 3344 4319 sibi
3371 4265 3620 4338 subjecit,
3644 4254 3845 4333 subjecerit

2324 4359 2368 4413 ei
2400 4357 2580 4412 Pater.
2617 4387 2684 4398 --
2730 4356 3024 4412 Evaeuatis
3055 4357 3236 4426 itaque
3274 4356 3695 4428 magistratibus,
3733 4344 3848 4415 subji-

2321 4451 2536 4506 cientur
2564 4450 2766 4507 inimici
2798 4450 2936 4521 ejus.
2965 4448 3040 4506 Ita
3071 4459 3248 4508 autem
3281 4449 3655 4520 sulijicientur.
3701 4453 3744 4500 ut
3771 4443 3848 4506 i959

2324 4544 2425 4597 sibi
2454 4543 2723 4611 subjiciat.
2755 4542 2829 4597 Ita
2854 4557 2988 4596 vero
3011 4541 3292 4611 snbjiciet,
3314 4551 3372 4596 ut
3399 4543 3448 4598 ei
3480 4538 3707 4611 subjiciat
3734 4535 3844 4592 Delli-

623 4638 694 4710 (e)
713 4606 1056 4708 dispensandi
1079 4635 1405 4692 sacramenti
1432 4645 1543 4702 est;
1575 4633 1701 4704 quia
1729 4643 1783 4692 et
1803 4633 2091 4703 obsequela
2106 4632 2216 4703 jam
2243 4606 2299 4672 D
2325 4639 2480 4694 Anne
2511 4606 2776 4707 ignoravit
2806 4606 3254 4705 Apostolus—dicti
3300 4606 3595 4707 evangelici
3622 4633 3844 4688 virtutem.

618 4741 860 4798 maneat,
892 4742 946 4788 et
975 4731 1026 4784 in
1058 4736 1306 4799 tempore
1348 4728 1420 4784 sit
1462 4725 1692 4783 ineunda
1740 4725 2043 4796 subjectio?
2069 4725 2216 4782 Nihil

619 4825 800 4897 itaque
823 4840 963 4878 nunc
984 4821 1129 4878 aliud
1147 4821 1499 4892 subjectionis
1520 4819 1864 4892 significatio,
1890 4835 2046 4891 quam
2073 4834 2218 4892 mys-

622 4919 745 4980 terii
769 4917 1162 4976 demonstratio
1191 4925 1295 4974 est.

693 5034 772 5108 (l)
803 5033 1000 5100 Verba,
1028 5033 1096 5087 ad
1122 5049 1219 5101 me,
1242 5031 1439 5089 desunt
1465 5032 1517 5088 in
1544 5031 1732 5086 codice
1759 5029 1960 5086 Veron.

694 5152 770 5224 (a)
803 5152 950 5222 Lips.
983 5161 1037 5230 et
1077 5151 1196 5206 Par.
1231 5160 1284 5203 et
1331 5147 1535 5230 aliquot
1567 5161 1697 5200 mss.
1732 5161 1909 5230 ,__cum_.
1945 5144 2013 5230 At
2038 5143 2169 5198 Bad.
2198 5185 2212 5206 ,

621 5216 714 5325 Erl
743 5216 798 5279 et
827 5216 958 5308 mss.
991 5225 1168 5308 plures
1197 5236 1260 5276 ac
1287 5216 1521 5289 potiores
1541 5261 1556 5286 ,
1587 5235 1701 5284 cur,
1736 5216 1787 5271 id
1822 5223 1927 5283 est,
1959 5217 2032 5271 ob
2051 5230 2211 5286 quam

618 5299 1043 5362 dispensationis
1061 5307 1299 5348 causam.

695 5369 877 5452 (bjlta
902 5383 1034 5424 mss.
1088 5364 1301 5420 Atediti
1326 5403 1343 5430 ,
1387 5361 1776 5430 subjiciendus;
1815 5367 1868 5415 et
1915 5373 2042 5413 mox
2071 5358 2213 5426 erit,

623 5457 718 5510 pro
747 5450 851 5495 ait.

696 5511 772 5578 (ε)
807 5512 1016 5565 Martin.
1048 5522 1152 5562 ms.
1173 5509 1308 5578 facio
1333 5520 1553 5578 semper.

697 5572 776 5651 (d)
806 5583 862 5635 In
895 5597 1024 5636 mss.
1061 5572 1182 5634 bas:
1210 5577 1329 5631 Vat.
1360 5589 1412 5632 et
1455 5575 1667 5630 Martin.
1704 5573 1788 5626 hic
1837 5572 2048 5651 additur
2078 5587 2216 5651 _ver-

626 5643 768 5733 bum"
807 5655 881 5720 ﬁt.
941 5652 1076 5706 Tum
1130 5658 1254 5720 post
1293 5665 1392 5721 quo
1443 5661 1621 5719 genere
1649 5686 1664 5712 ,
1725 5645 1957 5716 supple,
2006 5643 2212 5715 subjec-

627 5737 927 5860 "oigihsd.
959 5803 1015 5847 et
1043 5793 1162 5856 Er.,
1191 5791 1507 5861 dispensatio
1551 5788 1877 5861 sacramenti.

701 5857 946 5935 (tlLips-
993 5876 1049 5919 et
1079 5865 1202 5920 Par.
1261 5857 1384 5934 rion
1409 5863 1502 5918 Er.
1533 5902 1548 5931 ,
1576 5860 1702 5934 quid
1753 5858 1888 5916 illud
1925 5859 2012 5916 sit.
2047 5857 2218 5926 Bad,

2325 4746 2446 4788 cum
2475 4731 2582 4790 ait:
2620 4730 2786 4786 Nemo
2817 4730 2949 4784 venit
2979 4729 3049 4783 ad
3077 4746 3157 4784 me
3177 4769 3190 4793 ,
3224 4729 3326 4784 nisi
3358 4737 3508 4798 pater
3535 4742 3665 4782 metu
3686 4720 3848 4777 adducat

2324 4823 2471 4880 illum
2497 4821 2578 4895 (Ι)
2600 4821 2673 4896 (j)
2705 4823 2772 4882 ad
2794 4838 2871 4875 me
2897 4819 3080 4892 (Joan.
3113 4837 3185 4888 vr,
3217 4821 3312 4888 Η)
3339 4838 3352 4886 ;
3387 4837 3512 4876 cum
3545 4829 3707 4875 tamen
3730 4812 3848 4878 scrip-

2325 4925 2437 4972 tum
2468 4917 2537 4970 sit
2568 4934 2580 4968 :
2621 4912 2790 4972 Nemo
2813 4915 2952 4972 vadit
2993 4914 3062 4978 ad
3093 4912 3303 4972 Patrem
3331 4955 3347 4981 ,
3377 4915 3480 4976 nisi
3506 4930 3594 4986 per
3619 4927 3687 4966 tne
3717 4907 3846 4980 (lota.

2320 5139 2447 5210 quid
2477 5141 2562 5196 sit.
2592 5141 2709 5196 Vat.
2738 5143 2854 5198 bas.
2897 5157 3002 5197 ms.
3031 5183 3047 5209 ,
3081 5141 3219 5212 quod
3241 5143 3312 5196 ita
3341 5141 3425 5198 sit.
3478 5140 3580 5196 Alii
3606 5182 3620 5207 ,
3648 5134 3761 5203 quod
3778 5131 3853 5195 sit,

2324 5213 2851 5299 υιιξίιμιιιειοτίυτηλ
3014 5287 3024 5299 .
3098 5287 3109 5299 .
3192 5287 3204 5299 .
3304 5288 3336 5299 ..
3374 5287 3440 5299 ..
3527 5287 3539 5299 .
3658 5281 3670 5299 .
3732 5286 3746 5299 .
3805 5272 3831 5299 .;

2326 5281 2343 5284 ”
2397 5283 2474 5357 (9)
2502 5285 2666 5366 “Lips
2693 5297 2774 5370 ,ει
2812 5287 2936 5368 Par.
2971 5287 3236 5368 plenitudo
3280 5287 3563 5342 divinitatis
3603 5281 3854 5359 κιιιειιηιι-

2324 5355 2421 5410 bus
2443 5358 2564 5410 aliis
2589 5357 2757 5414 libris.
2790 5358 2991 5412 Deinde
3017 5359 3145 5413 editi
3166 5400 3180 5422 ,
3203 5371 3427 5427 excepto
3455 5359 3598 5419 Pan,
3622 5355 3854 5409 constitvit:

2322 5443 2438 5500 quia
2462 5444 2579 5480 cum
2605 5428 2782 5496 futura
2806 5441 2974 5492 erunt,
3003 5431 3424 5500 dispensationis,
3455 5440 3560 5484 etc.

2393 5496 2474 5570 (ἡ)
2506 5501 2664 5566 Editi,
2695 5502 3034 5556 tradendam:
3065 5496 3269 5571 absque
3303 5501 3623 5556 auctoritate
3642 5508 3761 5571 ῐῐὶξεοΔ
3808 5560 3816 5570 ,

2396 5565 2458 5639 (i)
2487 5570 2616 5624 Puta
2654 5565 2752 5626 liis
2783 5573 2942 5628 lnam.
2969 5589 3056 5628 xvr
3081 5615 3096 5638 ,
3124 5565 3223 5628 ΗΕ
3259 5573 3508 5640 Princeps
3552 5568 3714 5626 utendi
3742 5565 3857 5635 ΜΨ

2317 5645 2432 5714 jam
2451 5643 2716 5711 judicatus
2747 5655 2839 5698 est.
2896 5645 3013 5699 Max
3043 5662 3109 5699 ex
3158 5645 3459 5716 potioribus
3507 5644 3855 5716 ιιιθεηῃρεζξιξιξ

2326 5705 2722 5769 ἰιιιιεέυιιειιαια
2747 5758 2761 5779 ,
2795 5734 2893 5784 pro
2917 5705 3180 5771 δυσαιαιοῖ
3217 5717 3292 5772 De
3324 5725 3589 5787 potestate
3631 5705 3797 5766 diaboli
3821 5705 3855 5752 in

2329 5800 2489 5853 regna
2520 5788 2703 5842 mundi
2730 5789 2847 5841 vide
2868 5797 3024 5843 tract.
3059 5788 3202 5846 Psal.
3237 5804 3298 5852 ιι,
3328 5786 3384 5843 ιι.
3415 5786 3507 5842 ιε.

2405 5855 2483 5929 (j)
2519 5857 2694 5916 Verba
2718 5860 2786 5915 ad
2813 5877 2891 5916 me
2911 5860 3158 5918 addimus
3180 5875 3249 5916 ex
3279 5875 3406 5918 mss.
3429 5873 3554 5915 cum
3578 5852 3749 5929 quibus
3763 5856 3856 5902 tuo!
