3996 6330
149 329 234 394 l2!
1348 334 1437 393 DE
1466 325 1844 393 TRINITATE
1872 331 2079 394 LIBER
2119 337 2212 396 ιιι.

3318 347 3424 408 492

147 471 244 520 xiv,
271 451 358 523 6)?
381 457 437 506 ιιι
465 466 607 508 nunc
628 451 743 523 ipse
773 453 874 509 sibi
901 451 1149 510 Inimicos
1187 453 1423 525 subjlelt,
1452 464 1505 510 et
1532 461 1713 514 tamen
1744 453 1790 514 A
1825 451 2163 526 Evangelium
2214 454 2420 524 quidem
2470 457 2666 514 inimici
2721 469 2932 531 propter
2962 477 3048 517 vos
3081 503 3096 530 ,
3141 465 3420 519 secundum

147 548 267 602 Deus
289 546 333 597 ei
357 543 616 613 subjecit;
640 560 802 600 omne
829 561 924 615 per
954 545 1058 600 boc
1085 561 1220 616 opus
1243 546 1361 616 ejus
1386 588 1400 609 ,
1434 546 1524 602 Dei
1569 545 1622 600 in
1645 560 1713 602 eo

142 656 245 696 esse
267 653 400 708 opus
423 648 647 694 testans.
668 638 877 695 Etcum
900 654 1004 693 non
1037 640 1141 694 nisi
1172 654 1271 711 per
1314 655 1437 694 eum
1471 638 1710 694 eundum

143 733 198 788 ad
219 732 419 788 Patrem
451 733 550 798 sit;
573 733 642 789 ad
670 747 793 787 eum
827 743 1005 788 tamen
1029 774 1043 798 ,
1069 733 1168 788 nisi
1205 733 1364 788 Pater
1389 732 1710 799 adduxerit,

143 843 234 882 non
263 825 492 881 venitur.
522 825 653 880 Nam
677 825 805 880 dum
830 824 972 881 illius
997 827 1090 882 Dei
1116 827 1447 898 intelligitur,
1475 835 1712 895 paternae

142 921 184 972 in
218 933 278 972 eo
308 927 512 973 natura:
539 919 734 974 veritas
786 918 1030 975 discitur.
1078 921 1252 989 Atque
1294 919 1362 972 ita
1395 928 1451 973 et
1494 919 1712 988 cognito

139 1010 344 1084 ta)Filio
360 1012 499 1068 Deus
516 1022 667 1082 pater
687 1011 934 1077 advocat,
961 1021 1014 1066 et
1029 1012 1238 1068 credito
1253 1011 1390 1066 Filio
1413 1011 1570 1067 Pater
1591 1025 1709 1066 sns-

139 1106 277 1176 cipit:
309 1104 436 1174 quia
486 1105 810 1176 signiﬁcatio
857 1115 911 1160 et
967 1105 1202 1176 cognitio
1244 1103 1420 1159 Patris
1466 1105 1520 1158 in
1575 1103 1710 1158 Filio

137 1197 198 1269 (b)
225 1199 290 1253 sit
316 1213 410 1265 per
446 1197 892 1270 signiﬁcationem
935 1199 988 1254 in
1018 1214 1079 1256 se
1106 1200 1194 1254 Dei
1217 1199 1405 1269 patris,
1429 1199 1711 1269 religiosos

137 1307 222 1346 nos
245 1291 294 1346 in
323 1307 446 1347 eum
483 1301 703 1362 paterna
733 1292 994 1363 religione
1017 1292 1094 1364 (1)
1125 1290 1197 1366 (c)
1227 1292 1564 1362 perferentis.
1593 1291 1705 1347 Ad-

135 1384 262 1439 ducit
285 1399 415 1453 ergo
442 1383 512 1440 ita
542 1383 719 1448 Pater,
748 1384 830 1455 (ά)
860 1384 985 1440 dum
1007 1385 1152 1456 quod
1178 1385 1474 1456 principale
1503 1395 1586 1441 cst
1617 1401 1709 1456 pa-

136 1485 205 1530 lcr
223 1476 473 1531 creditur.
505 1475 586 1532 Ad
621 1477 833 1532 Patrem
869 1490 1050 1534 autem
1094 1494 1254 1534 nemo
1293 1479 1439 1534 vadit
1482 1479 1584 1534 nisi
1615 1494 1709 1549 por

135 1569 302 1624 Filium
329 1587 343 1623 :
374 1571 495 1641 quia
525 1582 770 1626 cessante
803 1572 856 1626 in
890 1573 1045 1628 nobis
1078 1571 1181 1627 (ide
1210 1572 1355 1639 Filii,
1391 1572 1707 1641 ignorabilis

134 1662 270 1718 Pater
289 1673 408 1727 est,
445 1663 525 1734 (ἱ)
553 1679 661 1719 non
689 1664 912 1719 adituris
942 1664 1008 1720 ad
1035 1675 1316 1735 paternam
1344 1664 1655 1736 religionem
1689 1706 1704 1732 ,

132 1755 216 1808 nisi
245 1756 390 1823 prius
413 1754 535 1810 Filii
566 1757 914 1812 veneratione
956 1766 1229 1828 suscepta.
1257 1756 1435 1828 Atque
1469 1757 1541 1812 ita
1567 1756 1705 1814 Filio

131 1847 322 1917 cognito
353 1887 370 1914 ,
397 1848 465 1904 ad
496 1848 616 1904 vita)
638 1866 738 1904 nos
787 1851 1146 1906 aeternitatem
1197 1851 1354 1907 Pater
1383 1851 1601 1908 adducit
1649 1862 1707 1908 et

136 1938 338 2011 suscipit
363 1960 377 1998 :
410 1951 464 1996 et
495 1950 782 2014 utrumque
807 1960 900 2014 per
922 1944 1118 1999 Filium
1149 1955 1254 2011 est,
1289 1947 1419 2002 dum
1443 1948 1709 2018 prtedica-

131 2034 257 2090 tione
306 2050 405 2106 per
437 2052 560 2091 eum
588 2036 784 2101 Patris,
815 2047 870 2093 et
929 2039 1174 2109 perducit
1221 2041 1288 2096 ad
1342 2057 1464 2097 eum
1522 2041 1705 2110 Pater,

133 2135 177 2181 ct
224 2125 282 2180 ad
335 2126 552 2182 Patrem
593 2128 705 2200 ipse
752 2128 991 2185 deducit.
1039 2131 1120 2186 Ad
1167 2131 1551 2189 absolutiorem
1609 2136 1710 2190 ita-

134 2241 224 2293 quc
270 2223 396 2280 dicti
455 2227 738 2296 praiseutis
784 2227 1193 2300 intelligentiam
1263 2231 1708 2286 commemoratio

131 2318 431 2373 sacramenti
463 2319 618 2376 istius
657 2319 756 2375 l‘uit
803 2322 1133 2391 necessaria,
1167 2331 1222 2378 ut
1251 2338 1348 2393 per
1375 2321 1571 2379 Filium
1613 2338 1704 2378 cs-

130 2421 234 2474 sct,
273 2412 416 2481 quod
446 2412 608 2469 Pater
633 2429 733 2469 nos
770 2424 824 2470 et
865 2415 1084 2472 adducit
1129 2427 1184 2474 et
1228 2419 1487 2490 suscipit:
1517 2428 1572 2474 et
1612 2434 1709 2489 per

131 2503 216 2558 hoc
257 2504 714 2576 intelligeremus,
743 2507 908 2580 396
949 2517 1220 2580 quatenus
1254 2512 1397 2582 quod
1437 2512 1552 2582 ipse
1603 2513 1706 2568 sibi

130 2596 358 2666 subjecit,
398 2600 536 2654 Deus
563 2601 613 2655 ei
661 2601 910 2670 subjecit.
948 2602 1038 2657 Dei
1082 2605 1293 2658 scilicet
1319 2603 1371 2658 in
1418 2619 1485 2660 eo
1514 2615 1706 2660 natura

129 2703 209 2758 per
232 2691 565 2747 nativitatem
590 2704 867 2757 manente,
895 2703 951 2750 et
973 2711 1032 2750 ea
1053 2711 1176 2766 qua:
1206 2696 1323 2766 ipse
1345 2699 1454 2767 agit
1480 2705 1702 2768 agente:

127 2783 232 2836 ιΙυιη
277 2784 348 2838 ita
383 2785 530 2854 agit,
563 2794 621 2840 ut
645 2801 705 2841 ea
739 2787 880 2843 Deus
916 2797 1080 2859 agat;
1113 2797 1170 2844 et
1217 2799 1396 2844 tamen
1438 2790 1552 2859 ipse
1601 2805 1663 2845 ea
1689 2829 1705 2856 ,

126 2891 227 2938 qua:
271 2876 414 2931 Deus
441 2878 642 2948 egerit,
683 2889 834 2951 agat:
884 2880 956 2936 ita
1000 2890 1180 2937 tamen
1205 2922 1222 2949 ,
1257 2879 1335 2953 (5)
1365 2880 1440 2954 (e)
1475 2890 1531 2937 ut
1560 2882 1611 2937 in
1640 2897 1707 2938 eo

125 2968 245 3036 quod
283 2969 404 3039 ipse
431 2971 560 3040 agit,
593 2971 735 3027 lilius
792 2973 884 3027 Dei
916 2988 1078 3044 agere
1121 2973 1489 3045 intelligatur;
1545 2975 1599 3029 in
1638 2990 1706 3030 eo

127 3077 234 3117 vero
252 3065 400 3135 quod
435 3066 574 3121 Deus
601 3067 729 3138 agit,
762 3079 1001 3137 paternae
1030 3069 1082 3122 in
1110 3083 1176 3123 eo
1206 3076 1412 3124 natura:
1436 3079 1492 3124 ut
1512 3068 1566 3126 in
1593 3069 1707 3126 lilio

124 3161 406 3225 prem-ictas
431 3161 696 3216 sentiatur
721 3162 1006 3218 exsistere.

181 3253 262 3308 δι.
295 3255 406 3324 Qui
432 3257 626 3312 inimici
650 3256 854 3312 Christo
882 3259 984 3312 sint
1015 3259 1342 3329 subjiciendi.
1378 3290 1448 3301 -—
1470 3259 1704 3316 Evacua-

123 3348 179 3399 tis
205 3348 385 3419 itaque
413 3350 814 3419 magistratibus
841 3358 897 3406 et
923 3352 1308 3422 potestatibus,
1342 3353 1702 3424 subjicientur

120 3439 162 3492 ei
186 3441 276 3494 sub
305 3441 538 3512 pedibus
560 3442 759 3498 inimici
785 3443 920 3513 ejus.
950 3444 1017 3498 Et
1039 3460 1175 3515 quos
1206 3445 1453 3501 inimicos
1475 3445 1702 3516 intelligi

121 3544 373 3603 oporteat,
406 3535 546 3591 idem
576 3536 866 3608 Apostolus
893 3536 1099 3602 docuit,
1139 3537 1330 3595 dicens
1358 3556 1372 3595 :
1399 3539 1705 3595 Secundum

180 3669 252 3813 (l)
275 3669 562 3744 Perfectos.

180 3743 229 3811 (2
282 3742 411 3798 Non
436 3744 562 3798 aditi

179 3742 252 3813 (2)
282 3742 411 3798 Non
436 3744 658 3799 adituris
683 3755 947 3816 paternam
975 3747 1298 3820 religionem.

120 3884 281 3968 “mgis.
299 3884 502 3954 placuit
553 3893 606 3940 ut
634 3903 768 3942 nunc
797 3888 907 3959 ipse
929 3931 947 3958 ,
979 3903 1140 3960 quam
1165 3904 1290 3946 cum
1335 3889 1596 3962 vulgatis,
1636 3889 1700 3945 Et

122 3971 237 4008 nunc
262 3973 398 4025 ipse.

183 4047 251 4121 (a)
284 4051 338 4107 lu
368 4051 560 4108 codice
583 4052 709 4109 Vat.
744 4054 886 4125 bas.,
919 4055 1028 4125 ﬁlio
1059 4055 1164 4112 Deo
1197 4055 1375 4112 Pater.

179 4148 245 4217 (b)
275 4147 513 4205 Verbum
545 4151 608 4203 sit
635 4150 704 4206 ab
743 4149 972 4206 Erasmo
998 4165 1186 4207 contra
1238 4167 1369 4207 mss.
1403 4150 1563 4206 {idem
1605 4165 1700 4206 ex-

118 4227 359 4287 punctum
396 4220 890 4277 restituimus.'l‘um
917 4225 970 4276 in
995 4225 1288 4279 vetustiore
1312 4239 1414 4278 ms.
1432 4237 1494 4277 ac
1511 4223 1697 4278 Germ.

115 4307 192 4358 per
231 4293 666 4366 signiﬁcationem
693 4296 822 4366 ejus.
846 4295 1001 4362 Quod
1045 4297 1281 4366 positum
1309 4295 1475 4350 videri
1520 4304 1700 4360 potest

117 4378 247 4440 more
269 4367 610 4440 Gre-corum,
634 4367 903 4440 similibus
931 4367 1063 4423 locis
1094 4369 1250 4440 vulgo
1278 4367 1574 4423 dicentium
1603 4374 1695 4424 τοῦ

114 4434 155 4486 ἐν
175 4435 359 4509 ἐαυτῷ,
391 4453 490 4507 pro
510 4438 596 4508 qui
627 4438 678 4491 in
708 4455 762 4493 se
789 4448 880 4493 est.

178 4527 245 4598 (c)
272 4527 348 4582 lia
378 4544 510 4583 mss.
563 4529 772 4598 Remig.
801 4540 857 4586 et
881 4529 1092 4586 Theod.
1149 4529 1452 4586 faventibus
1501 4528 1654 4586 Colb.
1682 4575 1698 4601 ,

111 4597 349 4671 cura.”
400 4601 670 4670 plerisque
695 4597 838 4670 aliis,
867 4603 918 4658 in
948 4601 1144 4671 quibus
1187 4603 1529 4671 perferentes:
1565 4597 1696 4658 l‘aci-l

113 4669 169 4723 lis
191 4670 331 4726 enim
361 4669 420 4726 et
445 4672 703 4742 frequens
732 4669 886 4729 estin
912 4669 1196 4727 veteribus
1220 4669 1375 4728 libris
1402 4675 1420 4728 i
1443 4675 1496 4728 in
1526 4691 1553 4729 e
1581 4691 1698 4729 mu-

1821 549 2116 603 electionem
2146 557 2317 603 autem
2347 549 2521 605 dilecti
2545 563 2757 622 propter
2788 566 2961 622 patres
2983 556 3162 626 (Rom.
3193 574 3271 624 XI,
3298 559 3415 629 28).

1819 640 1931 695 llos
1969 655 2100 711 ergo
2145 641 2392 696 inimicos
2431 647 2608 701 crucis
2658 644 2856 704 Christi
2905 651 3276 706 meminimus?
3324 653 3418 709 sed

1817 732 1941 803 quia
1974 733 2138 788 diecti
2169 745 2387 804 propter
2414 746 2596 804 patres
2632 747 2799 805 sunt,
2832 743 3035 798 scimus
3075 758 3170 798 eos
3207 745 3422 815 subjec-

1820 825 1948 879 tioni
1981 839 2286 883 reservatus
2311 871 2324 893 ,
2377 831 2674 885 secundum
2727 834 2870 904 quod
2902 836 3100 890 dictum
3129 844 3250 893 est:
3297 839 3421 894 Non

1815 920 1951 973 enim
1983 919 2098 974 volo
2127 937 2214 974 vos
2251 922 2505 992 ignorare,
2536 927 2741 994 fratres,
2773 939 3150 982 sacramentum
3195 930 3292 984 hoc
3319 974 3333 998 ,
3366 941 3420 985 ut

1816 1028 1918 1066 non
1964 1013 2079 1066 sitis
2118 1016 2257 1068 vobis
2299 1017 2590 1087 sapientes:
2629 1019 2873 1088 quoniam
2926 1037 2989 1076 ea:
3036 1033 3182 1092 parte
3221 1025 3419 1080 obtusio

1815 1109 1952 1177 [acta
1967 1116 2040 1160 est
2062 1106 2116 1160 in
2141 1105 2330 1174 Israel,
2363 1109 2538 1180 quoad
2565 1127 2724 1183 usque
2752 1113 3020 1180 plenitudo
3049 1119 3311 1172 nationum
3339 1120 3419 1173 in-

1815 1207 1942 1266 tret;
1965 1210 2012 1254 et
2037 1199 2111 1254 sic
2137 1202 2301 1256 omnis
2324 1199 2492 1258 Israel
2515 1205 2595 1273 (f)
2629 1204 2926 1260 liberabitur
2946 1249 2959 1273 ,
3002 1209 3129 1263 sicut
3172 1213 3419 1282 scriptum

1813 1303 1888 1349 est
1908 1293 2077 1366 (Esai.
2109 1311 2218 1362 th,
2251 1297 2322 1354 20
2346 1307 2391 1351 et
2428 1297 2614 1371 seqq.),
2651 1299 2719 1354 Et
2747 1303 2908 1356 ueniet
2932 1319 2964 1355 a
2993 1303 3142 1368 Sion,
3181 1307 3266 1375 qui
3295 1298 3418 1362 libe-

1810 1400 1908 1457 ret,
1928 1389 2010 1461 (4)
2025 1400 2070 1445 et
2091 1402 2282 1446 avertat
2299 1393 2580 1464 impietates
2595 1396 2658 1449 ab
2682 1394 2860 1463 Jacob,
2885 1408 2931 1452 et
2952 1399 3047 1453 hoc
3067 1399 3173 1453 illis
3186 1416 3216 1452 a
3230 1417 3307 1454 me
3321 1411 3419 1456 tes-

1810 1493 2087 1539 laniculum
2110 1496 2204 1552 est,
2233 1503 2350 1542 cum
2379 1489 2636 1544 abstulero
2660 1491 2958 1562 iniquitates
2979 1493 3324 1565 eorum(lbid.
3340 1494 3412 1551 25

1810 1585 1857 1630 et
1883 1575 2047 1648 seqq).
2074 1577 2282 1632 Inimici
2331 1594 2460 1649 ergo
2489 1581 2845 1651 subjicientur
2883 1585 2985 1639 sub
3019 1585 3242 1653 pedibus
3274 1587 3414 1655 ejus.

1881 1668 1972 1724 55.
2005 1669 2384 1742 Subjiciuntur,
2409 1683 2662 1741 quatenus
2693 1676 2872 1745 gloria!
2887 1677 3077 1732 Christi
3102 1682 3413 1748 eonformes.

1808 1789 1880 1799 —
1904 1759 2012 1815 Sed
2043 1761 2441 1832 subjectionem
2475 1766 2621 1818 illam
2652 1767 2784 1836 quid
2815 1780 3180 1840 consequatur
3200 1812 3213 1833 ,
3255 1771 3383 1827 intel

1737 1857 1786 1920 Β
1814 1852 2084 1922 ligentlum
2116 1865 2220 1920 est,
2260 1871 2458 1926 nempe
2490 1857 2643 1923 illud,
2677 1859 2754 1930 (g)
2801 1859 3094 1918 Novissime
3121 1862 3317 1917 devicta
3344 1871 3418 1918 est

1813 1943 1876 1998 ab
1911 1961 1968 1999 eo
1993 1961 2133 1999 mors
2164 1944 2210 2018 (1
2233 1944 2354 2000 Cor.
2403 1964 2492 2014 xv,
2527 1947 2644 2020 26).
2702 1950 2949 2006 Det'iclio
2993 1963 3173 2008 autem
3223 1953 3417 2009 mortis

1813 2039 1946 2096 nihil
1973 2041 2119 2096 aliud
2151 2057 2312 2110 quam
2337 2045 2666 2099 resurrectio
2695 2062 2762 2100 ex
2787 2050 3013 2103 mortuis
3041 2060 3152 2104 est:
3180 2064 3301 2104 cum
3329 2050 3415 2104 in-

1815 2133 2005 2189 teritus
2043 2136 2392 2205 corruptione
2430 2149 2680 2193 cessante
2704 2181 2720 2206 ,
2752 2141 2887 2196 vivte
2927 2142 3040 2212 jam
3070 2142 3417 2213 cmlcstisque

1816 2235 2022 2280 natura:
2049 2228 2412 2284 constituatur
2443 2231 2741 2298 mternitas,
2775 2233 3071 2288 secundum
3101 2234 3245 2304 quod
3285 2235 3414 2290 dic-

1815 2325 1925 2372 tum
1952 2327 2074 2374 est:
2108 2317 2319 2390 Oportet
2357 2321 2492 2374 enim
2523 2323 2872 2395 corruptivum
2917 2325 3055 2378 istud
3098 2325 3313 2380 induere
3336 2327 3416 2380 in-

1809 2413 2209 2482 corruptionem,
2234 2423 2284 2470 et
2310 2415 2528 2470 mortale
2553 2415 2690 2469 istud
2711 2416 2921 2472 induere
2951 2418 3414 2474 immortalitatem.

1811 2502 1940 2560 Cum
1987 2513 2158 2560 autem
2215 2506 2431 2560 mortale
2474 2507 2613 2560 istud
2658 2508 2885 2563 induerit
2935 2510 3373 2565 inmortalitatem
3399 2551 3416 2578 ,

1810 2606 1934 2654 tunc
1955 2597 2043 2667 ﬁet
2071 2597 2281 2654 verbum
2301 2599 2438 2668 quod
2468 2599 2719 2671 scriptum
2743 2609 2816 2654 est
2842 2617 2856 2654 :
2887 2601 3142 2672 Absorpta
3174 2612 3251 2658 est
3278 2619 3417 2658 mors

1811 2689 1894 2763 (lt)
1922 2692 1976 2746 in
1999 2693 2340 2748 contentione.
2377 2691 2477 2748 Ubi
2503 2704 2575 2748 est
2601 2709 2740 2748 mors
2780 2695 2988 2750 aculeus
3019 2697 3172 2751 tuus?
3201 2695 3301 2752 Ubi
3343 2706 3418 2753 est

1810 2800 1947 2839 mors
1974 2785 2230 2840 contentio
2253 2793 2339 2840 tua
2361 2785 2388 2840 .9
2411 2783 2576 2855 (Ibid.
2611 2785 2725 2858 55).
2768 2786 2828 2842 ιιι
2861 2787 3200 2858 subiectione
3238 2789 3418 2860 itaque

1809 2881 2153 2936 inimicorum
2181 2895 2329 2936 mors
2357 2880 2629 2936 vincitur:
2658 2888 2717 2937 et
2734 2891 2914 2938 morte
2939 2885 3104 2947 victa,
3137 2885 3419 2939 immorta-

1811 2972 1976 3028 litatis
2001 2973 2108 3028 vita
2149 2971 2412 3028 succedit.
2436 2974 2568 3038 Quae
2593 2981 2772 3030 autem
2803 2975 3153 3044 subjectionis
3177 2977 3416 3046 perlecta

1810 3066 1901 3123 illa
1926 3077 2046 3137 post
2071 3065 2197 3122 ﬁdei
2214 3065 2612 3136 subjectiouem
2639 3067 2942 3138 proprietas
2965 3070 3057 3136 sit,
3083 3069 3229 3124 idem
3271 3075 3418 3139 Apo-

1809 3162 1984 3216 stolus
2005 3167 2238 3215 testatus
2265 3167 2372 3225 est,
2400 3175 2525 3216 cum
2547 3162 2642 3225 ait,
2681 3160 2781 3228 Qui
2808 3162 3196 3234 transfigurubit
3228 3180 3416 3235 corpus

1812 3255 2117 3310 humilitatis
2135 3265 2321 3310 nostra
2337 3251 2400 3325 (i)
2415 3257 2676 3327 conforme
2689 3255 2849 3327 397
2867 3255 3073 3325 corpori
3089 3256 3268 3328 gloria
3279 3273 3416 3324 suta;

1812 3348 2093 3403 secundum
2117 3329 2358 3419 elﬁcacia:
2384 3363 2492 3402 sua:
2520 3363 2696 3416 opera,
2719 3365 2822 3418 qua
2849 3348 3010 3418 possit
3039 3347 3292 3420 subjicere
3320 3350 3416 3405 sibi

1811 3443 1985 3498 omnia
2013 3441 2274 3512 (Philipp.
2325 3456 2406 3508 ιιι,
2431 3440 2550 3510 21).
2595 3440 2874 3510 Subjectio
2920 3442 3100 3512 itaque
3143 3443 3306 3498 etiam
3351 3458 3418 3500 ea

1811 3547 1934 3605 est,
1965 3551 2088 3607 quae
2133 3544 2312 3591 estex
2356 3542 2546 3589 natura
2593 3535 2648 3589 in
2696 3543 2941 3590 naturam
2973 3534 3057 3609 (j)
3097 3537 3415 3594 concessio:

1889 3674 1966 3741 (5)
2005 3675 2267 3729 Particula
2310 3683 2364 3728 ut
2395 3674 2568 3729 abest.

1889 3677 1944 3741 (5
2005 3675 2267 3729 Particula
2310 3683 2364 3728 ut
2395 3674 2568 3729 abest.

1877 3674 1966 3819 (4;
1994 3746 2056 3801 Et
2083 3756 2271 3801 avertet
2291 3788 2302 3810 ,
2329 3747 2472 3817 iuxta
2495 3761 2731 3817 graecum
2760 3747 3101 3827 ἀποστρέψει.

1883 3889 1964 3958 (Ῑ)
2001 3887 2053 3942 ln
2079 3903 2182 3961 nis.
2231 3885 2446 3961 Martia.
2486 3887 2799 3946 salvabitur:
2826 3896 2882 3946 et
2922 3903 3067 3956 mox,
3092 3898 3300 3961 peccata
3330 3905 3416 3945 eo-

1811 3977 1946 4024 rum,
1983 3975 2087 4012 non
2112 3958 2404 4026 iniquitates
2435 3973 2631 4012 eorum.

1883 4030 1964 4104 (g)
1996 4030 2054 4084 ln
2101 4029 2315 4104 excusis
2332 4072 2358 4104 _,
2415 4029 2943 4104 novissiina._Exstat
2989 4029 3202 4100 quidem
3247 4047 3408 4103 supra

1809 4118 1864 4156 ιι.
1895 4101 1988 4163 ‘22.
2020 4102 2293 4154 novissima
2322 4101 2552 4155 inimica.
2582 4101 2652 4156 At
2682 4101 2766 4156 hic
2793 4117 2988 4173 magno
3015 4118 3285 4158 consensu
3315 4101 3410 4159 lia-

1810 4173 1942 4230 beut
1973 4187 2102 4229 mss.
2138 4172 2431 4226 nouissime.

1887 4244 1964 4316 (Ii)
1995 4244 2099 4297 Pro
2127 4259 2302 4315 grteco
2332 4247 2404 4304 εἰς
2429 4252 2590 4309 νῖκος,
2614 4246 2664 4298 in
2705 4245 2990 4315 victoriam,
3020 4245 3147 4316 legit
3169 4246 3404 4303 Hilarius

1812 4324 1905 4370 aut
1934 4317 2200 4390 interpres
2246 4331 2405 4390 quem
2447 4316 2709 4383 sequitur,
2734 4319 2805 4378 εἰς
2833 4325 3006 4378 νεῖκος.
3041 4317 3154 4372 lmo
3195 4319 3245 4373 in
3274 4321 3407 4390 psal.

1811 4403 1921 4454 ιιι,
1964 4405 2019 4442 ιι.
2058 4388 2142 4454 14,
2172 4388 2456 4444 lectionem
2485 4399 2768 4458 utramque
2793 4390 2958 4446 simul
2987 4391 3244 4455 admittit,
3274 4388 3333 4448 et
3357 4393 3410 4448 in

1811 4476 1976 4530 unum
2007 4459 2303 4530 componit.

1885 4528 1948 4603 (i)
1997 4528 2149 4587 Unus
2188 4546 2289 4586 ms.
2311 4529 2483 4586 Vatic.
2514 4574 2529 4603 ,
2563 4529 2700 4586 alter
2728 4528 2880 4586 Colb.
2914 4542 2969 4588 et
3018 4533 3249 4588 Sorbon.
3289 4551 3414 4590 con-

1811 4601 2000 4676 [ον-ητα
2031 4603 2268 4677 [αείεηυ
2295 4601 2568 4677 quomodo
2595 4618 2752 4670 supra
2785 4603 2881 4657 lib.
2904 4619 2962 4658 ιιι
2988 4648 3003 4672 ,
3037 4621 3093 4660 ιι.
3126 4606 3181 4674 8,
3213 4607 3263 4660 in
3289 4608 3412 4677 qui-

1809 4674 2035 4731 busdam
2071 4689 2200 4729 mss.
2233 4674 2334 4745 legi
2360 4677 2702 4729 observatum
2731 4681 2836 4729 est.

114 4744 265 4820 talio:
296 4743 485 4820 sicque
510 4754 844 4820 sengisest,
895 4744 1055 4820 ﬁdem
1083 4757 1136 4800 et
1162 4746 1364 4820 cultum
1408 4746 1580 4802 Patris
1630 4745 1696 4802 ad
1725 4754 1780 4814 D
1875 4746 1950 4820 (ί)
1987 4743 2335 4820 Cmbeiensis
2372 4747 2545 4820 codex
2564 4746 2634 4801 ab
2673 4745 2890 4820 antiqua
2921 4762 3081 4803 manu
3107 4747 3174 4802 ad
3217 4751 3414 4820 margi-

113 4811 253 4868 lidem
277 4826 334 4868 et
365 4811 568 4869 cultum
613 4815 733 4872 Filii
777 4811 876 4871 nes
903 4816 1143 4886 perferre
1167 4858 1181 4882 ,
1215 4817 1376 4872 Patre
1422 4833 1520 4872 nos
1553 4821 1604 4872 in
1635 4835 1696 4874 se

113 4886 383 4960 religiosos
423 4888 731 4957 perferente
763 4889 814 4943 in
869 4888 1086 4942 Filium.
1133 4889 1188 4945 Si
1235 4891 1356 4958 quis
1411 4894 1696 4960 perferente

113 4958 248 5030 inalit
269 4974 435 5029 quam
462 4961 766 5029 perferentis
796 5001 810 5026 ,
837 4977 944 5016 non
985 4961 1212 5015 multum
1250 4958 1690 5030 repugnabimus.

111 5024 241 5085 Loco
283 5024 631 5102 perferentis,
677 5024 875 5087 habent
918 5033 1026 5088 duo
1071 5047 1202 5086 mss.
1235 5024 1506 5102 perfectos.
1541 5034 1693 5089 Unus

109 5111 272 5155 autem
311 5103 484 5176 Vatia.
516 5119 637 5158 cum
669 5104 824 5158 Vind.
872 5115 926 5158 et
967 5103 1102 5160 Silv.
1126 5145 1139 5167 ,
1162 5116 1432 5176 paternam
1475 5105 1691 5176 religio-

1806 4817 1930 4872 nem
1961 4833 2069 4886 prae
2111 4833 2172 4872 se
2203 4817 2340 4885 fert,
2374 4817 2534 4872 Caute
2558 4833 2578 4871 :
2607 4817 2702 4872 sed
2732 4820 3000 4874 cautelam
3041 4835 3192 4874 suam
3225 4817 3408 4878 secum

1805 4889 1967 4944 habet
1995 4891 2112 4958 ipse
2149 4890 2333 4957 locus,
2363 4888 2490 4943 dum
2522 4891 2701 4960 statim
2741 4889 3024 4960 subjicitur
3046 4934 3059 4955 ,
3092 4890 3285 4959 Deﬁnit
3313 4911 3412 4948 au-

1801 4970 1934 5023 tem,
1967 4977 2067 5014 non
2098 4972 2152 5014 ut
2182 4977 2282 5014 non
2309 4961 2410 5023 sit,
2439 4969 2546 5015 etc.
2579 4959 2765 5030 Neque
2796 4959 3118 5018 crediderim
3143 4963 3404 5020 Hilarium

1802 5033 1870 5088 ab
1901 5031 2199 5102 Augusnno
2231 5033 2403 5105 notari
2430 5033 2604 5105 Serm.
2635 5041 2780 5087 cont.
2816 5033 3005 5089 Arian.
3032 5051 3152 5104 cap.
3181 5037 3248 5091 57
3267 5079 3284 5105 ,
3312 5037 3400 5092 ubi

1801 5106 1872 5158 ait
1901 5121 1912 5157 :
1945 5105 2190 5171 Quamuis
2219 5120 2319 5158 non
2351 5103 2626 5172 defuerint.
2657 5105 2745 5172 qui
2787 5105 2932 5160 illam
2965 5117 3081 5160 tunc
3105 5103 3240 5163 Filii
3272 5103 3402 5162 sub-

110 5185 211 5247 nem
235 5175 550 5243 perferentes
571 5178 842 5247 perfectos.
896 5183 963 5231 Αι
988 5176 1126 5245 apud
1157 5175 1289 5229 Bad.
1319 5179 1375 5229 in
1427 5187 1692 5244 paternam
1789 5176 2068 5244 jectionem
2114 5176 2274 5247 ipsius
2327 5177 2562 5229 humana:
2603 5179 2786 5247 forma:
2813 5178 2867 5231 in
2912 5179 3134 5232 divinam
3172 5180 3410 5234 substan-

109 5246 399 5318 religionem
429 5246 729 5315 perferente.
765 5248 821 5302 In
861 5247 1084 5316 reliquis
1111 5248 1293 5314 editis,
1335 5257 1549 5318 paterna
1575 5249 1695 5302 reli-

109 5316 245 5390 gione
289 5319 542 5387 perfectos
579 5321 808 5373 adducit.
863 5320 1083 5374 Adtlncit
1132 5335 1288 5390 ergo:
1330 5316 1425 5376 ubi
1470 5321 1696 5376 verbum

107 5387 310 5443 adducit
345 5392 610 5459 repetitur
641 5392 844 5461 absque
871 5392 976 5447 ulla
1008 5387 1348 5446 auctoritate.

173 5478 248 5555 (τι)
278 5479 449 5547 Editi,
477 5483 596 5536 dum
623 5485 908 5555 principale
930 5482 1104 5538 Pater.
1138 5482 1357 5538 Rectius
1385 5499 1539 5544 mss..
1574 5485 1696 5540 dum

106 5553 233 5626 quod
250 5555 543 5626 principale
571 5565 644 5609 est
665 5598 680 5620 ,
711 5553 815 5610 etc.
846 5555 938 5611 Sic
971 5571 1133 5626 supra
1173 5573 1226 5609 ιι.
1254 5557 1312 5622 ‘2,
1343 5556 1408 5610 de
1451 5556 1622 5611 Filio:
1655 5558 1700 5611 si

106 5623 358 5700 etiamid,
390 5627 530 5700 quod
569 5627 857 5700 principale
882 5638 954 5682 est
976 5670 990 5692 ,
1019 5623 1196 5700 natum
1232 5628 1455 5700 negabit.
1485 5629 1700 5685 Utrobi-

106 5709 200 5760 que
226 5698 518 5768 principale
543 5697 610 5752 ad
641 5700 1026 5770 proprietatem
1057 5697 1313 5756 refertur:

170 5789 443 5864 (e)Abest
495 5793 755 5864 particula
787 5803 840 5848 ut
865 5809 896 5850 ιι
928 5794 1098 5852 tribus
1137 5811 1273 5856 mss.
1320 5793 1646 5856 Colbertinis
1680 5838 1695 5864 ,

108 5874 205 5915 uno
234 5863 503 5936 Sorbon.,
529 5863 717 5924 Germ.
747 5873 804 5925 et
829 5867 1044 5924 Martia.

1805 5249 1924 5301 tiam
1969 5247 2416 5320 canuntttationem
2464 5247 2851 5320 intelligendam
2898 5251 3185 5320 putauerint
3205 5270 3224 5318 ;
3273 5264 3406 5304 tam-

1801 5335 1954 5389 quam
1977 5321 2072 5374 ltoc
2093 5319 2275 5391 cuique
2302 5321 2376 5372 rei
2400 5318 2725 5386 subjiciatur,
2740 5321 2878 5391 quod
2899 5318 2960 5374 in
2983 5337 3096 5374 eam
3123 5325 3336 5377 uertitur
3358 5329 3405 5375 et

1803 5400 2052 5444 mutatur.
2087 5390 2237 5445 Hanc
2274 5399 2452 5446 autem
2493 5390 2803 5461 opinionem
2853 5394 3205 5461 ipsorummet
3247 5393 3407 5448 Aria-

1804 5477 2002 5516 norum
2054 5461 2218 5516 fuisse
2281 5478 2349 5518 ex
2399 5463 2589 5518 eodem
2637 5463 2938 5532 Augustino
2987 5464 3080 5518 lib.
3129 5481 3162 5519 ιι
3218 5474 3409 5520 contra

1803 5533 2078 5587 Maximiu.
2110 5549 2158 5587 c.
2208 5535 2274 5588 lli
2317 5535 2427 5602 jam
2479 5535 2833 5589 indicavimus
2877 5549 3026 5588 num.
3063 5537 3152 5591 14.
3201 5537 3402 5592 Eadem

1807 5605 2134 5660 Sabellianis
2161 5622 2224 5660 ac
2249 5605 2578 5661 Marcionitis
2621 5606 2869 5660 attribuit
2893 5607 3216 5663 Ambrosius
3249 5611 3341 5663 lib.
3371 5624 3406 5663 ν

1803 5676 1872 5730 de
1905 5676 2035 5732 Fide
2076 5693 2126 5731 ε.
2160 5678 2254 5746 15,
2291 5694 2344 5732 ιι.
2391 5678 2496 5734 162
2529 5695 2541 5731 :
2576 5676 2894 5745 Sabelliani,
2927 5680 3133 5748 inquit,
3179 5691 3226 5736 et
3259 5681 3408 5734 Mar-

1805 5749 2008 5804 cionin
2031 5749 2234 5814 dicunt,
2267 5750 2405 5820 quod
2443 5751 2565 5820 luco
2594 5752 2774 5819 futura
2796 5749 2868 5820 sit
2914 5749 3104 5806 Christi
3131 5753 3200 5807 ad
3243 5751 3410 5808 Deum

1809 5831 2006 5893 patrem
2042 5817 2293 5893 subjectio
2311 5862 2325 5885 ,
2354 5831 2407 5876 ut
2435 5823 2488 5875 in
2529 5817 2742 5875 Patrem
2779 5817 2829 5872 F
2831 5821 2950 5876 ilius
2981 5824 3310 5893 retundatur.
3339 5825 3410 5880 At

1809 5906 1941 5950 vero
1963 5892 2170 5950 Hilario
2199 5894 2287 5951 hic
2314 5907 2416 5951 vox
2443 5901 2669 5966 natura,
2703 5907 2812 5950 nou
2843 5892 3132 5968 corporum
3162 5899 3401 5970 ipsorum
