3996 6330
592 274 699 333 425

1807 270 2054 329 SANCTI
2095 268 2351 326 IIILARII
2386 267 2692 327 El’lSCOl’I
3728 271 3802 327 ω

595 392 724 447 dum
755 406 783 445 a
814 406 872 446 se
920 390 1216 447 secundum
1247 387 1394 462 quod
1434 395 1518 445 est
1546 387 1801 445 desinens
1823 429 1838 455 ,
1880 388 1931 444 ei
1965 387 2183 459 subjici-
2217 392 2268 455 Α
2294 384 2381 458 qui
2411 386 2559 440 habet
2587 399 2740 439 aures
2770 381 2850 456 (1)
2884 380 2968 454 (d)
2995 380 3274 448 audiendi,
3316 381 3482 436 audiat
3513 358 3693 456 (Matth.
3714 403 3804 455 ιιιι,

601 495 718 553 tur,
751 485 907 555 cujus
942 484 1192 541 Concedit
1218 484 1271 539 in
1319 484 1572 540 formam.
1620 484 1827 539 Desinit
1849 494 2059 550 autem,
2093 496 2198 537 non

599 585 790 633 utnon
822 578 923 645 sit,
956 577 1051 634 sed
1087 585 1147 632 ut
1186 575 1470 648 proﬁciat:
1501 576 1667 649 ﬁtque
1712 591 1780 633 ex
1826 575 2200 641 demutatione

600 669 877 740 Subditus,
918 670 970 725 in
1001 670 1238 742 speciem
1265 669 1499 742 suscepti
1527 668 1749 726 alterius
1778 670 1995 742 generis
2022 678 2199 725 trans-

600 763 799 820 eundo.
1643 758 1645 760 ’

670 856 761 912 56.
805 855 931 912 Filii
969 855 1252 931 subjectio,
1298 856 1477 929 gloriae
1505 865 1730 927 paterna:
1773 856 2109 911 consortium.
2133 884 2204 895 —

598 952 839 1024 Denique
877 960 935 1006 ιιι
963 951 1285 1008 sacramenti
1336 952 1495 1021 hujus
1532 962 1678 1007 esset
1725 951 1863 1006 ratio
1915 949 2197 1016 absoluta,

598 1054 723 1117 post
742 1043 1036 1102 novissime
1063 1044 1331 1101 devictam
1356 1056 1588 1101 mortem
1608 1086 1623 1112 ,
1662 1051 1775 1099 tum
1798 1044 1907 1099 ait:
1939 1043 2067 1099 Cum
2106 1060 2203 1097 au-

597 1146 699 1194 tem
719 1137 907 1193 dixerit
928 1178 943 1203 ,
979 1136 1166 1192 Omnia
1195 1135 1422 1210 subjecta
1442 1145 1589 1205 sunt,
1617 1135 1802 1205 absque
1827 1153 1885 1193 eo
1913 1137 2001 1207 qui
2030 1135 2207 1204 subje-

604 1233 672 1287 cit
701 1232 749 1287 ei
777 1232 946 1287 omnia
967 1273 983 1300 ,
1017 1241 1136 1287 tunc
1161 1231 1271 1303 ipse
1306 1230 1564 1306 subjectus
1596 1231 1690 1285 erit
1729 1231 1845 1299 illi,
1878 1230 1967 1302 qui
2003 1229 2051 1285 ei
2085 1228 2206 1285 sub-

598 1326 729 1399 jecit
768 1326 971 1388 omnia,
997 1339 1051 1379 ut
1077 1324 1143 1379 sit
1171 1323 1310 1380 Deus
1327 1324 1575 1379 omniain
1596 1323 1830 1378 omnibus
1852 1320 1927 1396 (Ι.
1954 1320 2071 1378 Cor.
2099 1336 2172 1376 xv
2190 1363 2206 1389 ,

603 1419 677 1475 26
692 1430 738 1473 et
758 1415 947 1490 seqq.).
969 1416 1181 1474 Primus
1205 1417 1366 1487 igitur
1385 1417 1707 1473 sacramenti
1729 1415 1931 1488 gradus
1946 1425 2059 1482 est,
2083 1413 2211 1470 sub-

600 1512 744 1585 jecta
773 1528 895 1569 esse
932 1513 982 1569 ei
1023 1513 1232 1578 omnia;
1258 1522 1314 1568 et
1351 1520 1478 1568 tunc
1517 1513 1691 1583 ipsum
1737 1511 2043 1582 subjectum
2095 1509 2207 1567 lieri

606 1606 917 1678 subjicienti
945 1607 1044 1663 sibi
1073 1606 1254 1663 omnia
1282 1623 1295 1661 :
1330 1618 1388 1662 ιιι
1411 1605 1867 1678 quemadmodum
1897 1620 1994 1661 nos
2023 1604 2210 1676 gloria:

604 1701 880 1775 regnantis
907 1701 1154 1772 corporis
1182 1700 1265 1756 Sui
1302 1700 1616 1766 subdimur,
1644 1699 1836 1756 eodem
1868 1714 2082 1754 rursum
2115 1711 2210 1753 sa-

2303 481 2375 539 40
2409 492 2457 537 et
2488 481 2675 556 seqq).
2706 479 2975 549 Numquid
3003 494 3107 533 non
3135 477 3389 534 erunibus
3413 480 3806 552 naturaleseorpoo

2304 577 2555 648 ralesque
2583 590 2746 632 aures
2768 574 2836 630 ad
2866 573 3131 630 dictorum
3162 572 3484 629 audientiam
3498 584 3743 643 patent,ut
3763 576 3809 632 ad

2304 669 2628 726 audiendum
2661 667 2930 725 dominica
2950 666 3331 724 admonitione
3354 667 3425 739 (e)
3454 666 3596 724 fuerit
3621 683 3809 726 necessa-

2307 762 2485 819 rium?
2509 762 2618 819 Sed
2647 761 2970 818 sacramenti
2998 759 3280 816 scientiam
3310 758 3554 815 Dominus
3574 759 3810 828 insinuans,

2308 857 2638 914 auditionem
2684 858 2946 913 doctrina:
2995 855 3172 912 lidelis
3214 853 3409 927 exegit.
3452 853 3507 909 lu
3548 870 3813 913 consumma-

2308 952 2454 1006 tione
2494 950 2675 1022 itaque
2714 948 2898 1004 smculi
2926 948 2995 1004 de
3024 963 3191 1019 regno
3218 948 3336 1019 ejus
3364 947 3597 1005 scandala
3623 948 3816 1007 auferun-

2308 1052 2414 1098 tur.
2457 1040 2730 1098 Habemus
2757 1057 2886 1113 ergo
2920 1053 3234 1113 regnantem
3280 1040 3551 1097 Dominum
3590 1043 3813 1099 secundum

2308 1135 2552 1206 corporis
2580 1134 2908 1202 claritatem,
2940 1150 3048 1206 quo
3077 1149 3249 1206 usque
3279 1133 3525 1195 scandala
3552 1133 3815 1190 auferantur.

2311 1226 2587 1283 llabemus
2614 1243 2832 1282 rursum
2863 1226 3174 1282 conformes
3202 1241 3301 1281 nos
3330 1224 3509 1297 gloriae.
3534 1225 3737 1294 corporis
3760 1224 3816 1279 sui

2312 1321 2365 1377 in
2391 1337 2557 1392 regno
2578 1321 2753 1376 Patris
2771 1361 2786 1388 ,
2814 1329 3084 1391 tamquam
3110 1321 3160 1375 in
3186 1320 3317 1376 solis
3338 1319 3569 1376 claritate
3588 1318 3818 1391 fulgentes:

2312 1415 2392 1488 (ί)
2413 1414 2467 1471 in
2490 1432 2594 1487 qua
2624 1414 2863 1471 habltttm
2888 1416 3035 1487 regni
3057 1413 3141 1471 sui
3166 1413 3437 1485 Apostolis
3458 1413 3510 1469 in
3528 1422 3684 1469 monte
3699 1422 3819 1468 trans-

2313 1509 2575 1567 formatus
2604 1509 2860 1565 ostendit.

2384 1602 2473 1659 59.
2504 1601 2735 1658 Gloriam
2764 1602 3091 1670 impertiens,
3124 1601 3282 1657 tradit
3309 1617 3404 1656 nos
3436 1616 3630 1672 regnum
3647 1598 3821 1655 Densis:

2312 1695 2456 1768 regni
2476 1695 2557 1750 sui
2587 1697 2791 1750 daumo.
2820 1694 3051 1766 Regnum
3081 1693 3351 1761 traditum,
3379 1709 3488 1749 uos.
3514 1691 3823 1747 TradensCltti-

606 1806 884 1853 cramento
921 1792 998 1868 (a)
1035 1795 1151 1865 ipse
1187 1809 1421 1866 regnans
1461 1793 1516 1849 in
1547 1793 1720 1864 gloria
1764 1794 2011 1862 corporis
2040 1789 2210 1862 subji-
2241 1802 2291 1865 Β
2316 1800 2444 1859 stus,
2468 1801 2514 1846 et
2535 1791 2630 1845 hoc
2649 1800 2900 1863 quatenus
2921 1788 3394 1845 Ιιοιιιο.-Τιει‹1θι
3409 1802 3534 1859 ergo
3554 1786 3825 1859 regnonti

605 1890 770 1947 cienti
802 1888 905 1946 sibi
934 1888 1186 1944 universa
1215 1889 1498 1945 subdatur.
1541 1887 1834 1945 Subdimur
1862 1895 2044 1942 autem
2088 1884 2213 1956 glo-

607 1984 703 2041 riae
730 1986 977 2057 corporis
1020 1983 1143 2051 sui,
1172 1991 1232 2040 ut
1270 1985 1322 2040 in
1354 2000 1418 2041 ea
1469 1984 1641 2040 simus
1682 1982 1760 2057 (b)
1787 1982 2068 2049 claritate,
2110 1995 2215 2053 qua

604 2087 796 2150 regnat
822 2080 877 2134 in
907 2093 1174 2150 corpore:
1205 2079 1329 2150 quia
1360 2078 1579 2151 corpori
1610 2078 1729 2149 ejus
1765 2077 2075 2133 conlormes
2103 2077 2211 2132 eri-

608 2186 751 2227 mus.

681 2263 768 2320 37.
814 2263 1058 2338 Corporis
1093 2263 1285 2320 Christi
1324 2265 1512 2338 gloria.
1554 2295 1626 2307 -
1656 2262 1726 2319 Et
1748 2262 1966 2333 quidem
1991 2262 2215 2335 gloriam

612 2359 889 2431 regnantis
925 2375 1071 2417 nunc
1094 2361 1339 2432 corporis
1380 2362 1461 2417 sui
1509 2359 1829 2432 Evangeliea
1869 2374 1974 2415 non
2016 2368 2215 2415 tacent.

609 2452 686 2509 Ita
758 2453 902 2509 enim
951 2453 1243 2521 scribitur,
1291 2453 1519 2510 Domino
1570 2452 1782 2509 dicente
1832 2470 1846 2508 :
1886 2451 2045 2505 Amen
2104 2450 2221 2505 dico

613 2544 784 2613 vobis,
815 2547 1058 2613 quoniam
1100 2555 1220 2600 sunt
1266 2546 1427 2617 aliqui
1474 2545 1537 2600 de
1588 2543 1910 2600 adstantibus
1945 2545 2088 2609 istis,
2133 2543 2222 2615 qui

614 2653 718 2693 non
754 2638 1030 2710 gustabunt
1085 2648 1335 2705 mortem,
1378 2638 1538 2693 donec
1573 2638 1778 2692 videant
1808 2638 1974 2708 filium
2002 2636 2221 2692 hominis

612 2730 891 2786 venientem
910 2733 967 2786 in
1008 2746 1167 2802 regno
1189 2746 1282 2785 suo
1311 2730 1331 2805 (
1360 2729 1550 2786 Matth.
1600 2746 1688 2785 xvr
1710 2772 1727 2797 ,
1756 2729 1827 2785 28
1851 2728 1890 2800 ).
1940 2728 2007 2783 Et
2030 2733 2222 2800 factum

616 2831 693 2877 est
722 2831 835 2894 post
864 2822 978 2878 dies
1005 2838 1096 2878 sea:
1114 2862 1130 2891 ,
1164 2823 1444 2894 assumpsit
1469 2821 1624 2878 Iesus
1650 2822 1870 2878 Petrum
1896 2832 1946 2877 et
1970 2819 2224 2876 Iacobum

624 2925 673 2970 et
701 2913 960 2971 Joannem
988 2920 1201 2987 fratrem
1240 2917 1382 2987 ejus,
1409 2926 1455 2971 et
1480 2916 1620 2971 ducit
1646 2916 1766 2971 illos
1793 2916 1849 2970 in
1878 2926 2099 2970 montem
2136 2931 2221 2971 ea:-

613 3010 803 3066 celsum
840 3028 1101 3077 seorsum,
1140 3021 1190 3068 et
1214 3012 1613 3084 transﬁguratus
1642 3021 1717 3068 est
1753 3010 1909 3066 Iesus
1949 3020 2069 3065 ante
2096 3026 2181 3066 eos
2205 3052 2220 3077 ,

616 3110 666 3157 et
692 3103 1012 3176 resplenduit
1038 3105 1201 3177 facies
1221 3108 1334 3178 ejus
1358 3113 1409 3157 ut
1439 3104 1555 3173 sol,
1583 3104 1887 3160 uestimenta
1915 3114 2085 3159 autem
2114 3103 2225 3176 ejus

2321 1886 2459 1958 patri
2486 1905 2501 1943 :
2525 1901 2633 1940 non
2659 1887 2728 1939 ita
2748 1927 2761 1949 ,
2791 1893 3061 1955 tamquam
3091 1882 3309 1939 tradens
3332 1889 3591 1952 potestate
3611 1875 3823 1941 concedat,

2319 1981 2414 2038 sed
2442 1980 2585 2052 quod
2613 1995 2713 2036 nos
2742 1979 3053 2035 conloriues
3078 1978 3262 2049 gloriae
3290 1976 3531 2049 corporis
3562 1974 3634 2030 sui
3660 1972 3753 2028 lacti
3772 1984 3826 2027 re-

2319 2091 2481 2147 gnum
2506 2075 2598 2131 Dei
2642 2071 2865 2130 erimus.
2896 2072 3014 2128 Non
3056 2071 3201 2128 enim
3241 2071 3316 2125 ait
3352 2086 3368 2123 :
3406 2068 3598 2124 Tradet
3630 2080 3749 2122 suum
3773 2078 3823 2118 re

2323 2183 2531 2241 guunt;
2576 2167 2671 2223 sed
2698 2165 2889 2221 Tradet
2930 2182 3143 2237 regnum
3175 2162 3221 2237 (ι
3250 2162 3374 2219 Cor.
3402 2178 3501 2230 xv,
3533 2161 3646 2228 24),
3675 2158 3826 2214 cllectos

2325 2279 2426 2319 nos
2450 2277 2547 2331 per
2574 2261 3019 2333 gloriﬁcationem
3050 2258 3295 2330 corporis
3326 2257 3413 2313 sui
3440 2270 3643 2327 regnum
3664 2253 3827 2309 Deotra-

2321 2355 2552 2414 diturus.
2575 2354 2684 2410 Nos
2712 2355 2891 2423 itaque
2918 2352 3095 2408 tradet
3125 2353 3176 2406 in
3199 2366 3428 2421 regnum
3446 2394 3462 2418 ,
3498 2346 3744 2403 secundum
3763 2343 3825 2396 hoc

2323 2450 2376 2507 in
2402 2448 2708 2521 Evangeliis
2721 2447 2921 2504 dictum
2944 2463 2960 2504 :
2999 2444 3190 2510 Venite,
3223 2443 3472 2500 benedicti
3491 2441 3637 2514 patris
3654 2438 3829 2506 meimei-

2323 2545 2482 2601 sidete
2510 2552 2856 2617 purpuratum
2882 2540 3019 2597 vobis
3057 2554 3273 2612 regnum
3294 2555 3326 2593 α
3357 2536 3686 2593 constitutione
3713 2528 3830 2585 mundi

2327 2638 2540 2711 (Matth.
2565 2652 2669 2692 xxv
2686 2678 2700 2703 ,
2724 2634 2840 2705 54).
2866 2632 3173 2705 Fulgebunt
3192 2646 3322 2701 ergo
3342 2630 3474 2701 justi
3496 2635 3551 2683 ut
3571 2627 3641 2683 sol
3666 2626 3706 2679 in
3723 2633 3832 2693 regno

2335 2732 2502 2803 patris
2526 2746 2735 2787 eorum.
2768 2728 2968 2785 Tradet
3005 2727 3149 2783 enim
3181 2725 3356 2781 Filius
3395 2725 3503 2779 Deo
3530 2734 3719 2791 regnum
3748 2730 3829 2777 eos.

2326 2841 2464 2897 quos
2483 2824 2695 2880 vocavit
2712 2824 2766 2879 in
2786 2838 3034 2895 regnum,
3053 2821 3246 2892 quibus
3268 2828 3325 2876 et
3348 2816 3702 2875 beatitudinem
3716 2822 3834 2867 sacra-

2284 2960 2288 2963 η
2329 2917 2495 2973 menti
2522 2916 2678 2988 hujus
2697 2913 2990 2988 spopondit
3010 2914 3198 2970 dicens
3219 2930 3232 2967 :
3256 2911 3338 2985 (ὶ)
3364 2911 3510 2966 Beat!
3533 2907 3695 2963 mundo
3707 2901 3832 2963 corde.

2328 3011 2570 3080 quoniam
2602 3008 2704 3080 ipsi
2735 3007 2899 3063 Deum
2936 3006 3174 3062 uidebunt
3216 3003 3439 3078 (Matth.
3474 3019 3504 3056 ι’
3524 3044 3536 3065 .
3565 3001 3634 3072 8).
3663 2997 3835 3067 lli-gnatis

2330 3102 2517 3173 itaque
2545 3111 2756 3157 avertet
2780 3098 3031 3156 scandala
3051 3143 3067 3168 ,
3101 3108 3157 3154 et
3187 3106 3313 3153 tunc
3331 3096 3466 3168 justi
3488 3095 3538 3150 in
3563 3106 3701 3162 regno
3722 3084 3835 3142 Patris

614 3198 754 3267 facta
779 3207 895 3252 sunt
919 3199 1054 3252 sicut
1084 3198 1176 3253 nia:
1214 3196 1428 3271 (.llatth.
1458 3213 1569 3253 xvn
1593 3240 1607 3265 ,
1639 3199 1664 3253 1
1697 3208 1745 3253 et
1770 3196 1863 3269 2).
1904 3197 2086 3254 Gloria
2117 3196 2220 3253 ita-
2248 3202 2295 3266 C
2330 3205 2599 3268 tamquam
2626 3194 2710 3251 sol
2741 3192 3043 3264 fulgebunt.
3075 3191 3275 3247 Tradet
3300 3200 3488 3245 autem
3528 3188 3625 3242 Deo
3654 3179 3759 3255 patri
3783 3192 3836 3231 tc-

613 3304 721 3359 que
749 3291 1018 3346 venientis
1060 3291 1114 3346 in
1153 3306 1379 3362 regnum
1409 3290 1658 3361 corporis
1692 3288 1969 3361 Apostolis
1996 3289 2222 3346 demon-

615 3391 784 3439 8trata
811 3392 897 3440 est
921 3383 1085 3440 :Nam
1108 3384 1160 3439 in
1190 3383 1376 3439 habitu
1394 3383 1653 3439 Dominus
1679 3383 1928 3454 gloriosa:
1960 3382 2228 3456 (cjtrans-

617 3476 959 3534 lormatiouis
1023 3493 1136 3533 suae
1205 3477 1488 3543 constitit,
1539 3478 1817 3550 regnantis
1861 3477 2107 3548 corporis
2143 3478 2227 3533 sui

619 3568 864 3625 claritate
896 3569 1181 3640 patefacta.

693 3661 784 3719 58.
826 3659 1158 3719 Consortium
1186 3663 1332 3719 illius
1354 3662 1497 3720 nobis
1528 3663 1863 3736 promissum.
1884 3692 1956 3704 -—
1979 3661 2044 3718 Et
2069 3660 2230 3733 hujus

618 3759 836 3833 quidem
866 3761 1053 3833 glorias
1094 3776 1209 3818 sua:
1243 3761 1578 3819 consortium
1607 3760 1882 3831 Apostolis
1921 3758 2186 3830 pollicens
2207 3798 2221 3824 ,

618 3852 732 3909 ait:
765 3853 857 3910 Sic
898 3854 995 3911 erit
1031 3854 1087 3910 in
1132 3856 1573 3911 consummatione
1620 3854 1818 3910 seaculi.
1871 3852 2039 3909 Mittet
2084 3852 2226 3922 ﬁlius

620 3947 840 4004 hominis
863 3950 1073 4025 angelos
1100 3950 1267 4024 398
1292 3968 1412 4007 suos
1434 3993 1449 4020 ,
1483 3960 1531 4006 et
1570 3950 1811 4023 colligent
1836 3949 1899 4006 de
1922 3965 2080 4020 regno
2110 3950 2223 4022 ejus

619 4043 794 4098 omnia
835 4044 1083 4099 scandala
1126 4054 1175 4101 et
1228 4047 1314 4118 qui
1360 4047 1560 4117 faciunt
1592 4045 1944 4117 iniquitatem,
1974 4052 2021 4099 et
2064 4044 2227 4098 mittet

618 4152 704 4192 eos
732 4136 787 4191 in
815 4138 1068 4193 caminum
1095 4138 1264 4210 ignis;
1294 4137 1364 4193 ibi
1393 4139 1486 4195 erit
1512 4139 1664 4210 ﬂetus
1686 4149 1733 4193 et
1762 4138 1953 4193 stridor
1974 4136 2223 4193 dentiant.

625 4227 768 4285 Tunc
788 4230 918 4301 justi
946 4231 1214 4303 fulgebunt
1241 4232 1374 4287 sicut
1400 4232 1479 4288 sol
1516 4233 1571 4287 in
1614 4248 1771 4305 regno
1802 4233 1966 4304 patris
2010 4248 2183 4287 eorum
2209 4245 2228 4286 :

700 4343 781 4414 (1)
820 4344 935 4399 Non
966 4352 1117 4400 extat
1144 4344 1390 4400 audiendi
1417 4346 1470 4401 in
1500 4353 1690 4403 nostro
1719 4346 1929 4403 codice.

2330 3305 2494 3363 gnum
2522 3308 2535 3340 τ
2567 3299 2623 3346 et
2649 3299 2777 3344 tunc
2804 3304 2940 3358 quos
2980 3301 3206 3358 regnum
3252 3286 3369 3340 Deo
3416 3279 3703 3343 tradiderit,
3725 3273 3837 3328 Deum

2336 3362 2614 3441 videbunt.
2645 3381 2723 3455 (g)
2753 3382 2821 3437 Et
2854 3380 2996 3453 quod
3037 3395 3294 3451 regnum,
3337 3379 3455 3450 ipse
3491 3382 3691 3431 testatus
3711 3362 3839 3424 estdi-

2335 3493 2465 3536 cens
2511 3478 2577 3534 ad
2626 3475 2920 3548 Apostolus
2952 3492 2965 3530 :
3000 3474 3067 3529 In
3108 3474 3249 3529 vobis
3284 3474 3425 3529 enim
3468 3482 3541 3527 est
3578 3480 3748 3541 regnum
3778 3456 3840 3511 Dei

2332 3572 2467 3645 (Luc
2504 3588 2644 3639 xvn,
2677 3569 2795 3644 ‘21).
2850 3570 3102 3640 Regnans
3144 3568 3322 3639 itaque
3377 3578 3593 3637 regnum
3632 3556 3778 3616 tradet
3800 3550 3841 3605 Et

2336 3667 2381 3723 si
2411 3669 2531 3739 quis
2553 3674 2763 3738 qumrat
2796 3663 2917 3736 quis
2940 3663 3041 3720 iste
3060 3665 3130 3719 sit
3179 3660 3402 3717 tradens
3432 3672 3667 3731 regnum,
3688 3648 3839 3709 audiet:

2332 3762 2568 3818 Christus
2593 3760 2870 3816 resurrexit
2900 3778 2931 3814 a
2958 3760 3172 3814 mortuis
3191 3800 3204 3825 ,
3229 3756 3399 3830 399
3424 3753 3648 3825 primitiae
3663 3744 3842 3804 domum

2332 3855 2755 3928 tinm;.quoniaut
2788 3869 2878 3924 per
2905 3853 3163 3907 hominem
3190 3867 3350 3915 mors,
3379 3861 3428 3906 et
3459 3864 3546 3920 per
3571 3842 3773 3900 hominem
3791 3849 3842 3890 rt-

2331 3951 2577 4006 surrectio
2607 3958 2921 4004 mortuorum
2963 3948 3017 4017 (Ι
3051 3945 3170 4003 Cor.
3218 3962 3305 4011 xv,
3340 3941 3650 4018 2|).0mnis
3665 3938 3770 3995 enim
3788 3929 3841 3985 hic

2335 4059 2479 4100 nunc
2507 4044 2788 4115 praesentis
2811 4042 3121 4113 quiestionis
3148 4030 3329 4096 seruio
3352 4040 3421 4095 de
3450 4041 3751 4094 sacramento
3767 4038 3843 4082 cor-

2337 4138 2485 4211 poris
2513 4146 2627 4205 est,
2650 4135 2774 4209 quia
2796 4134 3042 4192 Christus
3072 4133 3323 4205 primitia:
3349 4149 3415 4190 ex
3446 4129 3658 4187 mortuis
3672 4132 3752 4182 est.
3769 4120 3843 4187 0‘10

2338 4241 2518 4289 autem
2540 4229 2790 4288 Christus
2805 4228 3063 4304 mysterio
3086 4243 3156 4285 ex
3180 4229 3415 4284 mortuis
3438 4220 3731 4283 resurrexit,
3747 4214 3843 4283 Αροο

700 4344 751 4414 (1
820 4344 935 4399 Non
966 4352 1117 4400 extat
1144 4344 1390 4400 audiendi
1417 4346 1470 4401 in
1500 4353 1690 4403 nostro
1719 4346 1929 4403 codice.

699 4344 781 4488 (εἶ
818 4414 966 4472 Beati
990 4416 1175 4471 mundi
1201 4417 1355 4471 corde
1392 4432 1515 4473 eum
1552 4432 1763 4489 graeco,
1796 4420 2034 4496 μακάριοι
2063 4417 2110 4474 oi
2132 4418 2221 4475 καθ

2323 4416 2341 4470 i
2364 4421 2427 4491 τῇ
2457 4409 2662 4492 καρδίᾳ.

629 4528 923 4609 essentiam
955 4529 1247 4609 signiﬁcat,
1271 4531 1364 4588 sed
1387 4531 1700 4609 qualitatem
1726 4532 1903 4609 :quod
1928 4543 2115 4604 aperte
2136 4532 2232 4609 de-
2258 4546 2313 4609 ι)
2339 4532 2523 4609 paucis
2546 4528 2836 4609 inceperit
2866 4526 3102 4609 Hilarius
3130 4536 3239 4609 :_ut
3276 4524 3705 4609 quemadmodum
3735 4514 3846 4609 subii:

625 4604 860 4676 elaratur
884 4610 1061 4676 tract.
1113 4604 1245 4672 psal.
1295 4619 1363 4666 tt,
1417 4619 1472 4658 ιι.
1505 4604 1570 4659 41
1606 4621 1619 4658 :
1654 4602 1933 4676 Confracta
1964 4602 2230 4675 reparabit

623 4673 903 4749 (corpora)
921 4717 934 4739 ,
964 4690 1067 4729 non
1090 4691 1154 4729 ea:
1181 4675 1284 4730 alia
1303 4676 1509 4747 aliqua,
1539 4676 1629 4731 sed
1658 4692 1722 4749 ea;
1753 4673 1906 4749 ueteri
1936 4673 2087 4749 atque
2120 4677 2233 4745 ipsa

628 4747 843 4821 originis
885 4761 994 4801 sua:
1031 4748 1242 4801 materie
1285 4749 1505 4821 speciem
1550 4748 1841 4821 complaciti
1892 4747 2011 4803 sibi
2036 4748 2233 4803 decoris

628 4818 925 4892 impertiens
950 4834 968 4873 :
990 4828 1047 4873 ut
1076 4820 1482 4892 corruptibilium
1511 4818 1782 4892 corporum
1806 4822 1859 4875 in
1890 4822 2235 4889 incorruptio-

630 4890 721 4963 nis
743 4890 962 4963 gloriam
989 4890 1289 4963 resurrectio
1305 4932 1321 4958 ,
1351 4909 1455 4946 non
1478 4890 1696 4963 interitu
1713 4902 1953 4947 naturam
1978 4893 2195 4962 perimat
2216 4934 2230 4958 ,

632 4962 723 5018 sed
752 4962 1009 5031 qualitatis
1052 4962 1339 5018 conditione
1371 4966 1612 5019 demutet.
1645 4962 1768 5018 Non
1795 4965 1927 5019 enim
1949 4964 2095 5019 aliud
2122 4980 2236 5018 cor-

630 5050 732 5163 pus
757 5035 985 5105 quamvis
1010 5036 1064 5089 in
1090 5034 1233 5089 aliud
1266 5045 1522 5107 resurget,
1568 5043 1675 5092 etc.
1710 5035 1826 5091 Non
1876 5036 2052 5091 minus
2083 5036 2235 5090 lucu-

655 5115 813 5162 entus
847 5120 929 5161 est
961 5107 1107 5162 locus
1138 5114 1293 5161 tract.
1338 5108 1478 5163 nsal.
1522 5123 1618 5163 LV.
1653 5124 1708 5161 ιι.
1733 5107 1820 5163 12.
1848 5106 1973 5162 Ideo
2005 5117 2188 5162 autem
2217 5148 2232 5163 .

655 5115 813 5162 entus
846 5120 929 5177 est
961 5107 1107 5162 locus
1138 5114 1293 5161 tract.
1338 5106 1478 5177 psal.
1522 5123 1618 5173 LV,
1653 5124 1708 5161 ιι.
1733 5107 1820 5163 12.
1848 5106 1973 5162 Ideo
2005 5117 2188 5162 autem
2217 5148 2232 5172 ,

669 5187 793 5244 tito,
824 5176 960 5233 dixit
986 5184 1203 5234 sanctus
1229 5176 1428 5235 Doctor
1465 5186 1708 5233 naturam
1729 5180 1963 5245 mutari,
1990 5194 2111 5233 cum
2141 5192 2234 5233 so-

655 5266 741 5305 am
771 5251 1089 5319 qualitatum
1118 5254 1410 5306 novitatem
1438 5250 1797 5320 intelligeret,
1822 5251 1965 5321 quod
1985 5250 2237 5322 gloriosa:

633 5322 791 5378 dotes
836 5337 944 5376 non
994 5322 1103 5376 sint
1142 5322 1417 5376 naturales
1460 5337 1750 5388 corporum
1792 5323 2110 5391 qualitates,
2142 5321 2236 5377 sed

635 5394 814 5476 patius
836 5392 1082 5476 quaedam
1104 5392 1300 5476 divinae
1319 5392 1644 5476 conditionis
1666 5393 2053 5476 praerogativm.
2077 5391 2237 5476 lludc

635 5463 690 5519 in
728 5462 978 5520 omnibus
1006 5464 1088 5519 his
1117 5464 1249 5519 locis
1276 5474 1473 5520 natura:
1499 5462 1718 5520 nomine
1747 5462 2042 5521 naturalem
2076 5465 2237 5521 inte!-

637 5534 753 5605 ligit
779 5537 1166 5592 conditionem.

712 5603 791 5678 (α)
830 5605 949 5662 Vat.
989 5608 1106 5663 bas.
1159 5621 1291 5677 ms.,
1341 5623 1481 5665 unus
1529 5606 1710 5674 Colb.,
1752 5606 1891 5664 alter
1913 5606 2145 5665 Sorbon.
2183 5615 2239 5664 et

641 5675 853 5754 Martia.
875 5678 988 5754 ipse
1019 5679 1117 5754 sibi
1144 5675 1389 5754 regnans.

714 5747 785 5819 (b)
814 5747 872 5803 ln
894 5747 1151 5823 yulgatis,
1178 5747 1409 5823 corporis
1429 5753 1681 5809 claritate.
1700 5751 1819 5809 Vox
1844 5751 2072 5823 corporis
2086 5750 2241 5809 abest

644 5836 674 5878 a
714 5834 845 5875 mss.
882 5820 1022 5889 Quid
1058 5822 1127 5880 de
1166 5820 1281 5883 toto
1323 5825 1675 5897 subjectionis
1709 5820 1971 5899 mysterio
2008 5824 2238 5894 sentiat,

2336 4596 2509 4660 cimur
2537 4596 2755 4659 Christo
2776 4641 2791 4667 ,
2820 4608 3088 4672 quatenus
3117 4599 3234 4671 ejus
3273 4596 3465 4671 glorias
3499 4596 3845 4673 cotil'ortnesjtl-1

2335 4674 2586 4731 Christus
2614 4675 2723 4729 Deo
2741 4668 3032 4735 subdatur,
3059 4668 3327 4742 quatenus
3350 4668 3844 4744 secundumliomiucm

2337 4747 2535 4803 divina:
2563 4746 2826 4802 claritatis
2851 4732 3358 4800 consors'el‘licitur.
3396 4745 3519 4801 Haec
3546 4741 3729 4804 confer,
3751 4732 3847 4790 silli-

2340 4819 2465 4887 bet,
2492 4834 2620 4877 .eum
2654 4827 2810 4873 tract.
2843 4817 2981 4890 psal.
3011 4831 3151 4890 van
3180 4856 3194 4881 ,
3226 4833 3279 4871 ιι.
3315 4817 3406 4874 37.
3520 4889 3525 4890 ί
3671 4884 3681 4890 _
3741 4877 3750 4890 ,

2414 4872 2743 4962 (ἇίΜιιιιίιι.
2777 4872 2989 4962 et'Vat.
3023 4889 3138 4943 bas.
3170 4872 3303 4943 mss.
3343 4872 3845 4962 trartsﬁgurationis.:i|

2341 4956 2640 5017 ad'caleem
2672 4960 2878 5016 numeri
2910 4960 3128 5030 subseq.
3158 4974 3282 5014 cum
3305 4956 3519 5017 caeteris
3532 4956 3826 5030 consentiunt.

2410 5034 2489 5103 (d)
2533 5032 2766 5089 Verbum
2790 5031 3037 5087 audiendi
3062 5028 3404 5087 desideratur
3430 5033 3484 5088 in
3505 5029 3722 5103 omnibus
3738 5028 3849 5092 pr0P°

2340 5120 2499 5171 mss.,
2530 5120 2853 5175 quamquam
2877 5114 3053 5175 exstat
3078 5104 3129 5157 in
3151 5104 3450 5175 vetustiore
3478 5102 3623 5161 Colb.
3669 5168 3694 5175 __

2415 5160 2497 5248 (e)'
2529 5160 2684 5247 Apud
2706 5160 2800 5232 Er.
2825 5186 2881 5231 et
2901 5174 3049 5245 Lips.
3075 5174 3231 5248 fuerit
3256 5192 3386 5248 opus
3405 5160 3850 5248 arcnitentiliusaliis

2340 5242 2528 5331 libris,
2556 5242 2612 5303 in
2639 5251 2834 5319 quibus
2854 5242 2983 5303 cuni
3010 5242 3199 5302 eadem
3225 5242 3486 5319 vi'legere
3509 5256 3618 5311 est,
3643 5242 3767 5315 {mil
3795 5244 3852 5283 ll“

2342 5335 2639 5374 cessartum.
3828 5372 3837 5380 ,

2417 5391 2489 5464 (f)
2530 5390 2650 5447 Vat.
2683 5390 2796 5447 bas.
2832 5406 2947 5464 ms.
2969 5405 3051 5464 ac_
3065 5390 3284 5464 Martin.
3299 5391 3358 5464 in
3379 5406 3481 5462 quo
3499 5386 3722 5464 habitasse
3737 5388 3850 5464 regat:

2343 5448 2543 5536 Yo‘eem
2591 5463 2734 5536 regni
2776 5462 2977 5536 omittit
3013 5461 3196 5536 Colb.;
3220 5448 3619 5536 _nil_immu_tes.
3646 5448 3854 5536 Huc

2343 5535 2475 5590 illud
2505 5520 2624 5605 cap.
2645 5520 2768 5591 “XVII
2813 5535 2865 5589 in
2909 5533 3093 5588 Matth.
3128 5520 3280 5589 n.'2:
3320 5532 3451 5589 Post
3487 5534 3589 5605 dies
3614 5544 3709 5605 ξαν
3732 5520 3857 5605 σίθῖξτ

2344 5600 2614 5749 t’liominica:
2633 5607 2835 5663 habitus
2856 5607 3206 5662 ostenditur...
3227 5605 3371 5681 regni
3392 5604 3598 5662 cwlestis
3615 5602 3750 5655 Ιιοηοτ
3765 5600 3856 5662 ἔπιτ’

2387 5690 2623 5749 guratur.
3570 5747 3593 5749 ᾼ
3641 5744 3651 5749 μ
3702 5739 3715 5749 _

2424 5690 2623 5734 uratur.

2387 5696 2623 5824 gignit):
2660 5766 2792 5809 mss.
2818 5750 3068 5809 addimus
3112 5749 3426 5824 particulam
3456 5757 3521 5824 ει.
3569 5739 3742 5804 Deinde
3774 5734 3856 5806 posl

2346 5822 2487 5895 quod
2509 5840 2758 5897 regnum,
2784 5827 3007 5883 tacitum
3032 5822 3365 5884 est—verbum
3394 5822 3575 5878 tradet.
