3996 6330
591 296 696 356 627

1805 291 2051 351 sanan
2090 289 2347 350 lllLAllll
2378 283 2680 352 Episcort
3731 307 3806 368 ηε

593 421 830 478 ciatione
853 416 1079 491 gloriam
1105 419 1454 472 mutuaretur.
1491 408 1745 471 Succedit
1772 411 1972 468 deinde
1999 411 2190 482 gloriae
2223 417 2266 478 Α
2297 411 2462 476 istud,
2487 425 2585 467 nec
2616 425 2807 467 sensus
2831 408 3058 467 rationis
3085 423 3255 482 capax
3282 408 3525 484 loquitur,
3560 425 3612 472 ut
3629 427 3805 480 naturali

595 513 854 587 plenioris
882 510 1184 581 profectus,
1215 524 1281 565 ex
1319 509 1656 564 incremento
1683 506 1907 562 indultae
1930 506 2039 576 jam
2068 521 2190 560 cor-

593 609 712 681 pori
751 606 940 679 gloriae
981 603 1386 676 capessendus:
1424 601 1484 658 Si
1525 598 1666 655 Deus
1699 600 2072 671 Itonoriﬁcatus
2118 608 2190 654 est

590 705 646 759 in
684 719 776 768 eo,
813 710 858 756 et
894 698 1034 754 Deus
1064 696 1419 768 honori/ieavit
1463 712 1576 750 eum
1614 697 1668 749 in
1696 711 1749 749 se
1770 736 1785 761 ,
1817 705 1864 749 et
1900 691 2041 748 Deus
2070 709 2190 764 pro-

593 799 728 853 tinus
756 793 1112 859 honoriﬁcavit
1137 789 1463 862 eum(Joan.,
1497 806 1614 846 xm.
1638 787 1750 860 59.).
1787 788 1888 844 Per
1914 787 2015 842 hoc
2045 787 2188 842 enim

591 891 909 964 gloriﬁcavit
934 904 1059 945 eum
1087 889 1230 944 Deus
1252 887 1305 943 in
1329 903 1408 955 se,
1429 886 1549 957 quia
1567 885 1676 956 jam
1697 885 1748 940 in
1771 899 1837 940 eo
1862 881 2192 953 gloriﬁcatus

591 987 664 1041 sit
683 985 844 1040 Deus.
870 981 1003 1039 Nam
1031 981 1173 1052 quod
1199 979 1359 1054 ἀοι
1386 979 1527 1034 Deus
1554 979 1604 1033 in
1631 993 1696 1033 eo
1717 975 2048 1043 gloriﬁcatus
2073 982 2189 1040 est,

592 1081 660 1136 ad
689 1080 934 1150 corporis
964 1075 1188 1149 gloriam
1218 1083 1456 1146 spectat,
1482 1088 1580 1144 per
1606 1088 1766 1144 quam
1798 1071 1889 1128 Dei
1917 1071 2083 1142 gloria
2112 1071 2193 1126 in-

590 1174 806 1232 tellecta
820 1187 916 1243 per
926 1186 1119 1241 corpus
1136 1179 1241 1235 est,
1254 1169 1425 1240 gloria
1442 1167 1538 1222 Dei
1557 1182 1652 1238 per
1664 1166 1886 1237 gloriam
1905 1165 1997 1220 ﬁlii
2014 1162 2088 1238 (a)
2104 1162 2192 1220 ho-

589 1267 754 1323 minis
799 1261 1168 1334 intelligenda.
1204 1261 1358 1330 Quod
1405 1275 1537 1316 vero
1579 1258 1702 1330 quia
1756 1260 2087 1331 gloriﬁcatus
2138 1258 2190 1313 in

591 1379 659 1419 eo
689 1363 832 1419 Deus
859 1369 970 1427 est,
997 1361 1070 1434 (b)
1110 1370 1164 1416 et
1191 1358 1313 1415 ideo
1341 1356 1660 1428 gloriﬁcavit
1687 1371 1810 1412 eum
1840 1357 1984 1412 Deus
2010 1357 2063 1412 in
2094 1369 2189 1423 se;

587 1472 690 1528 per
733 1457 1130 1512 incrementum
1173 1453 1456 1526 gloriﬁcati
1500 1453 1551 1505 in
1588 1466 1654 1506 eo
1703 1451 1823 1512 Dei,
1870 1449 2192 1521 gloriﬁcavit

591 1565 713 1606 cum
745 1550 796 1604 in
837 1563 897 1605 se
939 1549 1083 1604 Deus
1109 1588 1124 1614 ,
1157 1555 1214 1601 ut
1242 1544 1365 1617 quia
1394 1544 1502 1611 jam
1532 1553 1717 1613 regnat
1747 1543 1798 1597 in
1837 1541 2003 1611 gloria
2023 1584 2038 1610 ,
2071 1557 2191 1613 quas

589 1659 656 1699 ex
682 1642 778 1700 Dei
807 1641 976 1714 gloria
1004 1649 1120 1707 est,
1151 1641 1268 1709 ipse
1292 1636 1493 1694 exinde
1520 1637 1572 1691 in
1620 1637 1714 1691 Dei
1741 1636 1972 1707 gloriam
2016 1645 2194 1690 trans-

590 1745 698 1791 eat.
733 1734 796 1789 In
845 1751 900 1790 se
929 1733 1072 1791 enim
1114 1747 1237 1787 eum
1279 1731 1423 1786 Deus
1460 1728 1812 1800 gloriﬁcavit,
1843 1727 1895 1783 id
1947 1734 2060 1795 est,
2107 1726 2191 1799 (l)

2297 503 2524 573 quadam
2569 506 2888 562 necessitate
2921 504 2984 560 ad
3017 504 3404 561 consulendum
3442 509 3580 565 nobis
3605 511 3808 572 obnoxius

2297 597 2459 663 Deus,
2492 597 2595 653 sibi
2620 597 2751 652 nihil
2779 597 2973 655 aﬁ‘crre
2997 598 3344 655 beatitudinis
3371 601 3529 671 possit
3553 620 3567 656 :
3594 619 3683 661 non
3705 609 3810 677 quod

2298 691 2539 761 profectu
2590 702 2765 763 egeat,
2797 694 2888 765 qui
2948 693 3352 764 imperturbata:
3399 704 3588 752 naturm
3626 701 3811 759 virtutis-

2297 800 2403 855 que
2420 784 2511 852 sit,
2545 785 2640 842 sed
2670 787 2792 858 quia
2817 785 3384 858 perdispensationem
3410 796 3462 845 et
3494 802 3815 854 sacramentum

2295 897 2505 956 magna:
2559 884 2794 954 pietatis,
2838 883 2900 958 (i)
2945 885 3033 955 qui
3083 885 3227 942 Deus
3251 897 3355 952 est,
3385 894 3439 942 et
3461 885 3608 944 homo
3631 899 3716 957 est,
3743 893 3816 947 im-

2296 985 2489 1048 potens
2512 979 2612 1035 sibi
2641 979 2710 1035 sit
2737 977 2840 1036 hoc
2869 995 2930 1036 se
2951 989 3122 1035 totum
3148 990 3424 1051 przestare,
3447 982 3579 1053 quod
3603 983 3718 1040 Deus
3731 997 3815 1054 est;

2294 1086 2416 1128 cum
2443 1072 2596 1128 nobis
2628 1089 2732 1130 non
2778 1074 3027 1147 ambigue
3055 1076 3360 1131 indulturus
3386 1074 3539 1151 402
3567 1078 3626 1133 sit
3660 1079 3702 1134 id
3725 1097 3818 1150 quo-

2294 1181 2402 1238 que
2454 1182 2553 1223 nos
2593 1182 2736 1234 esse,
2767 1169 2910 1240 quod
2943 1185 3048 1225 non
3082 1186 3289 1226 sumus.
3313 1171 3449 1228 Vitae
3471 1176 3600 1228 enim
3628 1173 3816 1231 humana

2295 1269 2456 1332 atque
2486 1262 2677 1317 mortis
2731 1262 2857 1318 ﬁnis
2900 1271 2983 1319 est
3037 1265 3402 1320 resurrectio:
3433 1274 3486 1322 et
3533 1268 3816 1327 certissimum

2296 1355 2505 1411 militite
2529 1362 2732 1412 nostra:
2761 1357 3090 1427 stipendium
3132 1367 3218 1414 est
3263 1358 3563 1432 incorrupta
3590 1363 3816 1432 aeternitas,

2295 1465 2403 1506 non
2432 1449 2499 1506 ad
2529 1465 2703 1521 paena:
2742 1452 3199 1523 perseverantiam
3228 1467 3472 1519 manens,
3501 1453 3589 1510 sed
3609 1454 3663 1509 ad
3682 1470 3819 1526 perpe-

2297 1554 2404 1602 tuac
2429 1544 2617 1618 gloria:
2650 1533 2885 1603 fructum
2931 1546 3432 1618 iucunditatemque
3470 1562 3570 1604 non
3611 1548 3818 1605 desinens.

2294 1642 2432 1700 Cum
2461 1643 2622 1715 igitur
2673 1644 2789 1701 haec
2827 1653 3006 1701 nostra
3037 1656 3379 1702 terrenorum
3423 1661 3684 1717 corporum
3709 1650 3818 1719 origo

2296 1736 2349 1791 in
2382 1735 2625 1793 habitttm
2678 1745 2886 1794 natura:
2943 1740 3166 1810 potioris
3212 1738 3464 1806 excedat,
3515 1748 3566 1797 et
3593 1739 3818 1796 conformis

593 1829 646 1882 ill
677 1828 746 1900 (τ)
778 1841 840 1882 ea
880 1835 1072 1882 natura
1105 1838 1208 1896 qua
1242 1823 1382 1879 Deus
1410 1831 1493 1878 est
1524 1822 1663 1892 quod
1695 1828 1814 1876 est:
1843 1827 1901 1874 ut
1939 1821 2007 1874 sit
2047 1816 2191 1875 Deus
2219 1836 2267 1898 B
2295 1828 2483 1900 gloria;
2507 1829 2764 1886 dominici
2794 1832 3040 1901 corporis
3093 1832 3185 1886 ﬁat
3213 1848 3227 1900 ς
3251 1831 3397 1888 Deus
3437 1830 3488 1886 in
3535 1831 3682 1887 forma
3725 1832 3820 1887 seni

590 1921 764 1975 omnia
793 1920 847 1974 in
886 1919 1154 1982 omnibus,
1185 1915 1269 1988 (ά)
1299 1923 1410 1971 toto
1450 1914 1560 1985 jam
1607 1913 1658 1969 in
1692 1913 1861 1970 Deum
1891 1929 1958 1970 ex
1997 1927 2059 1968 ea
2087 1928 2190 1984 qua

592 2018 756 2073 homo
779 2024 864 2073 est
891 2013 1298 2084 dispensatione
1337 2025 1615 2066 mansuro.
1648 2009 1758 2066 Nec
1787 2024 1918 2065 sane
1946 2008 2015 2064 de
2050 2016 2191 2064 tem-

591 2125 724 2180 porc
757 2110 922 2179 tacuit
943 2109 1168 2165 dicens:
1207 2105 1276 2160 Et
1307 2105 1444 2162 Deus
1471 2105 1777 2176 glorificavit
1802 2119 1920 2159 eum
1943 2104 1997 2158 in
2025 2119 2077 2158 se
2099 2145 2113 2171 ,
2147 2113 2195 2158 et

588 2203 730 2259 Deus
761 2205 996 2275 protinus
1029 2201 1332 2274 glori/ienuit
1371 2217 1487 2255 eum
1527 2197 1820 2272 (Ibidem):
1850 2207 1911 2254 ut
1952 2198 2075 2269 quia
2119 2197 2192 2270 (e)

592 2300 894 2371 prodeunte
934 2298 1000 2353 ad
1047 2296 1406 2368 proditionem
1455 2294 1592 2351 Juda
1635 2295 1860 2366 gloriam
1885 2335 1899 2360 ,
1932 2309 2053 2366 qua:
2092 2293 2191 2349 sibi

589 2402 711 2464 post
738 2394 1044 2466 passionem
1075 2390 1148 2465 (f)
1174 2397 1532 2445 consecutura
1572 2389 1970 2444 resurrectione
2015 2386 2191 2442 futura

587 2497 764 2556 esset,
806 2486 1167 2558 signiﬁcasset
1189 2486 1242 2539 in
1270 2496 1544 2555 prasens;
1577 2496 1731 2544 eam,
1763 2497 1868 2552 qua
1899 2481 1951 2536 in
1978 2495 2039 2536 se
2065 2495 2191 2536 eum

590 2583 734 2638 Deus
761 2581 1164 2653 gloriﬁcaturus
1209 2586 1387 2641 esset,
1428 2577 1480 2631 in
1530 2584 1804 2647 posterum
1851 2582 2190 2641 reservaret;

589 2677 685 2733 Dei
717 2678 770 2732 in
805 2692 873 2733 eo
896 2675 1068 2746 gloria
1096 2689 1194 2745 per
1217 2673 1468 2728 virtutem
1497 2669 1913 2726 resurrectionis
1940 2678 2153 2725 ostensa
2171 2707 2188 2736 ,

587 2773 707 2842 ipso
737 2785 868 2826 vero
895 2771 946 2824 in
980 2769 1070 2824 Dei
1100 2767 1327 2840 gloriam
1347 2808 1362 2833 ,
1395 2765 1447 2822 id
1483 2773 1596 2832 est,
1641 2765 1693 2819 in
1725 2764 1897 2820 Deum
1925 2762 2105 2818 omnia
2135 2761 2190 2818 in

584 2863 838 2919 omnibus
864 2877 933 2917 ex
961 2859 1318 2932 subiectionis
1343 2856 1750 2930 dispensatione
1778 2871 2056 2912 mansuro.

656 2958 746 3016 45.
781 2958 1160 3030 Subjectionem
1209 2971 1365 3028 prave
1403 2953 1743 3026 intelligentes
1786 2962 2192 3008 coercentur.—

583 3060 651 3118 Et
703 3059 756 3116 in
807 3074 874 3115 eo
913 3057 1130 3130 quidem
1182 3061 1380 3126 quanta
1435 3053 1634 3108 furoris
1680 3050 1917 3106 haeretici
1962 3049 2186 3105 stultitia

586 3167 688 3225 est,
720 3158 799 3229 (g)
827 3155 1118 3227 desperare
1148 3151 1202 3207 id
1243 3151 1373 3217 Deo,
1397 3147 1542 3220 quod
1570 3146 1823 3203 humanis
1848 3146 1960 3203 suis
1987 3145 2188 3217 spebus

2297 1932 2576 1993 repertus,
2605 1922 2860 1994 licetjam
2892 1922 3220 1995 glorificatus
3253 1923 3305 1978 in
3353 1938 3577 1995 corpore
3606 1922 3664 1979 sit
3687 1937 3822 1980 secun-

2296 2015 2424 2072 dum
2461 2017 2607 2088 quod
2651 2018 2702 2073 in
2733 2017 2904 2072 forma
2935 2016 3079 2074 servi
3105 2024 3208 2085 est,
3259 2025 3441 2074 tamen
3469 2016 3724 2073 conformis
3746 2017 3820 2071 Deo

2297 2125 2404 2166 non
2435 2109 2540 2164 erit
2565 2125 2582 2176 ;
2607 2118 2666 2165 ut
2688 2113 2776 2182 qui
2800 2111 2958 2167 nobis
2985 2112 3212 2167 formam
3238 2111 3522 2183 gloriﬁcati
3546 2109 3750 2182 corporis
3767 2107 3822 2164 sui

2301 2203 2525 2271 tribuet,
2554 2202 2672 2276 ipse
2700 2208 2913 2278 corpori
2954 2221 3055 2263 suo
3078 2205 3212 2262 nihil
3243 2206 3383 2262 ultra
3414 2207 3577 2277 possit
3595 2220 3726 2276 quam
3757 2219 3821 2259 no-

2298 2296 2380 2353 bis
2409 2311 2472 2354 ac
2517 2297 2583 2371 (i)
2635 2299 2738 2356 sibi
2767 2301 2838 2356 sit
2884 2299 2965 2376 (5)
3004 2302 3055 2356 in
3101 2316 3391 2357 commune
3423 2300 3704 2372 praestare?
3743 2297 3817 2354 Hoc

2297 2391 2440 2446 enim
2473 2391 2615 2463 quod
2639 2392 2840 2449 dictum
2869 2401 2954 2450 est
2977 2412 2990 2448 :
3012 2393 3160 2449 Tunc
3200 2394 3460 2468 subjectus
3495 2396 3584 2449 erit
3616 2394 3696 2458 illi,
3721 2391 3783 2461 qui
3795 2391 3823 2444 ei

2296 2484 2509 2555 subjecit
2551 2487 2741 2554 omnia,
2771 2498 2828 2542 ut
2851 2488 2916 2543 sit
2948 2486 3089 2544 Deus
3136 2489 3310 2543 omnia
3336 2489 3392 2542 in
3423 2487 3639 2542 omnibus
3664 2485 3700 2559 (I
3720 2482 3821 2550 Cor,

2296 2597 2392 2646 xv,
2423 2580 2518 2650 28)
2555 2597 2568 2646 ;
2599 2583 2843 2653 plerique
2870 2583 3248 2639 haereticorum
3276 2583 3352 2639 ita
3383 2582 3642 2638 afﬁrmant
3669 2599 3682 2636 :
3705 2577 3821 2634 ntid-

2295 2673 2444 2730 circo
2472 2674 2842 2744 subjiciendus
2869 2677 2939 2731 sit
2968 2677 3079 2733 Deo
3107 2677 3242 2749 patri
3289 2677 3484 2744 Filius,
3513 2684 3568 2732 ut
3612 2675 3739 2731 Pater
3755 2686 3822 2744 per

2295 2770 2682 2839 subiectionem
2698 2769 2820 2826 Filii
2844 2771 2983 2827 Deus
3003 2775 3072 2827 sit
3095 2773 3271 2827 omnia
3297 2773 3349 2826 in
3377 2771 3634 2836 omnibus;
3654 2767 3713 2841 (k)
3730 2777 3823 2821 υω·

2294 2880 2453 2936 quam
2483 2873 2535 2919 et
2561 2863 2738 2921 adhuc
2768 2864 3028 2935 perfectio
3057 2864 3136 2939 (4)
3169 2865 3282 2921 Deo
3303 2866 3470 2932 desit,
3496 2879 3641 2937 quam
3668 2877 3742 2934 per
3761 2855 3824 2913 ﬁlii

2294 2958 2684 3028 subiectionem
2705 2957 2777 3015 sit
2800 2959 3090 3030 adepturus
3118 2977 3132 3013 :
3156 2959 3421 3015 absoluta:
3447 2961 3615 3030 itaque
3636 2971 3688 3012 ac
3707 2953 3825 3010 beate

2294 3052 2590 3109 divinitatis
2619 3054 2775 3125 inops
2816 3053 3192 3126 intelligendus
3211 3096 3225 3121 ,
3257 3053 3302 3108 si
3335 3053 3480 3110 Deus
3495 3067 3608 3110 esse
3631 3044 3822 3106 omniain

2294 3147 2542 3203 omnibus
2574 3163 2669 3218 per
2695 3148 3100 3219 provectionem
3131 3155 3442 3220 temporum
3463 3150 3786 3217 consequetur.

584 3250 891 3307 blandiatur
918 3264 933 3314 ;
964 3246 1044 3321 (2)
1077 3253 1138 3302 ut
1180 3243 1259 3316 (It)
1284 3241 1426 3314 quod
1459 3241 1510 3297 in
1558 3240 1778 3297 homine
1828 3239 1968 3294 Deus
1998 3248 2189 3310 potens
2218 3249 2264 3314 ο
2365 3241 2455 3296 44.
2488 3239 2599 3321 Deo
2626 3241 2777 3312 pleno
2805 3241 2879 3296 nil
2907 3242 3066 3311 deest,
3096 3241 3171 3296 nil
3200 3241 3498 3298 accedit.-—
3521 3243 3597 3297 Ac
3618 3235 3728 3295 Inibi
3742 3229 3826 3306 qui-

585 3343 677 3413 sit,
707 3343 759 3398 id
804 3342 860 3396 in
890 3355 951 3397 se
990 3340 1106 3412 ipso
1135 3335 1424 3396 efﬁciendo
1449 3335 1695 3392 inlirmus
1725 3333 1839 3390 sit?
1868 3333 1977 3390 Nec
2005 3347 2191 3390 sermo

683 3483 738 3539 ll
766 3481 1112 3538 Desideratur
1135 3478 1208 3534 in.

683 3483 704 3539 1
766 3483 1010 3538 Desidera

655 3483 738 3629 i2;
763 3554 826 3609 Et
855 3555 1010 3624 quod.

657 3695 739 3765 (a)
767 3693 918 3765 Apud
935 3691 1092 3757 Bad.,
1109 3691 1200 3747 Er.
1220 3690 1433 3762 etLips.
1457 3687 1796 3765 desideratur
1818 3703 1922 3745 vox
1951 3690 2190 3765 hominis.

581 3761 729 3822 Tum
776 3761 829 3822 in
861 3767 1035 3820 tribus
1081 3779 1210 3819 mss.
1259 3761 1543 3836 perperam
1570 3761 1813 3836 _additur
1856 3763 2077 3817 verbum
2114 3773 2188 3818 est

583 3850 705 3911 post
752 3838 1104 3911 intelligenda.
1140 3833 1424 3911 lloc'euitn
1480 3833 1592 3911 sibi
1617 3834 1727 3911 vult
1753 3851 1766 3888 :
1797 3850 1918 3911 cum
1951 3852 2045 3911 per
2061 3836 2190 3911 glo-

582 3905 722 3967 i‘iosa
757 3911 849 3965 lilii
903 3905 1135 3963 hominis
1162 3918 1309 3977 gesta
1365 3905 1593 3978 intelligi
1633 3907 1827 3963 debeat
1856 3907 2030 3978 gloria
2061 3908 2182 3974 Dei,

584 3985 742 4053 cujus
764 3985 964 4038 virtute
993 3981 1082 4037 illa
1116 3980 1253 4035 farta
1283 3987 1431 4036 sunt.

679 4055 1057 4128 b)l’artiCnlam
1081 4063 1133 4128 et
1151 4053 1483 4128 restituimus
1505 4066 1569 4107 ex
1593 4066 1723 4128 mss.
1748 4049 1902 4106 Colb.
1924 4062 1978 4106 et
2001 4051 2186 4108 Germ.

679 4060 1057 4128 b)l’artiCnlam
1081 4063 1126 4108 et
1151 4060 1483 4108 restituimus
1505 4066 1569 4107 ex
1593 4066 1723 4107 mss.
1748 4060 1902 4106 Uolb.
1924 4062 1978 4106 et
2001 4060 2182 4108 Germ.

654 4060 730 4200 ie)
759 4126 1074 4196 Praepositio
1118 4127 1171 4200 in
1193 4166 1207 4188 ,
1254 4140 1374 4200 qua?
1421 4125 1488 4200 ab
1531 4125 1782 4179 omnibus
1828 4138 1994 4193 prope
2045 4138 2182 4180 mss.

583 4196 757 4259 abest.
784 4214 1038 4269 expressa
1061 4198 1200 4253 tollit
1231 4196 1657 4269 ambiguitatem.

658 4271 738 4343 (d)
768 4266 896 4325 Bad.
918 4283 973 4343 et
998 4272 1088 4326 Er.
1117 4278 1253 4343 tota.
1284 4267 1419 4343 Tum
1461 4268 1608 4338 Lips.
1640 4266 1834 4343 jam_i_n
1885 4267 1992 4343 Deo
2024 4284 2044 4323 .°
2075 4283 2180 4343 non

584 4339 744 4405 male,
779 4342 1071 4396 secundum
1117 4339 1268 4399 illud,
1302 4341 1394 4393 lib.
1452 4357 1524 4403 ix,
1556 4356 1608 4393 n.
1655 4343 1682 4392 7
1716 4357 1726 4391 :
1763 4339 1831 4394 Ut
1881 4341 2182 4410 unigenitua

587 4413 724 4468 Deus
743 4415 880 4468 nasci
910 4414 1070 4474 vellet,
1099 4428 1337 4466 mansuro
1356 4413 1408 4464 in
1449 4423 1694 4465 wternum
1723 4411 1772 4462 in
1802 4411 1930 4474 Deo,
1958 4413 2180 4466 homine.

588 4486 810 4554 Vulgata
839 4494 1013 4538 tamen
1063 4483 1221 4537 let-ti»
1246 4483 1595 4554 conﬁrmatur
1625 4497 1687 4534 ex
1715 4483 1994 4538 subnexis.
2031 4483 2184 4540 Unde

587 4557 714 4611 illud
741 4558 791 4610 in
819 4554 988 4609 Deum
1031 4571 1269 4609 mansuro
1303 4553 1353 4608 id
1383 4563 1486 4618 est,
1516 4554 1606 4608 ubi
1635 4553 1688 4607 in
1725 4554 1888 4608 Deum
1921 4558 2181 4610 transfor-

587 4642 764 4684 matus
808 4629 944 4694 fuit,
998 4629 1076 4682 sic
1124 4641 1338 4696 semper
1382 4642 1639 4680 mansuro
1672 4666 1686 4686 ,
1734 4641 1828 4680 seu
1888 4643 2184 4696 numquam

2301 3333 2423 3390 dem
2481 3319 2650 3390 Deum
2679 3333 2795 3391 sola
2827 3334 3181 3392 veneratione
3217 3335 3562 3410 intelligenti,
3591 3346 3681 3390 non
3701 3327 3825 3384 minus

2368 3475 2448 3550 (ὅ)
2473 3475 2587 3550 Sibi
2616 3477 2680 3532 sit
2711 3493 3000 3534 commune.

2365 3548 2445 3622 (4)
2475 3548 2606 3618 Dei;
2629 3550 2789 3623 paulo
2817 3561 2956 3622 post,
2984 3550 3350 3628 intelligendus
3371 3551 3459 3618 sit,
3483 3549 3524 3606 si
3552 3548 3691 3605 Deus.

2303 3695 2523 3751 humani
2569 3695 2786 3764 generis
2814 3704 3061 3752 naturam
3101 3693 3823 3768 assumpserit,sequiturcutn
3924 3703 3925 3768 t

2304 3768 2540 3822 nomium
2571 3759 2696 3824 esse
2728 3769 2884 3838 plene
2917 3768 3264 3840 perfecteque
3290 3759 3612 3840 gloriosum,
3639 3759 3826 3837 quamdiu

2304 3840 2504 3910 pendet
2527 3839 2756 3913 alicujus
2807 3857 2870 3896 ex
2901 3856 3101 3912 genere
3148 3839 3390 3896 humano
3420 3842 3587 3913 gloria
3613 3856 3624 3891 :
3649 3850 3731 3913 qua
3753 3846 3829 3912 οφ·

2301 3906 2460 3966 nibus
2511 3906 2732 3967 Christo
2786 3906 3056 3968 mediante
3097 3913 3242 3973 data,
3278 3906 3448 3969 Deus'
3479 3913 3582 3969 erit
3614 3906 3756 3965 omnia
3792 3906 3826 3954 in

2301 3984 2576 4052 omnilms,
2611 3993 2667 4038 ut
2697 3996 2855 4040 crunt
2882 3987 3062 4039 omnia
3087 3986 3306 4040 Christo
3335 3986 3594 4050 subjecta.

2375 4044 2611 4129 (g/)Tres
2660 4073 2790 4129 mss_.
2828 4056 3089 4124 Vaticani,
3124 4056 3367 4124 Martin.,
3423 4044 3828 4129 Remig.,_etc.de:

2295 4121 2506 4197 sperare
2552 4129 2604 4182 id
2634 4129 2696 4182 de.
2741 4126 2877 4183 Deo.
2928 4121 3105 4199 Colb.,
3139 4129 3326 4184 Germ.
3354 4121 3485 4185 cum
3518 4121 3625 4199 Eri,
3654 4123 3765 4187 ίιίρεο

2297 4201 2418 4255 Par.
2455 4201 2731 4270 desperare
2757 4203 2808 4254 in
2843 4200 2969 4254 Deo.
2999 4197 3160 4256 Sol—us
3187 4201 3360 4254 Codex
3393 4199 3517 4254 Vat.
3546 4197 3658 4270 bas.
3678 4198 3826 4270 ερςζαῐε

2293 4273 2348 4326 id
2373 4275 2435 4327 de
2457 4259 2584 4325 Deo.
2619 4272 2966 4328 Prmferimus
2997 4289 3116 4327 cum
3142 4272 3273 4326 Bad.
3303 4283 3358 4326 et
3390 4285 3521 4325 mss.
3549 4259 3712 4330 Corbu
3733 4259 3826 4338 63F:

2297 4353 2411 4398 nul.
2443 4345 2690 4415 aliisque,
2725 4344 2997 4416 desperare
3033 4346 3086 4398 id
3113 4343 3248 4411 Deo,
3282 4345 3386 4400 hoc
3415 4354 3520 4408 est,
3550 4327 3770 4416 denegare
3788 4327 3822 4381 id

2300 4417 2352 4472 in
2383 4416 2657 4472 Christum
2692 4415 2861 4471 Deum
2886 4419 3201 4484 convenire,
3233 4417 3378 4488 quod
3412 4416 3513 4469 sibi
3557 4415 3756 4483 sperant.

2372 4508 2453 4582 (Ιι)
2478 4507 2628 4582 Apud
2661 4507 2817 4574 Bad.,
2847 4509 2936 4564 Er.
2971 4515 3025 4563 et
3047 4510 3262 4582 in‘mss.
3303 4516 3510 4582 et,_non
3533 4513 3602 4558 ut.
3630 4500 3827 4582 limati:

2300 4561 3245 4651 ιηιξιίρῇρεείηξίδδεῖ.εέετείιιίῖλίρίς.
3279 4592 3330 4634 ει
3360 4561 3471 4634 ἐτμ
3504 4561 3827 4651 possit}:

2301 4634 2418 4722 ipsa
2442 4634 2710 4709 sententia
2748 4669 2869 4706 mox
2907 4634 3143 4723 repetita
3166 4634 3414 4707 'habelur
3438 4634 3519 4704 his.
3547 4644 3700 4723 verbis
3721 4634 3828 4723 allii:

586 4696 1432 4798 ῗξξ]¹ξῗῗ[θηξξξν[Ἦῗμξῗξιδθιδ’
1465 4713 1597 4769 quas
1643 4713 1711 4752 ex
1753 4698 1940 4768 glow“:
1972 4699 2182 4768 plcmo'
2218 4696 2475 4798 Dp'otens
2523 4723 2617 4778 sibi
2691 4724 2754 4778 sit
2806 4725 2902 4778 hoc
2960 4696 3013 4779 si:
3065 4735 3222 4779 totum
3275 4731 3525 4794 praestare
3571 4711 3692 4788 quod
3733 4706 3827 4761 Dm

586 4773 664 4827 ris
692 4777 931 4841 prcit-cm
963 4772 1269 4840 capessivit.

658 4838 728 4914 (ἐ)
757 4845 960 4911 llemig.
991 4838 1090 4896 ms.
1135 4841 1434 4915 prodeundo
1484 4842 1552 4896 ad
1603 4840 1947 4915 proditionem
1976 4838 2132 4896 Iuda:
2162 4857 2184 4897 :

588 4915 943 4970 renitentibus
988 4915 1110 4970 aliis
1136 4914 1331 4977 libris,
1380 4930 1535 4969 sacro
1586 4914 1756 4981 textu,
1790 4929 1852 4969 ac
1884 4914 2064 4968 verbis
2091 4931 2186 4968 su-

589 4989 887 5059 perioribus
914 4987 1037 5041 libri
1061 5003 1134 5051 lx,
1167 5004 1219 5040 n.
1253 4987 1345 5054 41),
1371 4986 1463 5041 ubi
1484 4987 1632 5041 locus
1655 4986 1795 5040 idem
1822 4994 2104 5039 tractatur.

655 5083 723 5154 (ί)
757 5082 892 5136 Editi
942 5089 1170 5150 excepto
1217 5082 1336 5136 Par.
1388 5091 1655 5136 consecuta
1693 5081 2068 5135 resurrectione
2091 5083 2176 5151 fu—

585 5153 699 5209 tura
728 5164 876 5212 esset.
928 5153 979 5207 in
1031 5166 1284 5225 posterum
1314 5164 1637 5209 reservaret:
1684 5160 2059 5225 restaurantur
2098 5167 2176 5225 ex

583 5227 701 5282 aliis
733 5225 901 5281 libris.
933 5223 1040 5280 llic
1060 5227 1208 5281 locus
1237 5229 1414 5281 lavere
1444 5225 1654 5280 videtur
1684 5224 1903 5279 lectioni
1931 5223 2186 5292 superius

582 5306 874 5363 annotatae,
910 5295 1048 5353 Deus
1074 5299 1306 5363 protinus
1335 5297 1643 5368 glori/icabit
1669 5313 1805 5351 curii.
1833 5294 2180 5350 Arbitratnur

585 5380 758 5426 tamen
784 5371 870 5425 hic
901 5372 1091 5440 respici
1118 5379 1173 5425 et
1204 5371 1254 5424 in
1286 5370 1585 5438 proximum
1619 5368 1840 5440 Joannis
1862 5376 1917 5421 et
1946 5369 1995 5420 in
2018 5381 2180 5440 supe-

584 5442 780 5496 riorem
805 5436 1030 5509 apostoli
1056 5443 1253 5505 locum,
1281 5436 1435 5512 cuius
1487 5439 1789 5512 illustrandi
1831 5453 1992 5493 causa
2015 5436 2186 5512 Joan-

585 5515 664 5568 nis
688 5514 844 5569 verba
861 5515 1019 5570 allata
1036 5523 1188 5569 sunt:
1211 5523 1267 5567 ut
1291 5509 1362 5570 ei
1384 5523 1609 5580 utroque
1625 5512 1728 5566 alia
1741 5509 1995 5565 doceatur
2015 5509 2188 5576 gloria

583 5598 683 5653 qua
717 5584 961 5642 Christus
983 5587 1212 5642 donatur
1243 5585 1294 5641 in
1325 5599 1554 5653 corpore
1578 5584 1816 5653 proprio,
1838 5580 1940 5636 alia
1995 5596 2098 5649 qua
2129 5582 2184 5635 in

586 5652 840 5712 membris
867 5673 881 5724 ;
905 5674 966 5712 ac
988 5659 1158 5728 prima
1189 5658 1404 5728 quidem
1433 5652 1732 5728 Secundum
1759 5652 2021 5728 Joannem
2055 5667 2184 5722 pro-

585 5729 727 5779 tinus
771 5737 890 5795 post
927 5725 1386 5786 resurrectionem
1432 5728 1558 5784 data
1604 5726 1697 5792 sit,
1728 5725 1897 5795 altera
1929 5737 2058 5778 vero
2087 5738 2179 5778 se-

583 5794 816 5872 cundum
860 5799 1085 5872 Paulum
1116 5803 1167 5858 in
1197 5810 1472 5872 posterum
1514 5809 1812 5872 reservata.
1862 5794 1994 5872 Qum
2029 5795 2177 5872 enim

580 5869 852 5939 Christus,
879 5880 938 5928 ut
964 5870 1163 5930 dictum
1190 5865 1275 5929 est
1318 5873 1411 5930 lib.
1436 5888 1497 5942 ιι,
1525 5888 1580 5929 n.
1613 5869 1708 5940 25,
1739 5878 1795 5928 et
1831 5865 1981 5934 alibi,
2011 5866 2179 5924 totius

2302 4808 2398 4866 est,
2425 4805 2530 4853 etc.

2372 4889 2437 4961 (i)
2469 4891 2524 4945 ln
2552 4892 2785 4954 excusis,
2827 4891 2916 4958 qui
2939 4887 3084 4961 Deus
3104 4893 3153 4939 et
3180 4883 3331 4938 homo
3358 4894 3453 4939 est.
3479 4869 3822 4961 Conciuniusin

2299 4954 2433 5018 mss.
2467 4964 2550 5030 qui
2578 4961 2717 5016 Deus
2749 4954 2848 5024 est,
2877 4958 3002 5030 scil:
3055 4972 3117 5014 ex
3150 4963 3382 5030 natura,
3419 4971 3513 5024 per
3535 4954 3824 5030 dispensand-

2301 5049 2423 5087 nem
2453 5025 2613 5089 etiam
2648 5035 2808 5086 homo
2834 5041 2934 5085 est.
2963 5029 3097 5084 Tum
3126 5028 3278 5100 illud,
3302 5028 3555 5100 impotens
3575 5025 3662 5078 sibi
3684 5025 3826 5100 sime"

2295 5083 2941 5160 fertur.nil-"sententiain
2977 5083 3326 5165 superiorem
3357 5083 3513 5153 {Nec
3538 5108 3686 5154 sermo
3708 5083 3822 5146 ἱειιάι

2294 5195 2384 5232 nec
2405 5195 2584 5232 sensus
2614 5178 2827 5232 rationis
2857 5190 3022 5246 capax
3039 5174 3266 5242 loquitur
3290 5181 3366 5226 ut.

2369 5269 2436 5341 (j)
2465 5271 2727 5325 Addimus
2776 5270 2828 5321 in
2886 5281 2952 5341 ex
2995 5279 3137 5341 mss.
3170 5264 3288 5341 vat.
3345 5263 3464 5341 bas.
3494 5276 3595 5316 uno
3642 5252 3828 5341 Colb.:‘sl

2298 5319 2732 5398 διιὲέοέἇιέὗὸῆ.
2764 5319 2951 5397 Simili
2995 5319 3248 5406 loquendi
3302 5335 3467 5390 modo
3517 5345 3663 5406 supra
3698 5343 3740 5381 η.
3762 5319 3826 5406 Si.

2298 5415 2602 5470 habemus:
2638 5414 2774 5481 Quia
2823 5403 3095 5480 utrumque
3133 5425 3224 5481 per
3265 5408 3592 5464 constitutum
3628 5403 3752 5471 ﬁunt
3789 5405 3826 5444 ⁸η

2300 5503 2567 5541 commune
2594 5496 2660 5539 8η
2678 5501 2779 5539 ηοη
2807 5501 2934 5539 €888.

2370 5579 2442 5651 (k)
2473 5579 2563 5636 Sic
2589 5561 2924 5648 antiquiores
2953 5590 3083 5651 mss.
3135 5573 3256 5651 V_at_.
3293 5571 3430 5639 bas.,
3471 5567 3640 5651 Colb.,

2295 5634 2552 5718 Mart/ini,
2571 5634 2757 5718 Corbi,
2787 5659 2892 5704 etc.
2922 5648 3025 5703 nisi
3051 5646 3194 5719 quod
3239 5647 3294 5719 in
3323 5634 3592 5699 nonnullis
3619 5634 3827 5719 amilli‘f’

2297 5710 2556 5790 particula
2587 5733 2652 5776 et.
2685 5710 2757 5776 Λί
2785 5719 2913 5778 editi
2949 5710 3084 5776 cum'
3129 5717 3360 5790 Remig.,
3390 5710 3714 5790 tamquam“?

2292 5779 2446 5878 Ϊεειρο
2480 5795 2573 5878 Dei
2624 5793 2801 5850 desit:
2840 5792 2985 5868 quod
3029 5799 3081 5848 et
3130 5779 3569 5858 baberit‘aliqu'ot
3614 5779 3692 5832 alii
3729 5780 3826 5828 mss.

2292 5881 2496 5924 0mISSO
2514 5882 2580 5920 el.
