3996 6330
160 312 263 381 l3”)

1378 312 1470 377 DE
1497 310 1874 379 TRINITATE
1911 312 2114 379 LIBER
2153 312 2250 377 XI.

3353 311 3462 371 450

158 431 244 488 his
269 431 603 507 respondere
644 431 870 507 impium
898 432 1133 503 videtur,
1155 447 1317 507 quam
1346 434 1579 503 adesse;
1606 444 1663 493 et
1691 434 1760 495 de
1788 437 1841 503 Δ
1867 435 2066 511 (Esai.,
2104 451 2178 504 ιι,
2211 432 2292 505 6),
2320 431 2414 505 qui
2462 439 2520 492 et
2559 432 2637 490 ait
2665 448 2680 488 :
2734 432 2904 491 Nemo
2944 434 3083 493 novit
3108 432 3331 502 Filium,
3362 436 3463 492 nisi

157 535 366 594 natura,
399 544 523 600 qua:
568 528 787 585 humani
824 530 1019 586 sensus
1048 528 1458 600 conceptionem
1502 529 1751 597 excedat,

155 620 335 678 verbis
365 637 592 693 quorum
620 622 799 680 adhuc
822 622 1147 692 signiﬁcatio
1176 624 1458 697 angustior
1481 640 1640 697 quam
1678 624 1758 683 in-

157 713 457 784 telligentia
502 715 594 785 sit,
626 716 913 773 enuntiare
942 731 1003 773 se
1050 730 1212 787 posse
1256 714 1533 775 conlidere
1558 731 1623 775 ac
1648 717 1759 790 pri-

152 822 301 863 mum
326 807 624 879 ambigere,
644 807 858 868 desitae
888 808 1014 881 quid
1037 809 1171 877 Deo,
1199 824 1269 865 an
1303 809 1492 880 plenus
1517 809 1634 882 ipse
1662 809 1757 877 sit,

151 902 237 958 vel
274 902 432 974 pleno
458 904 566 975 jam
605 902 902 974 pleniorem
926 918 1049 961 esse
1077 902 1155 973 (i)
1186 902 1450 974 reliquum
1482 904 1571 959 sit.
1604 901 1758 971 Quod

150 995 195 1051 si
226 994 390 1061 Deus,
416 995 503 1051 cui
529 1011 637 1053 non
666 994 891 1053 aliunde
929 1003 1014 1053 est
1056 994 1198 1068 quod
1222 995 1367 1052 Deus
1409 1010 1625 1067 semper
1652 1004 1758 1065 est,

151 1089 457 1160 proiectum
500 1090 718 1159 habeat,
750 1098 811 1147 nt
836 1090 951 1162 plus
982 1091 1051 1147 sit
1091 1090 1422 1161 aliquando;
1452 1108 1557 1147 non
1582 1099 1762 1162 potest

152 1191 334 1240 tanien
357 1182 424 1240 ad
453 1183 504 1239 id
530 1185 837 1259 pervenire,
867 1198 936 1240 ne
964 1183 1067 1240 sibi
1098 1181 1229 1241 nihil
1259 1182 1610 1259 mdesit:
1635 1185 1760 1257 quia

151 1276 237 1334 cui
292 1286 498 1335 naturae
531 1278 804 1348 profectus
845 1286 927 1335 est
965 1276 1229 1347 reliquus,
1264 1293 1557 1351 numquam
1601 1276 1762 1335 intel-

157 1372 347 1444 ligitur
374 1373 492 1431 sine
518 1372 705 1447 aliquo
750 1372 1093 1429 incremento
1144 1370 1363 1429 residuo
1419 1372 1757 1445 profecisse;

151 1466 285 1531 dum
316 1474 504 1524 natura
537 1466 604 1527 ad
660 1465 957 1537 proiectum
1007 1474 1286 1537 spectans,
1318 1465 1609 1536 proﬁciens
1637 1464 1763 1521 licet

149 1574 395 1631 semper,
442 1574 657 1628 semper
708 1567 885 1619 tamen
929 1566 1106 1630 pateat
1145 1556 1211 1614 ad
1236 1556 1555 1629 profectum.
1606 1555 1762 1628 Quod

150 1659 339 1709 autem
371 1654 423 1711 in
453 1651 788 1727 plenitudine
813 1650 1052 1725 perlaeta
1084 1659 1626 1724 manet,sempcrque
1655 1658 1760 1720 est,

154 1761 264 1805 non
298 1746 399 1803 sibi
453 1746 672 1819 reliquit
717 1754 775 1801 ut
821 1744 1031 1817 plenius
1067 1743 1179 1799 sit:
1225 1744 1346 1815 quia
1391 1744 1760 1801 accessionem

1862 528 2023 585 Pater
2068 544 2282 601 ;neque
2322 526 2535 585 Patrem
2582 529 2697 600 quis
2745 529 2903 597 novit,
2936 530 3036 585 nisi
3075 528 3268 601 Filius,
3308 541 3356 586 et
3377 531 3462 587 cui

1858 623 2075 680 uoluerit
2107 619 2275 677 Filius
2298 622 2867 694 revelare(1i!atlh.,xr,
2891 623 3012 696 25).
3036 623 3143 681 Sed
3173 625 3459 683 adversum

1859 717 2160 777 imbecillas
2201 725 2411 775 mentes
2456 725 2693 785 nostras,
2717 726 2774 776 et
2810 734 2869 776 se
2898 718 2965 775 ad
2994 718 3316 778 definienda:
3353 721 3463 776 cir-

1858 811 2397 883 cumscribentlteque
2439 819 2650 869 natum
2698 811 2895 868 divinae
2922 810 3298 886 demergentes
3328 830 3460 885 pro-

1858 904 2107 973 fundum,
2140 903 2483 963 confessione
2525 903 2839 975 apostolicae
2877 905 3284 978 protestationis
3306 917 3462 966 uten-

1860 999 1987 1061 dum
2019 1010 2101 1060 est
2132 1015 2148 1061 :
2178 1015 2249 1059 ne
2279 1000 2563 1058 temeraria
2598 998 2676 1075 (5)
2717 999 2901 1073 opinio
2930 1000 3009 1073 (ά)
3032 999 3232 1073 aliquid
3261 1001 3363 1059 sibi
3390 1001 3461 1060 de

1861 1094 1997 1163 Deo,
2017 1103 2214 1167 praeter
2238 1110 2398 1166 quam
2430 1094 2676 1159 docetur,
2711 1100 2957 1164 usurpet.

1932 1191 2023 1246 46.
2053 1190 2182 1257 Qua:
2200 1191 2255 1249 in
2297 1190 2579 1247 humanum
2622 1190 2811 1246 cadant
2854 1188 3183 1245 intellectum.
3210 1186 3464 1247 --—Com'

1863 1283 2041 1341 munis
2066 1292 2246 1337 autem
2290 1282 2406 1341 lucc
2435 1281 2761 1339 naturalium
2791 1297 3075 1339 causarum
3111 1281 3464 1353 intelligentia

1862 1383 1968 1443 est,
2000 1373 2137 1431 nihil
2185 1374 2240 1431 in
2271 1389 2490 1433 sensum
2538 1373 2756 1443 cadere,
2802 1374 2902 1430 nisi
2933 1373 3077 1445 quod
3109 1372 3293 1429 sensui
3339 1373 3468 1429 sub-

1860 1468 2029 1543 jacet,
2054 1476 2114 1526 ut
2139 1480 2232 1527 aut
2256 1468 2331 1542 (ε)
2359 1467 2626 1545 Wres
2655 1469 2833 1543 aliqua
2856 1468 3133 1542 proposita
3153 1466 3346 1535 oculis,
3376 1476 3469 1524 aut

1864 1578 2003 1637 Opus
2020 1563 2275 1639 quodque
2304 1564 2423 1635 ipso
2448 1578 2616 1622 sensu
2644 1572 2834 1625 nostro
2852 1578 2922 1625 ac
2946 1572 3129 1622 mente
3154 1562 3423 1634 posterius
3450 1581 3463 1619 :

1865 1674 2096 1731 quorum
2130 1674 2320 1729 unum,
2350 1657 2429 1733 (ι)
2462 1658 2605 1731 quod
2631 1658 2701 1733 (f)
2747 1665 2844 1717 aut
2871 1665 3189 1715 attrectatur
3229 1665 3329 1714 aut
3354 1672 3472 1717 cer-

1866 1752 2033 1819 nitur,
2077 1752 2331 1811 concedit
2383 1753 2527 1810 intra
2578 1750 2848 1825 opinionis
2900 1760 3101 1809 nostrae
3120 1753 3468 1821 sententiam,

155 1839 510 1918 plenitudinis
538 1838 612 1915 (a)
643 1838 901 1912 plenioris
952 1837 1191 1911 perfecta
1227 1838 1504 1911 plenitudo
1532 1854 1639 1896 non
1667 1855 1759 1896 ca-
1785 1838 1834 1903 Β
1862 1845 1981 1917 ipso
2000 1855 2149 1905 tactu
2168 1846 2392 1919 visuque
2413 1845 2834 1915 moderandum;
2868 1844 3013 1905 aliud
3041 1860 3190 1916 vero,
3218 1845 3298 1920 (5)
3328 1846 3473 1921 quod

156 1937 292 2013 piat.
326 1934 397 1995 Et
426 1934 541 1990 haec
578 1932 797 2004 quidem
830 1932 897 1988 de
928 1930 1040 1991 Deo
1070 1932 1142 1987 ita
1190 1931 1444 2005 opinandi
1472 1931 1574 2004 pia:
1611 1932 1769 1988 intel-

157 2029 396 2102 ligentia:
412 2028 621 2099 species
637 2037 741 2094 εει,
766 2025 877 2081 Deo
898 2025 1025 2081 nihil
1044 2025 1255 2092 deesse,
1279 2026 1603 2099 plenumque
1624 2041 1765 2083 esse.

229 2124 329 2182 45.
355 2122 423 2177 In
451 2121 737 2196 cogitandis
769 2117 863 2174 Dei
892 2119 1037 2175 rebus
1080 2119 1316 2189 Apostoli
1362 2119 1671 2194 exemplum.
1700 2150 1771 2165 ---

166 2214 437 2275 Caaterum
485 2228 591 2270 non
627 2216 838 2283 ignorat
880 2211 1190 2282 Apostolus,
1232 2211 1533 2283 cuiusmodi
1565 2211 1632 2267 de
1659 2212 1771 2269 Deo

164 2310 529 2368 confessionis
571 2326 705 2366 voce
735 2308 1038 2365 testandum
1090 2309 1181 2376 sit,
1211 2308 1399 2366 dicens
1431 2327 1443 2365 :
1481 2308 1527 2364 0
1554 2313 1775 2385 profun-

162 2409 295 2461 dum
333 2406 631 2461 divitiarum
676 2414 723 2461 et
771 2404 1038 2477 sapientia:
1081 2412 1129 2458 et
1171 2404 1399 2459 scientiis
1426 2400 1576 2460 Dei!
1621 2422 1773 2473 quant

164 2501 708 2573 incomprehensibilia
771 2509 889 2559 sunt
921 2498 1127 2575 judicia
1163 2500 1297 2570 ejus,
1325 2508 1373 2554 et
1402 2499 1775 2574 investigabiles

163 2594 260 2649 vita
280 2596 395 2665 ejus
417 2591 437 2647 !
470 2592 600 2659 Quis
621 2594 756 2649 enim
785 2592 1018 2667 cognovit
1040 2608 1245 2647 sensum
1271 2588 1524 2647 Domini?
1547 2604 1632 2647 aut
1662 2594 1775 2665 quis

164 2685 501 2741 consiliarius
522 2688 635 2760 ejus
657 2686 755 2757 [uit
787 2684 923 2739 ?aut
951 2683 1063 2756 quis
1091 2684 1233 2756 prior
1259 2682 1331 2758 (b)
1358 2684 1514 2753 dedit,
1548 2694 1596 2740 et
1624 2686 1775 2741 retri-

164 2780 355 2835 buetur
383 2780 459 2836 illi
483 2780 507 2835 ?
534 2779 790 2853 Quoniam
834 2798 900 2838 ea:
929 2783 1063 2853 ipso,
1090 2792 1136 2838 et
1163 2800 1255 2857 per
1280 2784 1474 2855 ipsum,
1506 2792 1554 2838 et
1584 2784 1637 2838 in
1662 2785 1777 2854 ipso

162 2883 284 2929 sunt
327 2874 543 2933 omnia:
599 2874 701 2946 ipsi
744 2874 910 2948 gloria
961 2876 1012 2930 in
1083 2877 1273 2933 alecula
1315 2877 1643 2935 saeculorum.
1698 2874 1777 2948 (2)

160 2965 385 3038 (Rom,
409 2982 484 3030 χι.
515 2967 606 3035 ⁸55,
638 2967 771 3041 etc.)
800 2966 914 3025 Non
938 2969 1398 3027 circumscribitur
1425 2969 1569 3027 Deus
1598 2977 1779 3026 mente

164 3074 385 3121 terrena
417 3060 628 3137 (V.lib.
660 3079 733 3131 tv,
775 3081 830 3117 n.
867 3062 978 3136 14),
1015 3081 1187 3136 neque
1227 3064 1330 3121 hoc
1358 3066 1636 3136 sapientia:
1665 3079 1778 3120 sum

163 3154 501 3228 profundum
529 3170 692 3213 sensu
716 3154 1086 3231 ittlelligcnli:u
1110 3158 1450 3228 penetrantis
1471 3157 1776 3231 attingitur,

163 3267 262 3309 nec
292 3250 500 3322 judicia
546 3252 992 3309 constitutionem
1044 3268 1261 3308 suarum
1319 3251 1773 3324 perscrutantium
1803 3237 1848 3303 C

163 3345 391 3419 ingenio
441 3345 941 3418 apprehenduntur,
973 3362 1073 3405 nec
1122 3346 1221 3403 via:
1278 3345 1604 3419 cognitionis
1655 3349 1775 3419 ejus

164 3440 585 3513 ittvcstigabiles
656 3456 716 3498 se
792 3442 1216 3507 consectantium
1274 3441 1466 3499 studiis
1538 3441 1776 3498 derelin-

163 3546 365 3609 qntml.
419 3532 489 3608 (c)
536 3535 592 3591 ln
640 3536 1093 3609 comprelieuSum
1141 3535 1469 3607 profundum
1523 3536 1777 3593 demersa

158 3627 276 3699 ejus
309 3629 494 3685 omnia
542 3637 687 3699 sunt,
719 3629 958 3703 nihilque
998 3630 1065 3686 de
1114 3630 1277 3687 rebus
1303 3629 1420 3703 ejus
1450 3631 1771 3704 reperietur,

157 3721 295 3779 nihil
322 3723 747 3779 consectabitur.
778 3722 1011 3780 Sensum
1060 3724 1208 3779 enim
1240 3724 1359 3795 ejus
1392 3740 1552 3779 nemo
1572 3738 1775 3795 cogno—

158 3814 275 3873 vit:
317 3826 371 3871 et
404 3815 632 3871 consilio
680 3831 784 3872 non
816 3818 963 3889 eguit
990 3827 1237 3875 externo.
1269 3816 1346 3873 De
1394 3817 1550 3872 nobis
1591 3824 1770 3875 autem

138 3923 308 3983 nunc
354 3910 533 3967 omnis
578 3908 664 3966 hic
691 3924 873 3967 sermo
927 3921 1050 3981 est,
1095 3927 1201 3967 non
1248 3911 1410 3967 etiam
1442 3911 1511 3967 de
1540 3925 1628 3979 eo,
1677 3926 1775 3981 per

155 4015 325 4073 quem
384 4001 567 4080 omnia
611 4015 774 4073 Sunt,
806 4004 1012 4077 quiest
1054 4004 1233 4078 magni
1275 4004 1489 4061 consilii
1529 4002 1770 4077 Angelus

225 4163 317 4235 (1)
340 4161 409 4237 Ei
434 4164 690 4237 reliquum
711 4165 795 4220 sit.

225 4233 322 4321 (2)
348 4233 550 4321 Codex:
579 4236 778 4321 vernn.
810 4237 901 4295 hic
945 4235 1131 4309 adjicit
1192 4252 1344 4293 atnen
1369 4252 1388 4292 :
1416 4233 1558 4309 quod
1588 4242 1772 4293 exstat

154 4319 210 4365 et
230 4319 285 4363 in
324 4324 504 4379 grtcco
527 4319 695 4364 textu.

223 4383 322 4453 (3)
360 4381 639 4454 Opinione.

1871 1939 1929 1995 tit
1978 1938 2058 2017 (g)
2110 1940 2164 1998 in
2221 1951 2507 2014 tempore,
2562 1950 2619 1999 et
2662 1940 2895 2015 quodam
2946 1939 3165 2015 juniore
3226 1955 3257 1997 a
3308 1940 3473 2001 nobis

1873 2041 1967 2095 aut
2012 2034 2252 2108 gignitur
2294 2044 2389 2093 aut
2428 2035 2777 2093 constituitur
2802 2034 3029 2095 exordio
3050 2075 3068 2103 ,
3096 2033 3219 2107 quia
3247 2050 3471 2093 sensum

1874 2126 2247 2201 intelligentia:
2299 2145 2408 2186 non
2463 2130 2743 2202 praevenit,
2781 2127 2992 2201 judicio
3018 2143 3235 2203 quoque
3280 2144 3475 2189 sensus

1875 2220 2223 2295 dijudicantis
2252 2222 2544 2278 obnoxium
2578 2231 2684 2279 est.
2739 2220 2855 2277 Non
2885 2221 3030 2279 enim
3071 2230 3167 2279 aut
3218 2230 3474 2296 aspectus

1874 2316 2369 2377 nOsterinvisibili:i
2397 2316 2677 2390 dijudicat,
2710 2316 2804 2388 qui
2833 2332 2940 2375 non
2970 2317 3074 2373 nisi
3106 2326 3311 2373 tantum
3343 2332 3477 2375 con-

1874 2422 2060 2487 specta
2089 2410 2365 2469 discernat
2394 2428 2408 2468 :
2441 2418 2535 2467 ant
2579 2426 2732 2467 mens
2764 2418 2947 2466 nostra
2978 2426 3037 2466 se
3061 2410 3113 2466 in
3163 2409 3239 2475 id,
3269 2410 3351 2485 (Ιι)
3372 2426 3480 2483 quo

1880 2520 1987 2565 non
2040 2504 2237 2572 estitit,
2277 2512 2487 2578 tempus
2526 2502 2851 2571 exstendet,
2899 2510 2956 2559 et
3005 2501 3309 2575 antiquiora
3355 2512 3480 2560 ortu

1879 2616 1980 2657 suo
2002 2598 2406 2672 pervestigabit,
2438 2613 2559 2656 cum
2585 2613 2690 2655 non
2716 2597 2817 2655 nisi
2841 2612 3026 2653 earum
3052 2613 3235 2655 rerum
3261 2595 3324 2671 (i)
3359 2606 3480 2653 tan-

1882 2703 1992 2750 tum
2021 2693 2205 2765 opinio
2232 2690 2311 2767 ((i)
2340 2692 2413 2759 ei,
2441 2706 2667 2762 quarum
2698 2689 2816 2763 ipse
2872 2691 2941 2746 sit
2971 2690 3177 2759 senior,
3209 2691 3485 2765 relinqua-

1881 2796 1973 2845 tur
2004 2804 2017 2839 :
2043 2802 2163 2859 qua:
2191 2786 2514 2859 plerumque
2538 2785 2652 2856 ipsa
2687 2800 2784 2856 per
2809 2784 3191 2840 necessitatem
3223 2783 3485 2839 naturalis

1882 2899 1993 2941 suae
2016 2880 2345 2939 inﬁrmitatis
2379 2882 2604 2943 incerta,
2631 2878 2931 2934 absolutam
2963 2876 3241 2935 scientiam
3274 2878 3327 2934 in
3358 2893 3488 2935 cau-

1886 2993 2069 3037 sarum
2126 2975 2434 3048 cognitione
2474 2990 2583 3031 non
2613 2981 2823 3041 teneat;
2861 2972 2932 3046 (j)
2960 2970 3161 3027 nedum
3207 2971 3369 3028 modo
3395 2986 3487 3028 ea-

1884 3087 2026 3137 rum,
2056 3085 2176 3142 quin
2223 3053 2349 3123 ante
2395 3082 2455 3125 se
2483 3066 2593 3121 sint
2635 3074 2836 3121 aeterna
2886 3062 3119 3132 ratione,
3154 3078 3315 3120 sensu
3346 3062 3483 3120 ultra

1884 3162 2218 3219 nativitatem
2247 3174 2398 3215 suam
2445 3157 2704 3214 redeunte
2734 3154 3015 3230 percipiat.

1953 3254 2043 3310 47.
2071 3251 2211 3308 Deus
2234 3248 2674 3322 imperscrutabile
2699 3251 3035 3323 profundum.
3064 3244 3260 3303 Nullus
3280 3255 3487 3324 eget.—

1881 3347 1947 3403 Et
1993 3345 2197 3404 idcirco
2251 3343 2570 3416 Apostolus,
2598 3342 2723 3416 quia
2769 3357 3062 3417 numquam
3087 3340 3191 3399 nisi
3217 3357 3281 3398 ea
3315 3342 3366 3396 in
3394 3357 3487 3397 co-

1878 3439 2174 3517 gnitioncm
2222 3438 2503 3509 caderent,
2552 3454 2672 3510 qum
2729 3437 2913 3492 sensui
2944 3436 3243 3508 posteriora
3293 3452 3484 3494 succe-

1879 3536 2111 3600 derent,
2155 3538 2581 3589 commemorato
2626 3528 2906 3601 sapientiae
2945 3526 3043 3586 Dei
3092 3527 3381 3600 profundo,
3431 3537 3487 3586 et

1883 3629 2385 3690 inexscrutabilium
2422 3626 2748 3701 judiciorum
2782 3623 3065 3693 infinitate,
3093 3633 3147 3679 et
3195 3623 3487 3698 investiga-

1876 3722 2065 3783 biliutn
2112 3722 2320 3779 viarum
2374 3729 2610 3787 secreto,
2656 3728 2707 3774 et
2751 3716 3009 3790 incogniti
3053 3732 3245 3773 sensus
3273 3718 3488 3790 ignora-

1879 3816 2049 3884 tione,
2076 3826 2127 3872 et
2159 3813 2372 3870 consilii
2429 3829 2535 3866 non
2577 3808 2957 3866 communicati
2991 3806 3066 3883 (It)
3118 3807 3486 3882 inintelligen-

1878 3910 1970 3975 lia,
2001 3908 2280 3980 subjecit:
2339 3905 2466 3974 Quis
2494 3904 2629 3959 enim
2677 3904 2820 3975 prior
2872 3900 3031 3970 dedit,
3082 3910 3130 3956 et
3176 3901 3484 3957 retribuetur

1874 4004 2004 4061 illi?
2042 4004 2300 4074 Quoniam
2350 4017 2414 4057 ea:
2462 4000 2577 4072 ipso
2624 4007 2672 4054 et
2725 4013 2816 4069 per
2844 3997 3013 4071 ipsum
3044 4005 3093 4053 et
3140 3997 3195 4052 in
3224 3996 3335 4068 ipso
3362 4006 3481 4056 sunt

2058 4164 2323 4302 sit.
2590 4303 2605 4315 _
2754 4301 2767 4316 ο

1967 4309 2026 4382 6)
2049 4306 2231 4365 Codex
2267 4305 2465 4365 Veron.
2496 4302 2695 4361 omittit
2717 4317 2766 4358 ei

1967 4302 2026 4382 6)
2049 4306 2231 4365 Codex
2267 4305 2465 4365 Veron.
2496 4302 2695 4361 omittit
2717 4302 2786 4358 ei.

220 4524 313 4601 (α)
347 4521 502 4595 Apud
532 4521 687 4589 Bad.,
716 4519 809 4579 Er.
843 4529 898 4577 et
937 4522 1087 4599 Lips.
1135 4520 1333 4581 desunt
1359 4534 1544 4590 voces,
1569 4518 1769 4592 plenio-
1798 4518 1846 4579 D
1944 4513 2023 4659 (9)
2048 4514 2339 4602 Mss..quod
2354 4515 2443 4568 sit.

220 4597 509 4661 rperfecm.
1966 4589 2024 4661 It)
2051 4589 2194 4645 Edttt
2223 4604 2345 4644 cum
2378 4587 2443 4656 ph

148 4598 239 4655 ris'
246 4598 509 4666 perfecta.

219 4662 309 4745 (li)
344 4662 400 4724 ln
457 4682 588 4723 mss.
621 4665 784 4745 Coi-li:
840 4682 947 4722 uno
990 4665 1140 4745 (lolii.
1189 4680 1252 4745 ac
1290 4664 1476 4745 paucis
1518 4662 1762 4745 aliis

148 4733 304 4808 inita
343 4754 578 4808 graecum
607 4748 660 4795 et
684 4737 987 4808 Vulgatam,
1017 4739 1157 4794 dedit
1194 4739 1259 4793 ei.
1295 4733 1364 4793 At
1391 4736 1547 4797 infra.
1579 4752 1635 4791 η.
1665 4733 1757 4801 47,

172 4759 304 4799 una
382 4759 578 4797 necum
607 4759 660 4795 Cl
691 4759 987 4808 vulgatam,
1017 4759 1156 4794 aeau
1194 4759 1259 4793 ει.
1295 4759 1364 4793 BI.
1392 4759 1547 4797 lllll‘il,
1580 4759 1635 4791 11.
1665 4759 1757 4801 ιιι,

141 4759 203 4871 in
235 4759 407 4869 mulfis
430 4811 659 4865 habetur
686 4811 749 4864 ei.
779 4809 945 4865 Paulo
976 4820 1103 4866 ante
1133 4818 1187 4864 et
1209 4810 1343 4864 intra
1376 4809 1634 4864 Erasmus
1664 4820 1762 4878 pro

144 4902 315 4943 more
342 4882 621 4939 substituit
649 4882 1101 4951 ininvestt'gabiles,
1129 4896 1227 4951 pro
1256 4878 1650 4951 investigabiles.

225 4955 307 5030 (c)
342 4954 664 5030 Praepos‘itio
691 4955 820 5030 inla
867 4951 1050 5023 Lipsio
1077 4955 1309 5027 primum
1340 4962 1625 5024 expuncta,
1658 4951 1762 5006 huc

143 5025 447 5089 revocatur
469 5025 532 5081 ex
558 5025 708 5090 Bad.,
734 5025 827 5081 Er.
861 5033 917 5082 et
938 5040 1067 5080 mss.

224 5100 324 5179 (d)_
346 5101 404 5155 In
437 5113 569 5154 mss.
599 5097 859 5168 opinione.
910 5096 1105 5179 Postea
1134 5094 1303 5152 codex
1337 5095 1459 5152 Vat.
1493 5095 1607 5152 bas.
1639 5096 1759 5179 alii-

147 5168 259 5247 qué
290 5168 425 5247 iiu_o,
456 5182 643 5247 printer
694 5186 849 5241 quam
873 5178 1096 5247 oportet,
1121 5184 1238 5247 non
1257 5179 1444 5239 printer
1469 5185 1649 5247 quam_
1665 5168 1757 5247 do-

144 5239 324 5303 cetur.
342 5243 480 5298 Tum
507 5240 669 5297 Corb.
701 5239 821 5297 cum
854 5239 1129 5297 ncnnnllis
1150 5239 1292 5303 aliis,
1317 5239 1589 5311 usurpem.
1616 5239 1759 5296 Satis

144 5317 402 5391 placeret
434 5357 450 5389 ,
510 5314 817 5387 opinione...
867 5324 1055 5386 praeter
1107 5327 1263 5385 quam
1312 5312 1577 5378 docentur,
1603 5328 1756 5366 usur-

181 5399 299 5444 ent.

143 5406 299 5462 pem.

223 5459 306 5536 (ε)
339 5460 414 5536 lta
446 5475 577 5517 mss.
628 5456 741 5536 nisi
776 5456 919 5527 quod
961 5456 1252 5536 in_cod_iee
1299 5454 1423 5536 Ἴδε.
1473 5454 1590 5536 bas.
1642 5464 1765 5526 post

143 5527 443 5613 proposita:
472 5531 835 5613 exstatﬂetiam
863 5528 1118 5603 opposita.
1146 5527 1212 5583 Et
1234 5527 1289 5583 in
1313 5527 1570 5599 vulgatis,
1590 5537 1647 5581 ut
1671 5538 1765 5583 aut

142 5602 289 5662 me
333 5605 498 5679 posita
534 5602 713 5657 oculis.

226 5623 333 5747 (δ’
356 5676 557 5747 Omnes
611 5689 713 5747 pro

144 5742 505 5821 ψηῖιὸι-ιμιιᾴ.⁸
528 5742 839 5821 Lugendum
864 5742 1085 5821 omnino
1114 5744 1254 5817 quod
1276 5742 1758 5821 cnm‘Telleriano.

144 5815 373 5893 Deinde
421 5818 552 5893 editi
598 5815 914 5893 particulam
972 5818 1097 5872 dum
1128 5815 1535 5893 praeponebant
1592 5815 1760 5875 verbo

136 5890 393 5945 'concedit
422 5907 438 5945 :
469 5889 865 5961 refragantibus
892 5905 1021 5945 mss.

356 5676 557 5757 Games
611 5689 778 5757 prope
831 5673 1016 5757 scripti
1062 5670 1278 5757 codices
1340 5685 1472 5757 cum
1505 5670 1760 5757 fxcusis,
1836 5703 1843 5708 -

2051 4587 2194 4645 Editi
2213 4578 2345 4644 'cum
2378 4584 2624 4656 pluribus
2644 4593 2776 4636 mss.
2804 4578 2943 4656 quod
2967 4594 3072 4635 non
3089 4580 3281 4637 exstitit
3304 4596 3326 4639 :
3353 4597 3477 4641 cor-

1871 4650 2121 4733 rig‘unlur
2148 4678 2211 4717 ex
2244 4650 2448 4730 optimo
2472 4656 2625 4733 Colb.
2654 4650 2866 4733 necnon
2888 4650 3074 4733 Germ.

1944 4723 2007 4807 (ἱ)
2038 4734 2213 4789 Verba
2244 4723 2440 4787 tantum
2465 4740 2520 4785 et
2543 4729 2586 4807 ei
2605 4769 2624 4807 ,_
2655 4724 2708 4807 in
2742 4723 3224 4807 vulgatis‘omissa,
3252 4727 3472 4799 supple-

1870 4796 2000 4860 mtis'
2023 4823 2087 4861 ex
2116 4819 2247 4859 mss.
2278 4817 2510 4872 quorum
2539 4797 2736 4877 deinde
2757 4796 3099 4877 auctoritate,
3127 4812 3226 4867 pro
3245 4796 3468 4877 quorum

1870 4878 2004 4945 ipsa,
2036 4867 2346 4946 reponimus
2395 4886 2627 4946 quorum
2648 4869 2778 4936 ipse,
2808 4867 2969 4946 vitici.
3001 4880 3152 4925 ortus
3193 4873 3468 4930 :masime

1871 4940 1990 5004 eum
2014 4940 2262 5019 superius
2286 4940 2490 5019 legatur
2511 4942 2719 5015 juniore
2742 4940 2976 4994 emordio.

1938 5022 2012 5105 ut
2043 5012 2213 5105 κλιίιί»
2237 5012 2658 5105 nee-mense
2703 5023 3030 5105 {tresve}!
3058 5012 3462 5105 εξητλεξιοτηξιενι

1865 5082 2137 5155 rationem,
2170 5082 2275 5148 etc.
2300 5089 2428 5146 Mss.
2457 5089 2671 5144 Martin.
2701 5094 2757 5139 et
2777 5082 2902 5139 Vat.
2931 5084 3048 5141 has.
3080 5086 3269 5142 nedum
3309 5088 3461 5143 modo

1864 5181 2043 5221 eorum
2069 5180 2185 5235 qua:
2211 5173 2361 5219 cauta
2400 5177 2503 5235 non
2532 5162 2632 5213 sint
2684 5165 2876 5235 (eterna
2914 5159 3113 5213 ratione
3140 5158 3365 5235 :_minus
3390 5157 3459 5213 ad

1867 5253 2002 5294 rem.
2032 5226 2227 5293 verius
2247 5235 2364 5301 alii,
2392 5231 2577 5289 nedum
2617 5226 2767 5284 modo
2793 5243 2973 5301 eorum
3006 5229 3239 5301 (supple.
3264 5244 3457 5301 causa:

1866 5326 1985 5366 rum
2015 5304 2321 5378 scientiam)
2350 5298 2704 5378 'quwiantese
2758 5299 2861 5354 sint
2889 5308 3081 5355 retenta
3136 5298 3370 5355 ratione:
3405 5298 3459 5357 id

1868 5389 1970 5447 est,
2003 5382 2049 5438 si
2106 5396 2211 5436 non
2261 5374 2687 5448 comprehendit
2722 5386 2876 5427 mens
2903 5387 3025 5448 qua:
3073 5382 3198 5448 ante
3243 5387 3301 5448 se
3329 5380 3460 5428 sunt

1868 5441 2043 5525 aliqua
2071 5453 2302 5526 ratione,
2326 5441 2492 5526 inuno
2514 5462 2658 5518 saepe
2679 5447 2880 5526 incerta
2898 5441 3138 5526 _il_uctuat
3164 5442 3215 5499 in
3247 5443 3311 5497 iis
3337 5459 3461 5515 qua:

1868 5538 1929 5581 se
1959 5517 2263 5595 posteriora
2283 5533 2404 5595 sunt
2428 5537 2442 5585 ;
2476 5521 2635 5590 lenge
2658 5517 2831 5573 minus
2860 5517 3089 5586 attinget
3108 5529 3231 5586 qua:
3255 5525 3459 5573 aeterna

1866 5592 2076 5653 ratione
2101 5610 2160 5654 se
2187 5592 2512 5668 praecedant.

1938 5667 2013 5741 (Ιε)
2049 5657 2202 5734 Lips:
2230 5665 2541 5741 ignorantia.
2574 5659 2855 5741 Editione‘s.
2899 5657 3021 5741 alia:
3050 5673 3174 5714 cum
3206 5659 3453 5741 scriptis,

1864 5729 2223 5811 intelligentia.
2250 5729 2605 5811 Reponitnug
2635 5729 3048 5803 inintelligentia,
3082 5729 3354 5811 quomodo
3386 5733 3463 5788 le-

1864 5803 2099 5886 genduin
2149 5803 2529 5886 suspicabatur
2564 5803 2847 5886 Erasmus:
2900 5816 2967 5859 se
3014 5818 3123 5860 non
3175 5804 3294 5863 sine
3326 5819 3460 5863 mss.

1865 5873 2191 5947 auctoritate
2217 5873 2447 5953 legimus
2476 5876 2567 5934 lib.
2603 5892 2658 5946 x,
2690 5892 2747 5932 n.
2775 5873 2867 5931 50.
