3996 6330
1583 273 1608 306 Ι.

567 304 674 363 451

1794 298 2041 360 SANCTI
2068 296 2327 357 HILARII
2364 296 2669 359 EPISCOPI
3696 307 3770 367 l3!

573 424 767 490 omnia,
799 421 899 494 ipsi
951 421 1120 497 gloria
1163 420 1218 476 in
1250 420 1437 476 siccata
1491 417 1798 476 meatorum
1830 417 2029 491 (Rom,
2055 434 2169 485 χιιι,
2200 418 2255 480 Α
2279 417 2372 473 sed
2398 431 2458 474 se
2488 418 2660 490 ipsum
2693 414 3030 482 exinaniens,
3055 424 3110 473 et
3136 417 3274 472 intra
3312 430 3370 473 se
3406 417 3573 486 latens,
3604 430 3648 477 et
3674 424 3769 482 intra

576 519 650 575 35
674 525 723 573 et
753 515 868 590 '56).
894 515 1058 582 Deus,
1089 515 1178 587 qui
1205 529 1421 588 semper
1468 522 1573 581 eSt,
1628 530 1736 569 non
1791 512 2066 585 subjectus
2093 520 2181 569 est

571 609 759 673 modo.
776 624 949 680 neque
975 609 1043 665 ab
1067 609 1338 664 anteriore
1359 607 1440 664 sui
1471 606 1652 679 aliquo
1678 615 1828 662 motu
1861 606 2058 662 mentis
2086 614 2177 661 aut

573 703 951 775 intelligentiae
999 701 1350 776 prtevenitur.
1383 702 1451 758 Et
1497 700 1701 770 idcirco
1733 699 2102 772 investigabile
2122 708 2178 756 et

572 796 1046 869 imperscrutabile
1077 797 1191 870 ipse
1215 806 1362 855 totus
1390 795 1714 870 profundum
1761 803 1862 851 est.
1887 793 2058 851 Totus
2082 809 2179 851 au-

570 900 683 947 tem
712 891 806 960 ita,
823 900 883 947 ut
904 906 1010 948 non
1027 908 1124 963 per
1151 890 1255 949 hoc
1281 891 1531 948 definitus
1554 890 1634 964 (l)
1662 890 1713 945 in
1734 889 1810 962 (a)
1838 889 2057 946 modum
2082 889 2173 959 sit,

572 985 672 1043 sed
698 985 1005 1042 intellectus
1030 985 1100 1042 sit
1117 986 1171 1041 in
1197 985 1485 1043 immenso:
1510 984 1632 1057 quia
1654 998 1687 1039 a
1702 983 1916 1040 nemine
1933 982 2075 1054 quod
2095 991 2180 1040 est

571 1077 829 1149 sumpsit,
857 1093 960 1136 nec
985 1079 1137 1151 prior
1163 1078 1215 1137 ei
1255 1078 1406 1136 dedit
1450 1078 1666 1151 aliquis,
1690 1088 1751 1136 ut
1804 1077 2032 1135 retribui
2057 1075 2180 1133 ofli-

570 1168 715 1227 cium
745 1169 895 1227 danti
922 1179 1192 1244 oporteat.
1210 1170 1291 1228 Ex
1313 1171 1433 1243 ipso
1462 1171 1606 1229 enim
1631 1182 1687 1228 et
1717 1187 1812 1244 per
1839 1172 2015 1244 ipsum
2040 1178 2096 1227 et
2121 1170 2176 1226 in

563 1262 688 1335 ipso
720 1263 904 1321 omnia
944 1275 1089 1322 sunt.
1114 1265 1234 1323 Non
1260 1274 1384 1339 eget
1403 1282 1471 1324 ex
1492 1282 1551 1324 se
1573 1276 1628 1325 et
1654 1282 1753 1341 per
1781 1282 1841 1323 se
1867 1275 1922 1323 et
1951 1266 2091 1322 intra
2116 1280 2178 1324 se

568 1359 917 1416 manentibus
944 1375 959 1427 ;
989 1375 1091 1417 nec
1117 1361 1207 1432 qui
1249 1361 1423 1433 origo,
1457 1376 1559 1418 nec
1596 1362 1685 1434 qui
1738 1359 1915 1433 opifex
1938 1370 2043 1429 est,
2075 1374 2179 1418 nec

575 1453 667 1527 qui
696 1455 984 1512 continens
1006 1464 1126 1526 est,
1152 1453 1235 1530 (2)
1264 1466 1319 1514 et
1345 1456 1574 1515 internis
1603 1454 1679 1530 (b)
1705 1464 1985 1525 externus,
2013 1453 2176 1530 ωε

571 1556 630 1606 et
657 1548 864 1606 eﬂ'ectis
900 1548 1151 1607 conditor
1180 1568 1195 1605 ε
1220 1559 1276 1607 et
1293 1565 1516 1609 suorum
1548 1551 1665 1623 ipse
1694 1566 1860 1624 egens
1879 1566 2176 1623 numquam

569 1649 672 1701 est.
701 1642 845 1700 Nihil
870 1653 996 1701 ante
1023 1654 1125 1713 est,
1155 1644 1293 1701 nihil
1320 1645 1559 1716 aliunde,
1589 1644 1666 1720 (3)
1697 1646 1828 1703 nihil
1853 1654 2003 1702 extra
2025 1644 2100 1718 (ε)
2116 1660 2177 1703 se

565 1743 671 1792 est.
703 1736 822 1806 Quo
867 1736 1030 1810 igitur
1079 1747 1230 1797 caret
1276 1738 1632 1811 plenitudinis
1681 1739 1947 1811 profectu,
1978 1749 2036 1795 ut
2078 1754 2177 1811 per

2279 527 2431 570 suam
2460 513 2575 585 ipse
2606 513 2949 570 vacuefactas
2992 520 3311 583 potestatem
3347 511 3494 567 :dum
3517 529 3566 571 se
3584 520 3771 588 usquead

2279 608 2506 664 formam
2537 615 2804 679 temperat
2830 606 3045 663 habitus
3080 605 3319 673 humani,
3353 621 3415 661 ne
3449 617 3673 679 potentem
3700 612 3773 665 im-

2278 717 2630 774 mensamque
2657 712 2903 758 naturam
2946 710 3237 772 assumpta:
3273 699 3558 757 humilitatis
3576 716 3672 769 non
3702 703 3777 758 lcr-

2279 806 2363 854 ret
2392 798 2715 866 infirmitas;
2764 796 2859 853 sed
2906 797 2960 853 in
2999 805 3207 852 tantum
3261 809 3321 851 se
3367 793 3518 850 virtus
3558 795 3778 851 incircum-

2278 891 2480 962 scripla
2529 891 2925 959 moderaretur,
2980 890 3036 946 in
3102 899 3360 963 quantum
3425 898 3658 959 oporteret
3694 905 3778 947 eam

2281 999 2452 1057 usque
2482 985 2548 1041 ad
2581 985 2893 1057 patientiam
2918 985 3149 1041 connexi
3197 981 3301 1039 sibi
3351 982 3571 1054 corporis
3603 981 3779 1040 obedire.

2278 1078 2433 1149 Quod
2459 1089 2640 1137 autem
2682 1094 2742 1136 se
2785 1080 2961 1149 ipsum
3007 1080 3146 1135 intra
3185 1094 3245 1135 se
3282 1074 3618 1134 vacuefaciens
3659 1078 3782 1133 conti-

2280 1172 2414 1247 nuit,
2445 1172 2830 1230 detrimentum
2858 1190 2968 1229 non
3000 1172 3178 1229 attulit
3226 1171 3501 1243 potestati;
3545 1187 3647 1228 cum
3683 1172 3784 1227 intra

2280 1267 2418 1325 hanc
2435 1269 2793 1326 exinanientis
2816 1284 2876 1326 se
2892 1268 3276 1335 humilitatem,
3296 1268 3485 1324 virtute
3505 1277 3651 1324 tamen
3667 1265 3783 1340 ωε

2279 1362 2455 1420 omnis
2480 1362 2771 1420 exinanita:
2794 1364 2935 1419 intra
2964 1377 3023 1419 se
3050 1376 3180 1419 usus
3206 1362 3275 1418 sit
3302 1361 3583 1434 potestatis.

2351 1456 2442 1515 49.
2485 1456 2640 1526 Quod
2670 1457 2851 1530 itaque
2871 1457 3013 1513 Deus
3053 1455 3158 1514 erit
3186 1456 3370 1513 omnia
3398 1456 3450 1511 in
3478 1453 3703 1521 omnibus,
3726 1466 3786 1508 as-

2278 1550 2605 1624 sumptionis
2656 1560 2858 1609 nostra:
2906 1550 3179 1625 profectus
3219 1558 3322 1609 est.
3366 1549 3466 1619 Qui
3513 1548 3664 1616 enim,
3705 1561 3790 1603 cum

2281 1656 2429 1703 esset
2458 1647 2512 1703 in
2533 1646 2707 1704 forma
2735 1647 2857 1715 Dei,
2887 1655 3134 1719 repertus
3160 1654 3246 1704 est
3271 1644 3326 1701 in
3353 1644 3516 1700 forma
3538 1642 3674 1709 servi,
3702 1656 3789 1696 rur-

2284 1756 2405 1797 sum
2428 1740 2767 1808 conlitendus
2798 1748 2882 1798 est
2907 1740 2959 1796 in
2982 1741 3151 1814 gloria
3177 1740 3269 1797 Dei
3300 1739 3463 1811 patris
3490 1755 3502 1791 :
3527 1745 3682 1793 utnon
3716 1749 3790 1789 am-

566 1837 785 1903 tempus
811 1830 987 1889 adhuc
1014 1833 1160 1890 Deus
1186 1834 1370 1890 omnia
1401 1834 1454 1891 in
1485 1835 1738 1891 omnibus
1764 1834 1869 1891 sit?
1899 1833 1993 1891 Vel
2027 1833 2171 1891 unde
2200 1821 2248 1884 Β
2277 1835 2436 1908 bigue
2476 1836 2532 1892 in
2566 1835 2683 1909 ejus
2720 1835 2889 1892 forma
2938 1851 3165 1893 manens
3212 1836 3563 1910 intelligatur,
3608 1838 3652 1893 in
3686 1837 3789 1907 cuius

565 1932 765 1995 sumet,
790 1934 942 1982 extra
967 1941 1130 2000 quem
1151 1926 1288 1983 nihil
1308 1928 1434 1985 est?
1463 1926 1592 1984 nihil
1620 1939 1798 1985 autem
1830 1927 1926 1997 ita,
1944 1936 2001 1984 ut
2028 1942 2175 1983 sem-

567 2033 666 2088 per
685 2018 806 2092 ipse
851 2020 942 2077 sit.
975 2021 1046 2078 Et
1072 2022 1165 2095 qui
1215 2021 1333 2095 ipse
1380 2037 1597 2095 semper
1616 2032 1721 2091 est,
1754 2032 1808 2080 et
1829 2030 1978 2079 extra
2011 2036 2173 2095 quem

569 2113 705 2171 nihil
761 2123 867 2187 est,
898 2131 1005 2188 quo
1042 2115 1381 2174 incremento
1432 2117 1733 2189 explendas
1783 2126 1887 2186 est,
1931 2118 2017 2174 vel
2064 2133 2172 2191 quo

568 2216 861 2280 augmento
910 2209 1269 2267 demutandus
1300 2219 1405 2281 est,
1436 2210 1625 2267 dicens
1652 2208 1802 2283 :Ego
1831 2226 1966 2278 sum,
1997 2218 2043 2266 et
2069 2227 2173 2266 non

565 2301 803 2359 demutor
826 2301 1071 2374 (Mutua,
1098 2320 1180 2374 tu,
1210 2305 1266 2377 6)
1291 2323 1305 2360 :
1339 2320 1463 2361 eum
1485 2320 1593 2361 non
1622 2303 1963 2376 relinquatur
1992 2305 2073 2360 vel
2102 2302 2171 2360 ad

564 2397 993 2456 demutationem
1022 2400 1199 2468 locus,
1230 2399 1316 2457 vel
1341 2400 1407 2456 ad
1440 2398 1739 2472 profectum
1780 2413 1964 2468 causa,
1994 2398 2078 2455 vel
2102 2397 2172 2455 ad

565 2493 923 2551 tetemitatem
964 2494 1242 2563 anterius,
1294 2494 1381 2551 vel
1427 2494 1496 2551 ad
1545 2495 1717 2550 Deum
1778 2494 1922 2550 aliud
1970 2502 2172 2567 printer

566 2604 729 2660 quam
759 2587 901 2645 Deus
933 2588 1015 2662 (ά)
1036 2589 1152 2661 ipse
1188 2589 1314 2646 est?
1341 2587 1459 2645 Non
1493 2604 1624 2662 ergo
1653 2605 1752 2662 per
1780 2589 2170 2660 subjccuonem

565 2681 694 2739 Filii
721 2684 866 2739 Deus
904 2683 1009 2740 erit
1064 2683 1247 2739 omnia
1273 2682 1328 2739 in
1383 2683 1638 2740 omnibus
1669 2701 1682 2738 :
1714 2697 1891 2755 neque
1920 2698 2016 2754 per
2042 2698 2171 2739 cau-

566 2792 684 2834 sam
738 2776 1228 2842 consummabitur,
1261 2793 1328 2834 ex
1354 2794 1461 2849 quo
1505 2789 1560 2834 et
1609 2793 1707 2849 per
1735 2792 1894 2849 quem
1926 2785 1981 2833 et
2029 2777 2168 2833 intra

564 2886 726 2942 quem
779 2869 956 2926 omnis
992 2885 1153 2927 causa
1198 2870 1480 2928 consistat.
1540 2872 1720 2928 Manet
1767 2871 1948 2943 itaque
2000 2880 2059 2927 ut
2086 2880 2171 2928 est

561 2980 779 3036 semper
807 2962 972 3029 Deus,
1003 2980 1105 3021 nec
1174 2964 1420 3036 profectu
1451 2974 1575 3037 eget
1607 2965 1678 3037 (e)
1728 2964 1820 3037 qui
1846 2964 1914 3021 ad
1940 2964 1994 3022 id
2022 2964 2170 3036 quod

565 3067 668 3125 est,
700 3072 768 3113 ex
794 3071 855 3113 se
882 3071 947 3113 ac
973 3056 1077 3113 sibi
1103 3071 1320 3128 semper
1341 3066 1445 3114 est.

634 3150 729 3207 48.
769 3148 942 3205 Filius
966 3149 1369 3207 indemutabilis.
1400 3151 1718 3208 Eainaniens
1746 3168 1801 3208 se
1834 3169 1945 3231 non.
1976 3160 2051 3208 est
2079 3152 2172 3207 de-

2276 1929 2381 1985 erit
2408 1928 2579 2000 gloria
2624 1928 2983 1986 confitendus.
3042 1929 3388 2000 Dispensatio
3446 1927 3610 2003 itaque
3643 1937 3791 1985 tantum

2275 2028 2381 2088 est,
2413 2036 2522 2077 non
2550 2020 2852 2078 demutatio
2902 2038 2915 2077 :
2948 2021 3003 2077 in
3029 2035 3095 2078 eo
3147 2023 3292 2078 enim
3340 2032 3444 2090 est,
3493 2023 3541 2079 in
3576 2038 3665 2095 quo
3698 2030 3791 2078 erat.

2275 2111 2384 2170 Sed
2405 2129 2529 2171 cum
2550 2114 2785 2171 medium
2815 2124 2901 2170 est
2926 2116 3071 2186 quod
3094 2130 3213 2172 esse
3236 2116 3421 2188 carpit,
3463 2116 3512 2172 id
3557 2128 3644 2178 eet.
3683 2115 3795 2172 homo

2277 2222 2469 2281 natus;
2503 2222 2673 2269 totum
2696 2213 2744 2268 ei
2764 2221 2991 2279 naturzc,
3017 2227 3139 2284 qua:
3165 2221 3322 2268 antea
3350 2212 3487 2268 Deus
3516 2228 3611 2267 non
3629 2211 3794 2269 fuit.ac-

2275 2307 2536 2379 quiritur,
2581 2323 2707 2363 cum
2730 2308 2871 2365 Deus
2901 2322 3023 2364 esse
3050 2308 3228 2363 omnia
3258 2307 3310 2362 in
3342 2306 3581 2364 omnibus
3625 2305 3682 2379 (ι’)
3718 2310 3797 2376 post

2274 2410 2673 2458 sacramentum
2700 2399 3122 2471 dispensationis
3160 2399 3482 2456 ostenditur.
3534 2398 3696 2454 Nostra
3718 2397 3796 2452 hac

2273 2495 2455 2568 itaque
2502 2495 2650 2552 lucra
2704 2505 2866 2563 sunt,
2925 2506 2979 2551 et
3023 2497 3191 2551 nostri
3246 2497 3560 2567 profectus,
3612 2509 3691 2550 nos
3729 2491 3799 2548 sci-

2273 2590 2402 2648 licet
2440 2590 2750 2647 conformes
2786 2588 2860 2663 (g)
2916 2589 3188 2646 efficiendi
3230 2589 3421 2661 gloria:
3463 2587 3677 2661 corporis
3718 2585 3795 2641 Dei.

2271 2681 2538 2739 Caeterum
2561 2682 2869 2755 unigenitus
2891 2682 3056 2751 Deus,
3106 2683 3231 2739 licet
3278 2694 3334 2738 et
3375 2682 3536 2739 homo
3574 2689 3704 2737 natus
3738 2677 3797 2741 sit,

2272 2793 2379 2834 non
2412 2785 2589 2833 tamen
2615 2776 2758 2833 aliud
2790 2793 2949 2845 quam
2974 2776 3118 2832 Deus
3156 2777 3337 2832 omnia
3383 2777 3436 2832 in
3475 2775 3691 2833 omnibus
3726 2778 3795 2827 est.

2272 2869 2546 2941 Stibjectio
2587 2870 2731 2927 enim
2776 2869 2866 2925 illa
2908 2869 3176 2941 corporis,
3219 2884 3318 2941 per
3369 2885 3528 2941 quam
3554 2864 3684 2940 quod
3720 2879 3800 2919 car-

2274 2965 2395 3020 nale
2419 2964 2497 3038 (Ιι)
2523 2964 2574 3022 ei
2621 2974 2724 3033 est,
2782 2966 2833 3020 in
2868 2973 3112 3019 naturam
3162 2963 3390 3034 Spiritus
3418 2963 3696 3025 devoratur,
3720 2969 3801 3013 esse

2274 3061 2442 3118 Demn
2485 3061 2663 3117 omnia
2696 3061 2749 3115 in
2781 3060 3031 3117 omnibus
3060 3076 3205 3127 eum,
3248 3059 3342 3132 qui
3376 3068 3565 3131 praeter
3599 3057 3736 3113 Deum
3767 3057 3803 3106 et

2275 3153 2439 3211 homo
2463 3163 2566 3221 est,
2610 3153 2902 3209 constituet
2936 3170 2949 3207 :
2979 3162 3165 3209 noster
3187 3160 3373 3209 autem
3406 3152 3499 3207 ille
3527 3150 3671 3205 homo
3696 3145 3745 3215 (ἰ)
3768 3143 3802 3197 in

564 3254 813 3302 mutatus.
843 3243 1134 3303 Deumesse
1154 3247 1329 3303 omnia
1378 3248 1434 3303 in
1463 3248 1699 3303 omnibus
1743 3248 2005 3319 profectus
2044 3266 2167 3305 nos-
2196 3235 2241 3298 C
2276 3246 2328 3303 id
2379 3248 2609 3318 proiicit.
2661 3246 2929 3304 Caeterum
2976 3263 3075 3305 nos
3123 3248 3179 3303 in
3233 3246 3478 3303 hominis
3529 3241 3681 3301 nostri
3718 3252 3805 3296 eou-

566 3348 644 3394 ter
669 3347 761 3394 est.
786 3368 857 3381 —
874 3336 981 3395 Sed
1011 3355 1080 3397 ne
1104 3339 1161 3395 in
1185 3340 1517 3413 unigenitum
1540 3341 1760 3413 quidem
1785 3342 1952 3398 Deum
1985 3341 2174 3399 demu-

568 3431 749 3489 tandze
775 3442 981 3490 natura:
1002 3434 1149 3491 cadit
1178 3437 1497 3493 necessitas.
1533 3436 1674 3492 Deus
1701 3436 1848 3493 enim
1891 3446 1997 3505 est,
2028 3436 2172 3508 quod

563 3528 744 3601 plena:
782 3544 846 3586 ac
896 3529 1152 3601 perfectm
1196 3529 1502 3586 divinitatis
1548 3538 1633 3587 est
1671 3546 1891 3587 nomen.
1938 3529 2071 3585 Nam
2112 3539 2172 3587 ut

568 3623 821 3695 superius
858 3620 1164 3691 docuimus,
1202 3632 1259 3681 et
1299 3623 1545 3695 repetita:
1592 3625 1779 3696 gloria:
1822 3623 2167 3696 signiﬁcatio,

571 3724 628 3773 et
695 3716 1047 3783 subjectionis
1108 3731 1270 3773 causa
1326 3727 1428 3787 est,
1475 3726 1531 3772 ut
1575 3718 1646 3773 sit
1693 3717 1835 3775 Deus
1895 3715 2076 3774 omnia
2115 3718 2171 3773 in

565 3809 853 3877 omnibus;
895 3826 1018 3869 esse
1067 3819 1249 3868 autem
1302 3811 1471 3867 Deum
1522 3812 1704 3868 omnia
1754 3812 1812 3869 in
1871 3812 2123 3869 omnibus
2152 3853 2168 3881 ,

562 3915 963 3963 sacramentum
1025 3916 1131 3974 est,
1175 3922 1282 3962 non
1317 3908 1634 3964 necessitas.
1699 3906 1757 3963 In
1809 3907 1980 3964 forma
2025 3908 2168 3964 enim

562 3997 665 4056 Dei
693 4014 921 4057 manens
942 3997 1172 4058 formam
1194 3999 1338 4059 servi
1360 4000 1673 4073 assumpsit,
1695 4015 1804 4058 non
1834 4000 2170 4069 demutatus,

641 4162 724 4237 (i)
742 4160 812 4219 In
836 4163 1010 4219 modo.

646 4235 732 4308 (ἶ)
760 4237 924 4293 Deest
945 4245 1030 4307 et;
1062 4251 1193 4293 mox
1223 4244 1274 4293 et
1302 4235 1472 4305 e/Iecti
1496 4236 1749 4309 cognitor.

636 4378 716 4452 (a)
740 4379 816 4435 Ita
855 4380 1091 4452 mss.iAt
1121 4378 1272 4444 editi,
1301 4378 1356 4433 in
1406 4379 1578 4433 modo.

638 4448 717 4535 (b)
750 4452 803 4506 ln
829 4466 931 4535 ms.
961 4451 1173 4535 Martin.
1221 4452 1436 4535 internis
1492 4451 1736 4535 exterinqr,
1755 4449 1817 4534 in
1845 4448 2038 4535 effectis
2069 4465 2159 4535 co:

564 4521 803 4597 gnitot‘ﬂ:
829 4524 989 4579 male.
1024 4521 1103 4578 Ita
1158 4522 1460 4597 intelligere
1475 4533 1573 4597 est
1602 4522 1792 4597 e/[ectis
1821 4524 2076 4597 conditor,
2102 4529 2164 4576 ut

565 4592 711 4652 Deus
741 4596 806 4650 iis
834 4612 942 4651 non
970 4603 1123 4665 egeat
1148 4609 1269 4664 qua:
1295 4592 1555 4661 condidit,
1582 4596 1671 4651 vel
1693 4595 1854 4651 etiam
1888 4602 1947 4648 ut
1973 4592 2161 4650 ell'ecta

566 4668 738 4724 Deum
765 4666 1000 4723 habeant
1017 4667 1379 4723 conditorem.

638 4738 707 4813 (ο)
751 4737 1010 4795 Voculam
1052 4755 1127 4808 se,
1177 4739 1230 4794 in
1289 4738 1520 4811 vulgatis
1576 4739 1857 4808 omissam,
1912 4738 2166 4810 supplent

566 4826 700 4869 mss.

641 4883 724 4956 (ά)
756 4883 814 4938 in
843 4882 1065 4953 antiquo
1086 4899 1191 4938 ms.
1217 4881 1373 4963 Colb.
1403 4883 1514 4955 ipse
1540 4883 1626 4940 sit.

642 4976 717 5049 (e)
757 4975 955 5031 Excusi
986 4975 1107 5047 quia
1127 4976 1201 5030 id.
1230 4976 1720 5049 Concinniusmss,
1743 4976 1833 5048 qui
1850 4975 1921 5030 ad
1944 4974 2039 5032 id:
2062 4990 2170 5049 quo

572 5050 718 5105 Deus
744 5062 902 5103 suum
927 5049 1029 5103 sibi
1059 5062 1181 5102 esse
1210 5048 1529 5118 principium
1559 5048 1885 5105 declaretur.

641 5145 711 5217 (ι’)
747 5143 914 5217 §olus
942 5143 1119 5199 codex
1148 5141 1362 5217 Martia.
1394 5159 1488 5217 per
1514 5154 1934 5217 sacramentum:
1989 5143 2168 5215 minus

567 5214 716 5271 vere.
744 5215 964 5285 Triplex
1004 5216 1145 5270 enim
1190 5214 1276 5269 hic
1305 5214 1681 5270 consideratur
1718 5214 1919 5270 Christi
1974 5214 2166 5279 status,

567 5298 696 5359 puta
719 5288 772 5345 in
796 5288 968 5343 forma
995 5287 1112 5352 Dei,
1134 5287 1187 5341 in
1214 5290 1381 5359 forma
1404 5287 1568 5353 servi,
1592 5297 1639 5341 et
1666 5287 1718 5341 in
1745 5287 1913 5359 gloria
1942 5286 2039 5343 Dei
2065 5287 2166 5341 Pa-

568 5357 667 5415 il'lS
715 5377 731 5413 ἒ
784 5369 956 5415 status
994 5367 1173 5413 autem
1232 5357 1442 5413 lDBdillS
1504 5367 1726 5413 ιόρειιιιι*
1761 5357 2166 5414 sacramentum

566 5431 1010 5514 dispensationis,
1041 5445 1201 5502 quam
1222 5430 1439 5501 excepit
1462 5439 1698 5500 paterna:
1728 5431 1916 5501 gloriae
1942 5445 2169 5486 consor-

570 5512 740 5717 trioa.)
793 5574 1128 5649 Sie.magno
1184 5588 1454 5632 consensu
1505 5588 1639 5630 mss.
1692 5572 1765 5628 At
1802 5573 1855 5628 in
1901 5573 2168 5645 vulgatis,

572 5662 599 5700 ε
685 5665 723 5702 1.

572 5662 723 5702 emet.

646 5738 1116 5815 (Ii)_Restituimus
1141 5758 1206 5800 ex
1237 5758 1371 5801 mss.
1403 5743 1471 5811 ei,
1516 5740 1875 5815 quod‘deerat
1916 5739 1968 5797 in
2006 5756 2172 5798 excu-

572 5811 830 5887 sis._Ha:c
852 5815 1097 5871 nituntur
1121 5816 1303 5873 verbis
1327 5811 1596 5886 Apostoli,
1640 5813 1831 5887 Surget
1852 5830 2038 5887 corpus
2064 5814 2172 5887 spi-

568 5883 721 5940 ritale
747 5902 766 5940 :
796 5900 915 5956 quae
936 5887 1213 5959 explicans
1235 5883 1568 5960 Augustinus
1589 5883 1780 5946 contra
1799 5883 1978 5944 Adini.
2003 5901 2055 5944 c.
2076 5883 2166 5958 12,

2276 3341 2508 3397 formem
2538 3341 2765 3415 gloriam
2797 3340 3167 3413 proficiemus,
3214 3349 3270 3397 et
3298 3340 3357 3397 in
3409 3339 3704 3412 agnitionem
3741 3328 3805 3387 Dei

2275 3437 2543 3501 renovati,
2587 3434 2654 3489 ad
2698 3433 2975 3491 Creatoris
3008 3435 3297 3504 imaginem
3328 3431 3808 3496 reformabimur,se-

2275 3530 2509 3585 etmdum
2531 3528 2775 3600 Apostoli
2792 3528 2995 3585 dictum
3032 3545 3046 3583 :
3072 3527 3234 3585 Eauti
3248 3537 3468 3583 veterem
3495 3526 3718 3581 hominem
3730 3531 3807 3574 cum

2275 3624 2472 3680 actibus
2493 3624 2624 3689 suis,
2657 3635 2703 3677 et
2731 3623 2899 3678 induti
2922 3639 3109 3679 novum
3135 3640 3271 3692 eum,
3300 3625 3392 3695 qui
3415 3624 3668 3679 innovatur
3692 3615 3750 3692 (4)
3774 3614 3811 3666 in

2278 3721 2590 3794 agnitionem
2611 3717 2709 3775 Dei
2729 3720 3012 3775 secundum
3040 3719 3314 3793 imaginem
3338 3723 3454 3794 ejus
3472 3719 3555 3791 qui
3583 3713 3740 3771 crearit
3761 3707 3811 3781 ω

2280 3821 2396 3868 eum
2428 3812 2651 3886 (Coloss.
2679 3828 2758 3879 ιιι,
2783 3813 2819 3869 9
2852 3823 2898 3867 et
2922 3812 3036 3886 10).
3061 3812 3490 3869 Consummatur
3524 3804 3813 3881 itaquehomo

2281 3907 2457 3979 imago
2485 3906 2599 3964 Dei.
2625 3906 2865 3979 Namque
2893 3906 3190 3963 conformis
3219 3906 3449 3965 eﬂ‘ectus
3476 3907 3652 3979 gloriae
3672 3909 3813 3968 corpo-

2281 3999 2357 4057 ris
2389 4001 2506 4071 Dci,
2552 4001 2607 4057 in
2638 4000 2928 4074 imaginem
2979 4003 3257 4060 Creatoris
3300 4002 3541 4070 excedit,
3587 3993 3814 4057 secundum

2356 4160 2439 4239 (ᾇ)
2480 4160 2631 4239 lViliil
2653 4171 2799 4239 extra
2820 4163 3062 4239 est,_sine
3087 4181 3160 4239 se.
3191 4235 3202 4239 _
3739 4228 3749 4239 ,

2354 4232 2437 4307 (4)
2475 4232 2545 4289 In
2571 4235 2849 4308 agnitione.
2879 4234 3001 4292 Mox
3031 4235 3296 4293 omittitur
3320 4254 3445 4293 eum
3472 4242 3590 4310 post
3612 4232 3779 4289 crearit.

2268 4392 2323 4432 ιι.
2358 4376 2431 4432 4:
2468 4375 2618 4451 Quod
2653 4384 2844 4443 autem,
2900 4376 3092 4449 inquit,
3139 4378 3379 4451 spiritale
3432 4378 3565 4435 dixit
3604 4366 3819 4451 corpusut

2270 4450 2643 4524 resurrectione
2693 4451 2951 4524 futurum,
2976 4447 3105 4524 :non
3133 4447 3417 4524 propterea
3464 4449 3721 4524 putandum
3751 4447 3817 4501 διν

2271 4520 2407 4592 quod
2437 4537 2538 4574 non
2563 4520 2775 4593 corpus,
2804 4520 2895 4575 sed
2924 4520 3143 4591 spiritus
3163 4524 3261 4577 erit
3282 4540 3301 4578 .°
3325 4524 3420 4580 sed
3442 4520 3661 4593 spiritale
3682 4523 3817 4581 carpit!

2274 4593 2412 4647 omni
2450 4592 2602 4647 modo
2635 4594 2844 4667 spiritui
2871 4594 3133 4667 subditum
3169 4595 3295 4650 dicit
3322 4596 3441 4651 sine
3466 4592 3636 4667 aliqua
3660 4598 3821 4667 congr-

2275 4667 2412 4720 tione
2437 4666 2517 4720 vel
2566 4654 2749 4739 morte.
2799 4664 3441 4739 lluicinterpretationi.
3488 4654 3576 4739 uti
3601 4665 3696 4733 jam
3719 4654 3817 4739 vidi:

2276 4752 2416 4810 tuus,
2441 4738 2711 4794 consentit
2738 4746 2921 4792 noster
2949 4737 3200 4810 Hilarius,
3222 4739 3336 4810 nisi
3368 4736 3516 4810 quod
3552 4735 3818 4806 Augusutms

2196 4808 2516 4881 Dspiritale
2542 4824 2746 4881 corpus,
2791 4809 3054 4881 intelligat
3099 4808 3621 4881 subditum'spiritui
3664 4810 3818 4881 nostri»

2278 4870 2368 4935 ille
2394 4880 2596 4936 divino.
2632 4870 2785 4937 Unde
2812 4880 2863 4934 in
2896 4870 3038 4936 Psal.
3073 4896 3152 4942 ιχ,
3187 4898 3239 4935 ιι.
3271 4879 3326 4945 4,
3363 4870 3602 4952 θὶιίιυοά
3630 4892 3707 4948 ρετ
3730 4870 3819 4952 διξθο

2268 4952 2861 5024 jectionemobedientite
2890 4952 3073 5024 (Deo),
3127 4953 3182 5007 in
3239 4943 3726 5024 diuinam-naturam
3754 4943 3823 5024 Ιιτιτ

2275 5019 2443 5079 inuno:
2487 5024 2852 5098 assumptionis
2894 5019 3223 5098 absorbeatur
3272 5026 3571 5096 infirmitas.
3616 5019 3822 5098 Remane!

2277 5108 2457 5170 autem
2485 5097 2627 5167 quod
2659 5093 2842 5170 obcdit
2874 5114 2900 5170 :_
2920 5095 3014 5151 sed
3044 5112 3150 5152 non
3186 5093 3437 5170 remanet
3469 5093 3709 5151 naturalis
3724 5102 3821 5170 cott-

2276 5167 2411 5223 ditio
2435 5166 2635 5236 carnis,
2653 5169 2768 5223 sive
2793 5166 3088 5233 utdicitur,
3118 5184 3173 5222 n.
3224 5167 3341 5223 40:
3393 5170 3584 5224 terreni
3625 5166 3823 5236 corporis;

2276 5241 2359 5294 cui
2383 5255 2448 5294 ex
2477 5256 2537 5295 se
2565 5231 2839 5309 corruptio
2870 5239 3048 5294 debita
3077 5231 3160 5296 est
3188 5259 3201 5295 ε
3237 5249 3298 5295 ιιι
3337 5241 3393 5296 in
3443 5231 3722 5296 naturalem
3756 5231 3826 5284 Dei

2277 5312 2643 5368 conditionem
2686 5321 2944 5381 transeat,
2995 5312 3359 5385 corruptionis
3413 5327 3634 5384 prorsus
3676 5315 3827 5377 expet-

2277 5389 2406 5439 tem.

2352 5455 2417 5528 (ἱ)
2453 5455 2733 5524 Vat.,bas.
2767 5471 2873 5512 ms.
2897 5455 2949 5511 i'n
2983 5455 3113 5512 Deo.
3144 5455 3295 5513 Unus
3322 5455 3481 5513 Colb.
3508 5464 3562 5513 et
3586 5455 3709 5511 alter
3732 5448 3827 5506 Sor-

2280 5526 2408 5601 bon.
2441 5531 2494 5582 in
2521 5545 2578 5583 eo
2608 5530 2841 5601 profecit.
2880 5529 2976 5585 llic
3001 5536 3186 5585 notatu
3215 5529 3441 5601 dignum
3469 5538 3572 5594 est,
3592 5528 3674 5601 qui
3696 5529 3829 5601 ιιοεςςτ

2280 5599 2435 5672 homo
2457 5615 2484 5653 a
2518 5592 2675 5657 nobis
2699 5592 3061 5672 distinguatur
3094 5618 3107 5657 :
3136 5612 3195 5656 ut
3220 5592 3470 5658 ndstrunt
3499 5592 3745 5656 hominem
3762 5592 3826 5646 di-

2278 5682 2369 5746 cat
2398 5671 2632 5746 llilarius
2664 5671 2911 5746 naturam
2942 5689 2971 5728 a
3004 5671 3221 5729 Christo
3250 5685 3603 5746 assumptam.
3799 5730 3812 5742 ,

2350 5740 2522 5816 (ᾒΑΙη
2545 5745 2935 5816 vetustioribus
2966 5760 3097 5802 mss.
3127 5761 3235 5801 non
3266 5740 3457 5802 exstat
3493 5762 3603 5800 eum
3640 5754 3717 5816 :_c
3740 5740 3830 5805 qui-

2272 5812 2616 5888 bus'Martin.
2650 5827 2808 5874 antea
2836 5816 3021 5888 habet,
3052 5816 3247 5875 Exuite
3286 5828 3506 5876 veterem
3552 5813 3828 5871 hominem...

2269 5896 2320 5942 et
2349 5886 2564 5943 induite.
