3996 6330
192 343 283 403 455
1340 328 1428 387 DE
1456 325 1837 388 TRINITATE
1880 327 2090 386 LIBER
2128 328 2243 387 XII.

3334 334 3456 393 134

191 457 468 531 dispositam
497 451 650 525 primi
683 449 915 507 hominis
961 448 1355 522 ﬁgurationem.
1386 448 1455 504 Et
1476 455 1595 521 post
1623 461 1749 519 pec-
1773 446 1830 511 Α
1926 446 2104 500 denter
2128 446 2447 503 demonstrat
2469 446 2768 519 Sapientia,
2797 464 2916 504 cum
2948 464 3052 505 non
3078 449 3232 507 modo
3254 467 3312 507 se
3334 460 3456 509 ante

188 567 344 615 catum
367 559 697 619 veteremque
728 547 1024 613 hominem,
1056 546 1110 602 in
1154 544 1480 618 agnitionem
1516 544 1609 601 Dei
1642 558 1743 600 no-

186 664 274 707 vus
297 646 444 701 homo
468 640 655 707 factus,
702 638 1106 696 constitutionis
1141 652 1254 695 suae
1285 636 1490 695 obtinet
1533 636 1739 709 perlec-

188 743 383 804 tionem,
413 748 703 808 agnoscens
731 734 894 790 Deum
916 748 1095 801 suum,
1121 742 1175 789 et
1198 747 1293 803 per
1313 732 1367 788 id
1393 731 1569 804 imago
1589 730 1742 802 ejus:

185 848 230 896 et
255 846 339 907 per
363 831 663 904 religionem
694 830 981 902 proﬁciens
1008 828 1075 884 ad
1116 828 1498 898 :cternitatem,
1554 834 1609 884 et
1648 840 1745 899 per

184 934 505 995 :clernitatem
530 929 804 987 Creatoris
828 929 910 985 sui
942 930 1116 999 imago
1146 942 1454 983 mansurus.

394 1085 747 1162 407.403
784 1085 993 1144 LIBER
1033 1080 1497 1141 nuonscmus.

181 1208 406 1266 Adversas
429 1204 674 1260 solemnia
716 1203 1077 1261 haereticorum
1109 1199 1288 1269 effata,
1329 1199 1445 1255 Non
1467 1198 1569 1256 fuit
1591 1205 1745 1255 ante—

240 1316 382 1374 quam
414 1305 744 1365 nasceretur,
788 1305 862 1363 et,
911 1296 985 1351 De
1030 1310 1139 1350 non
1183 1291 1521 1349 exstantibus
1571 1290 1745 1347 lactus

237 1402 329 1461 est,
364 1401 602 1449 (sternam
641 1390 967 1458 divinumque
989 1387 1176 1444 Christi
1202 1386 1517 1442 nativitatem
1553 1393 1739 1442 tuetur.

239 1488 299 1543 Et
319 1488 416 1542 illis
438 1485 643 1557 quidem
687 1484 970 1540 volentibus
1005 1492 1294 1538 creaturam
1319 1498 1434 1537 eum
1465 1498 1593 1549 esse,
1621 1481 1745 1552 quia

236 1580 361 1636 dese
397 1579 676 1651 Sapientiae
727 1580 930 1634 nomine
972 1577 1180 1643 dixerit,
1227 1576 1490 1632 Dominus
1540 1574 1746 1632 creavit

236 1690 330 1741 me,
357 1674 540 1729 resistit
571 1672 845 1739 Hilarius;
871 1673 924 1728 1°
947 1674 1069 1745 quia
1107 1672 1294 1728 colitur
1334 1670 1587 1738 Christus,
1625 1685 1743 1725 cum

237 1771 400 1825 vetitus
425 1772 488 1824 sit
517 1769 685 1824 cultus
705 1776 992 1835 creaturas;
1020 1767 1085 1822 2°
1128 1767 1254 1838 quia
1297 1775 1481 1822 cuncta
1507 1781 1597 1836 per
1624 1780 1741 1821 eum

235 1863 422 1919 condita
446 1874 586 1930 sunt,
634 1872 681 1918 et
728 1862 997 1934 proprium
1027 1861 1072 1918 ei
1111 1859 1368 1917 Creatoris
1392 1869 1484 1931 .est
1529 1875 1744 1927 nomen;
1774 1861 1823 1924 B

238 1958 288 2015 5°
310 1957 421 2029 quia
450 1962 502 2013 in
528 1974 647 2012 eum
678 1974 779 2013 non
808 1960 946 2012 cadit
974 1968 1028 2013 ut
1078 1966 1267 2029 speret,
1335 1966 1388 2012 ut
1428 1957 1635 2022 serviat,
1684 1963 1741 2011 ut

238 2071 324 2110 non
345 2065 520 2127 sponte
564 2054 824 2126 subjectus
871 2055 955 2120 sit,
1000 2064 1055 2110 ut
1095 2054 1388 2110 liberandus
1417 2053 1483 2109 sit
1512 2068 1531 2108 :
1560 2052 1741 2124 quibus

238 2150 435 2205 obnoxia
456 2159 549 2218 est,
580 2151 863 2207 secundum
888 2152 1216 2224 Apostolum,
1250 2154 1417 2209 omnis
1463 2164 1742 2221 creatura;

239 2245 292 2301 4°
311 2246 423 2313 quia
450 2261 565 2300 cum
596 2248 768 2318 forma
804 2245 903 2301 Dei
931 2248 997 2303 sit
1037 2256 1223 2302 natura
1249 2246 1370 2318 Dei,
1413 2249 1457 2304 si
1506 2246 1743 2304 Christus

234 2339 454 2410 informa
474 2340 577 2397 Dei
604 2359 817 2400 manens
848 2354 1085 2402 creatura
1114 2355 1209 2411 est,
1243 2347 1338 2401 erit
1365 2363 1563 2418 quoque
1584 2345 1743 2402 Pater

234 2445 483 2503 creatura;
514 2439 578 2493 5°
604 2441 726 2512 quia
758 2439 906 2495 Patri
952 2450 1001 2496 et
1030 2439 1170 2497 Filio
1199 2442 1415 2515 wqualis
1458 2441 1625 2497 honor
1668 2450 1742 2497 est

234 2527 558 2600 deferendas;
604 2532 669 2588 δυ
716 2535 839 2605 quia
877 2532 1033 2589 Pater
1081 2534 1216 2591 uteri
1263 2535 1469 2591 nomine
1515 2534 1667 2590 illum
1716 2551 1744 2590 e

232 2626 425 2695 prapria
449 2628 742 2683 substantia
769 2646 880 2685 sese
906 2631 1140 2704 genuisse
1162 2632 1419 2704 signiﬁcat
1444 2646 1464 2686 :
1488 2640 1743 2705 postremo

231 2718 339 2787 quia
365 2736 619 2790 nusquam
640 2738 754 2776 eum
782 2721 939 2778 Pater
967 2724 1067 2778 nisi
1098 2725 1367 2797 praprium
1413 2722 1613 2779 Filium
1648 2739 1745 2793 ap—

231 2812 393 2881 pellat,
417 2831 508 2869 nec
535 2815 630 2870 ille
659 2814 821 2869 Deum
849 2817 950 2872 nisi
975 2818 1245 2889 proprium
1291 2817 1517 2873 Patrem.
1553 2815 1745 2873 Contra

229 2907 311 2961 alii
334 2907 458 2964 Filii
478 2911 844 2985 signiﬁcantur
881 2914 1027 2985 facti,
1077 2930 1177 2968 non
1216 2914 1355 2980 nati;
1395 2930 1488 2969 nec
1526 2928 1745 2984 usquam

231 3004 540 3075 praprietatis
568 3006 777 3062 nomine
821 3007 1099 3063 donantur.
1151 3006 1252 3063 Ubi
1297 3009 1434 3063 enim
1461 3008 1533 3063 ait
1576 3006 1740 3075 Deus,

229 3094 380 3155 Filios
404 3102 600 3172 genui,
632 3120 736 3159 non
759 3103 909 3159 addit
932 3117 1102 3160 meos.
1127 3102 1221 3158 Ita
1243 3120 1359 3160 vero
1384 3104 1527 3170 dicit,
1574 3101 1743 3160 Filius

227 3205 363 3248 meus
391 3195 785 3269 primogenitus
816 3197 1001 3263 Israel,
1044 3207 1099 3252 ut
1127 3211 1283 3255 meus
1331 3198 1387 3253 in
1432 3196 1745 3270 primogeni-

228 3293 342 3351 tum,
373 3305 474 3345 non
501 3292 558 3346 in
582 3289 782 3347 Filium
804 3293 976 3348 cadat.

168 3373 343 3434 Deinde
368 3384 706 3439 aeternitatem
732 3385 939 3459 attingit
964 3386 1244 3442 nativitatis
1270 3384 1483 3456 Christi,
1515 3405 1550 3443 a
1592 3394 1744 3444 caste-

224 3488 384 3529 rarum
406 3492 583 3533 rerum
623 3479 821 3553 origine
861 3496 919 3535 eo
967 3477 1271 3550 differentis,
1317 3483 1456 3554 quod
1497 3484 1604 3539 illa:
1654 3500 1746 3558 per

226 3581 418 3623 causam
446 3587 564 3640 quia
593 3588 658 3627 ea:
685 3572 847 3628 nihilo
888 3574 970 3639 sit,
1026 3582 1076 3631 et
1119 3584 1233 3646 post
1260 3584 1459 3647 tempus
1496 3594 1596 3650 quo
1640 3595 1745 3634 non

224 3659 422 3731 fuerint,
445 3666 618 3737 fiant;
663 3666 774 3737 ipse
796 3682 915 3723 vero
941 3685 1055 3724 cum
1080 3685 1144 3724 ex
1164 3686 1222 3725 eo
1251 3673 1317 3725 sit
1347 3672 1435 3743 qui
1461 3683 1555 3741 est,
1586 3689 1746 3745 neque

223 3767 317 3808 non
338 3757 647 3829 aliquando,
674 3776 836 3833 neque
874 3778 938 3817 ea:
978 3776 1137 3818 causa
1175 3763 1339 3819 nihilo
1376 3780 1619 3837 umquam
1654 3767 1746 3823 ob-

222 3850 366 3904 noxia
383 3853 565 3922 fuerit.

167 3935 551 4015 Objectantibus,
586 3947 652 4004 Si
676 3958 825 4006 natus
877 3961 968 4016 est,
1013 3952 1289 4024 aliquando
1324 3971 1425 4010 non
1478 3956 1612 4027 fuit;
1641 3973 1744 4012 non

219 4037 340 4090 enim
362 4038 462 4109 fuit
508 4052 786 4115 antequam
812 4055 1103 4101 nasceretur
1131 4063 1149 4101 :
1180 4047 1492 4117 Respondet,
1545 4049 1743 4106 Filium

222 4129 276 4181 ab
299 4141 488 4189 azterno
512 4134 680 4192 Patre
707 4146 902 4205 natum,
930 4140 1142 4209 perinde
1165 4149 1413 4196 aeternum
1435 4160 1561 4198 esse.

161 4218 227 4274 Ad
246 4224 293 4277 id
318 4230 456 4299 quod
483 4241 762 4300 reponunt,
799 4232 962 4287 Omne
983 4234 1120 4304 quod
1152 4244 1329 4289 natum
1353 4247 1445 4304 est,
1474 4253 1575 4292 non
1602 4239 1700 4309 fuit
1723 4255 1742 4304 ;

219 4319 326 4386 quia
350 4323 401 4374 in
433 4324 487 4376 id
511 4335 692 4380 natum
718 4335 788 4379 est
818 4335 874 4379 ut
896 4336 1020 4382 esset
1053 4343 1072 4381 :
1109 4326 1205 4382 hoc
1240 4327 1304 4381 de
1330 4327 1481 4384 rebus
1507 4329 1744 4386 humanis

221 4422 463 4486 concedit,
498 4429 656 4495 negat
684 4421 746 4477 de
772 4421 979 4489 divinis,
1005 4422 1059 4476 in
1102 4422 1285 4492 quibus
1331 4431 1390 4477 ut
1429 4440 1628 4496 semper
1669 4436 1744 4481 est

223 4512 390 4583 Pater,
418 4516 495 4572 ita
524 4527 573 4573 et
599 4532 798 4588 semper
825 4526 901 4571 est
935 4514 1103 4571 Filius
1138 4533 1157 4571 :
1191 4520 1338 4591 cujus
1364 4518 1603 4574 nativitas
1629 4536 1744 4576 cum

216 4618 324 4664 ante
345 4621 584 4683 tempora
625 4620 819 4667 (eterna
854 4610 941 4676 sit,
986 4626 1077 4667 nec
1105 4609 1324 4681 tempori
1352 4610 1599 4685 subjacet,
1650 4628 1744 4669 nec

215 4713 378 4758 nostra
404 4708 607 4760 sensui.

156 4789 342 4851 Instant
369 4815 388 4853 :
410 4799 481 4879 Si
511 4816 616 4854 non
644 4800 923 4874 percipitur
943 4816 1044 4855 non
1065 4800 1227 4871 fuisse
1251 4810 1527 4871 antequam
1569 4810 1741 4867 natus,

216 4891 503 4949 sentiendus
534 4902 610 4948 est
651 4904 801 4949 natus
822 4910 931 4949 esse
958 4895 1193 4965 quierat.
1238 4895 1439 4963 Quibus
1475 4897 1743 4970 responsio

215 4998 301 5051 est,
358 5005 476 5044 eum
506 4991 597 5063 qui
650 4998 803 5045 natus
850 4990 1184 5059 praedicatur,
1241 5006 1344 5045 non
1372 4992 1571 5064 percipi
1600 4992 1746 5064 prius

216 5080 367 5149 fuisse
391 5099 411 5148 ;
438 5084 578 5139 sicut
598 5099 690 5138 nec
712 5082 930 5156 intelligi
967 5082 1251 5155 aliquando
1288 5099 1391 5139 non
1434 5084 1616 5157 fuisse,
1662 5085 1749 5157 qui

216 5189 408 5248 semper
439 5187 601 5232 natus
619 5177 857 5234 sentitur.

157 5261 322 5337 Neque
346 5271 607 5342 efﬁcacius
636 5270 805 5327 Deum
829 5288 933 5326 non
963 5287 1162 5343 semper
1188 5280 1386 5346 patrem
1425 5272 1585 5343 fuisse
1625 5289 1749 5329 con-

215 5360 446 5432 ﬁngunt;
486 5363 536 5418 si
577 5364 780 5435 quidem
822 5380 888 5419 ea:
926 5363 1243 5430 Salomonis,
1287 5363 1459 5418 David
1500 5373 1546 5419 et
1587 5363 1748 5422 Pauli

215 5456 369 5512 verbis
391 5474 497 5513 non
523 5458 765 5532 ambigua
789 5467 863 5514 est
883 5457 1012 5513 Filii
1032 5460 1311 5517 ceternitas.
1346 5458 1495 5515 Hanc
1529 5461 1604 5516 ita
1645 5461 1749 5517 evi-

218 5574 288 5647 (a)
316 5578 666 5634 Veteri-imus
705 5578 873 5634 codex
918 5577 1088 5634 Vatic.
1113 5577 1228 5633 bas.
1273 5591 1487 5632 necnon
1523 5576 1753 5645 Tellcr.,

153 5641 376 5719 Be‘migu
401 5649 620 5705 Theod.
645 5666 707 5706 ac
733 5651 958 5705 Cisterc.
982 5651 1086 5706 hoc
1107 5665 1216 5719 prae
1239 5664 1297 5705 se
1324 5647 1504 5705 ferunt
1521 5641 1756 5706 initium":

1920 539 2109 596 sarcula
2134 540 2425 613 fundatam,
2457 539 2547 596 sed
2567 550 2615 598 et
2642 550 2848 599 (eterna:
2880 559 3053 599 rerum
3080 546 3455 617 prteparationi

1917 634 2166 706 adfuisse,
2198 642 2246 691 et
2264 635 2474 706 perinde
2493 636 2694 692 (sternis
2715 644 3024 694 cateternam
3040 654 3154 695 esse
3179 640 3448 697 declarat:

1918 736 1977 783 ut
2022 726 2285 783 Christum
2327 736 2446 784 ante
2488 727 2714 786 Mariam
2758 731 3016 788 exstitisse
3059 731 3277 791 Judteus
3330 733 3452 791 hinc

1919 822 2149 877 convinci
2188 821 2344 895 facile
2375 823 2554 893 possit.

1847 913 2078 979 Moveret
2102 918 2235 987 forte
2261 916 2399 987 quod
2424 924 2650 972 creatam
2679 933 2733 974 se
2761 917 2920 987 dicat,
2952 918 3051 974 nisi
3090 935 3144 975 se
3169 919 3374 977 doceret
3397 930 3450 978 et

1918 1011 2161 1082 genitam.
2187 1007 2369 1084 Neque
2396 1028 2514 1068 vero
2538 1012 2763 1085 idipsum
2790 1014 2989 1071 duobus
3032 1014 3195 1071 verbis
3242 1016 3447 1089 signifi-

1919 1120 2062 1160 casse
2088 1104 2434 1161 existimanda
2459 1114 2556 1176 est,
2584 1121 2700 1176 qua:
2741 1117 2966 1163 creatam
3006 1123 3060 1164 se
3098 1125 3191 1182 per
3214 1125 3446 1182 casuum,

1923 1210 2042 1258 ante
2069 1218 2282 1257 causam
2309 1210 2481 1258 autem
2498 1204 2727 1276 genitam
2756 1204 3047 1275 proﬁtetur.

1846 1293 1939 1352 Ita
1958 1295 2114 1350 etiam
2156 1295 2278 1350 dum
2308 1294 2521 1352 Patrem
2549 1295 2727 1351 arandi
2757 1297 3116 1370 fabricatore»:
3142 1313 3252 1354 esse
3279 1299 3447 1368 docet,

1919 1390 2135 1460 impium
2159 1389 2308 1445 illum
2354 1405 2559 1445 sensum
2604 1399 2798 1458 enecat,
2830 1407 2933 1463 quo
2977 1392 3144 1463 ipsam
3188 1393 3244 1447 in
3294 1408 3455 1464 opera

1924 1494 2150 1540 creatam
2177 1486 2250 1541 ita
2278 1486 2701 1558 interpretantur,
2734 1493 2789 1542 ut
2814 1487 2991 1542 sceculi
3018 1485 3265 1558 efﬁciendi
3294 1503 3451 1544 causa

1919 1577 2155 1634 Christus
2188 1579 2411 1649 primum
2437 1578 2645 1647 effectus
2682 1580 2749 1634 sit
2794 1596 2815 1637 :
2861 1594 2977 1635 cum
3016 1596 3118 1635 non
3146 1580 3450 1648 nativitatis,

1918 1673 2010 1729 sed
2034 1674 2433 1746 dispensationis
2458 1690 2566 1731 sua:
2584 1684 2816 1746 respectu
2842 1674 3080 1731 Christus
3101 1674 3271 1731 dictus
3299 1676 3367 1730 sit
3392 1676 3450 1731 in

1919 1782 2076 1837 opera
2100 1776 2336 1834 creatus;
2357 1783 2509 1837 quam
2534 1766 2741 1838 quidem
2765 1767 3204 1838 dispensationem
3244 1766 3310 1821 ab
3346 1766 3450 1822 ini-

1922 1864 1993 1919 tio
2013 1863 2190 1919 seculi
2211 1862 2412 1931 obierit,
2444 1863 2570 1917 dum
2590 1878 2679 1933 per
2706 1871 3025 1935 assumptum
3057 1862 3214 1918 varice
3231 1861 3451 1919 creatio-

1921 1957 2002 2012 uis
2029 1958 2249 2027 speciem
2272 1955 2420 2023 Adae,
2452 1954 2603 2023 Cain,
2644 1954 2791 2024 Abel,
2815 1953 2956 2025 Noe,
3003 1956 3167 2030 Agar,
3206 1954 3450 2022 Abrahat,

1922 2049 2117 2121 Moysi,
2141 2048 2304 2103 Jacob
2325 2047 2543 2122 aliisque
2563 2048 2808 2104 Patribus
2822 2065 2876 2105 se
2895 2048 3291 2122 conspicabilem
3312 2065 3452 2122 prte-

1919 2145 2047 2201 buit.
2082 2142 2183 2198 Hic
2209 2145 2501 2217 attingitur,
2526 2160 2689 2216 neque
2712 2145 2945 2215 reficitur
2977 2154 3033 2199 ut
3060 2144 3242 2217 impia,
3272 2144 3364 2201 sed
3387 2152 3447 2200 ut

1917 2238 2144 2305 indocta,
2175 2238 2518 2308 quorumdam
2542 2239 2914 2312 interpretatio,
2936 2239 3023 2310 qui
3043 2247 3288 2295 aeternam
3312 2253 3448 2311 quo-

1915 2349 2012 2404 que
2029 2332 2345 2388 nativitatem
2364 2333 2431 2390 ibi
2453 2342 2680 2390 creatum
2701 2348 2761 2390 ea
2776 2334 2885 2405 fere
2900 2334 3098 2390 ratione
3118 2332 3221 2388 dici
3235 2343 3451 2408 putant,

1916 2452 2016 2509 qua
2040 2434 2300 2493 Christum
2323 2451 2388 2492 ea:
2432 2435 2604 2491 Maria
2623 2451 2737 2491 vere
2782 2432 2978 2501 natum,
3031 2438 3227 2507 factum
3279 2442 3447 2488 tamen

1920 2532 2124 2589 Paulus
2152 2532 2494 2605 praedicarit:
2534 2540 2592 2588 ut
2631 2532 2877 2589 nimirum
2912 2530 3078 2587 omnis
3125 2529 3181 2585 in
3226 2543 3448 2601 genera-

1845 2644 1870 2677 ιι
1919 2628 2057 2684 tione
2080 2626 2222 2684 illius
2247 2627 2501 2699 passionis
2528 2626 2700 2700 Opinio
2748 2634 3064 2682 amoveatur.
3090 2620 3322 2678 Tandem
3351 2618 3451 2675 Hi-

1920 2721 2084 2777 larius
2108 2723 2427 2796 canfessione
2447 2721 2572 2792 ﬁdei
2591 2736 2698 2776 sum
2721 2720 2785 2777 de
2801 2718 2984 2788 Patre,
3011 2715 3156 2773 Filio
3171 2724 3220 2773 et
3240 2713 3445 2788 Spiritu

1920 2817 2114 2874 Sancto
2135 2816 2323 2874 librum
2347 2817 2482 2872 hunc
2501 2833 2564 2870 ac
2585 2824 2746 2872 totum
2775 2831 2906 2887 opus
2930 2812 3166 2870 absolvit.

1920 2912 1974 2967 1.
1998 2911 2163 2986 409
2185 2911 2313 2985 Ipsa
2341 2911 2699 2968 hereticorum
2728 2909 2926 2985 objecta
2953 2908 3146 2964 ducunt
3169 2903 3237 2961 ad
3257 2903 3447 2961 verita-

1848 3010 2076 3077 tem.'.—-
2131 3006 2205 3080 (a)
2251 3006 2544 3064 Tendimus
2594 3003 2834 3075 tandem,
2868 3004 2982 3076 jam
3023 3008 3211 3058 sancto
3240 2997 3448 3068 Spiritu

1848 3109 2228 3173 prosequente,
2258 3101 2327 3157 ad
2372 3108 2546 3156 tutum
2583 3114 2788 3157 secura:
2816 3097 2943 3154 ﬁdei
2987 3093 3448 3167 tranquillumque

1847 3202 2084 3265 portum.
2117 3196 2293 3268 Atque
2330 3195 2406 3251 ita
2450 3204 2508 3249 ut
2542 3192 2713 3249 multo
2750 3191 2888 3247 mari
2930 3197 3197 3260 ventoque
3230 3183 3448 3258 iactatis

1772 3277 1818 3341 C
1850 3287 2096 3345 accidere
2124 3280 2423 3360 smpissime
2448 3288 2607 3355 solet,
2634 3294 2696 3343 ut
2715 3300 2838 3343 cum
2864 3298 2960 3342 eos
2996 3282 3139 3340 circa
3164 3293 3290 3337 oras
3314 3292 3445 3350 por-

1851 3390 2003 3438 tuum
2032 3383 2274 3456 impediti
2305 3389 2360 3440 et
2378 3398 2576 3457 graves
2591 3381 2788 3439 ﬂuctus
2803 3392 3209 3450 nonnumquam
3226 3388 3449 3433 moren-

1847 3486 1955 3546 tur,
1996 3477 2063 3535 ad
2110 3478 2355 3535 ultimum
2393 3478 2446 3534 in
2477 3485 2661 3533 notam
2706 3475 2810 3532 sibi
2849 3474 3120 3544 ﬁdamque
3157 3469 3448 3527 stationem

1847 3575 1963 3646 ipse
1994 3574 2084 3630 ille
2127 3574 2358 3646 ingentis
2386 3572 2751 3645 terribilisque
2786 3569 2947 3626 undas
2983 3576 3149 3625 aestus
3179 3564 3443 3637 impellat.

1847 3668 2001 3738 Quod
2030 3669 2208 3737 nobis,
2231 3676 2291 3724 ut
2318 3682 2502 3740 spero,
2533 3665 2856 3723 duodecimo
2878 3663 2983 3720 hoc
3009 3661 3299 3719 adversum
3337 3657 3451 3714 has-

1847 3765 2069 3822 reticam
2111 3771 2487 3836 tempestatem
2535 3760 2832 3819 nitentibus
2860 3758 3000 3816 libro
3036 3758 3354 3827 continget:
3388 3760 3449 3809 ut

1846 3874 1970 3916 cum
2001 3859 2055 3915 in
2082 3872 2150 3915 eo
2173 3858 2505 3931 gravissimae
2533 3855 2826 3926 impietatis
2852 3852 3039 3909 ﬂuctui
3057 3848 3444 3909 communitam

1847 3954 2069 4027 puppim
2101 3954 2311 4019 damus,
2338 3954 2454 4025 ipse
2480 3951 2573 4007 ille
2603 3964 2701 4006 nos
2719 3950 2915 4005 ﬂuctus
2939 3947 3008 4003 ad
3030 3954 3226 4018 optatae
3247 3941 3448 4016 quietis

1845 4048 2025 4104 sinum
2058 4046 2309 4103 devehat.
2341 4043 2604 4101 Omnibus
2623 4044 2768 4099 enim
2798 4042 3007 4097 incerto
3032 4038 3296 4096 doctrina:
3316 4051 3448 4093 ven-

1847 4151 1902 4198 to
1929 4140 2294 4207 circumactis,
2353 4138 2479 4195 hinc
2527 4145 2723 4202 metus,
2763 4135 2891 4192 hinc
2950 4133 3276 4206 periculum,
3319 4130 3448 4188 hinc

1847 4236 2011 4293 etiam
2034 4249 2180 4308 smpe
2205 4232 2539 4305 naufragium
2567 4241 2672 4299 est,
2694 4230 2819 4303 quia
2844 4228 3159 4302 unigenitus
3180 4228 3322 4284 Deus
3343 4225 3447 4283 sub

1847 4330 2162 4405 prophetica
2199 4327 2521 4384 auctoritate
2554 4332 2803 4383 creatura
2845 4336 2970 4382 esse
3016 4320 3353 4379 defenditur:
3385 4327 3449 4377 ut

1847 4426 1903 4482 in
1932 4440 2001 4482 eo
2041 4438 2150 4481 non
2181 4423 2251 4480 sit
2272 4422 2547 4490 nativitas,
2578 4419 2676 4477 sed
2704 4418 2930 4486 creatio,
2959 4418 3084 4490 quia
3113 4433 3184 4474 ex
3212 4430 3446 4489 persona

1845 4519 2136 4592 Sapientia:
2162 4517 2366 4575 dictum
2393 4524 2497 4585 est,
2523 4514 2772 4571 Dominus
2801 4514 2989 4571 creavit
3010 4529 3088 4569 me
3109 4512 3315 4569 initium
3336 4510 3451 4567 via-

1844 4631 1963 4673 rum
2003 4629 2219 4670 suarum
2258 4610 2444 4686 (Prov.
2486 4611 2605 4677 viti,
2639 4607 2760 4681 22).
2785 4605 2861 4682 (b)
2892 4606 2991 4665 Hic
3019 4605 3215 4664 hiemis
3258 4619 3449 4662 eorum

1770 4687 1826 4750 Ῑ)
1851 4710 2121 4767 maximus
2142 4707 2338 4764 ﬂuctus
2358 4714 2463 4775 est,
2481 4705 2600 4762 iure
2617 4705 2843 4760 tortuosi
2863 4702 3097 4760 turbinis
3114 4702 3294 4775 gravis
3304 4700 3449 4758 unda

1846 4812 1964 4862 est:
1991 4819 2111 4877 quae
2137 4809 2366 4874 excepta
2401 4816 2432 4856 a
2455 4799 2634 4865 nobis,
2663 4807 2716 4853 et
2742 4811 2935 4855 securo
2963 4795 3176 4868 navigio
3202 4795 3452 4862 infracta,

1846 4915 2020 4972 usque
2046 4899 2112 4955 ad
2134 4900 2309 4970 ipsum
2327 4909 2429 4954 nos
2448 4893 2778 4953 tutissimum
2809 4900 3025 4966 portum
3054 4884 3223 4965 optati
3250 4889 3451 4952 littoris

1851 4993 2217 5067 prosequitur.

1922 5087 1978 5143 2.
2012 5083 2164 5142 Certa
2202 5085 2267 5141 de
2296 5081 2441 5140 Filio
2468 5081 2592 5154 ﬁdei
2628 5078 2921 5138 veritas.'--
2952 5080 3072 5139 Non
3099 5081 3320 5138 incertis
3356 5095 3455 5137 au-

1854 5189 1960 5237 tem
1989 5194 2167 5252 neque
2192 5178 2404 5245 otiosis,
2436 5186 2720 5234 nautarum
2743 5175 2927 5246 modo,
2959 5176 3186 5233 nitimur
3217 5174 3448 5248 spebus:

1851 5290 1989 5348 quos
2015 5275 2288 5333 interdum
2319 5273 2464 5331 votis
2495 5273 2669 5346 magis
2699 5287 2860 5345 quam
2888 5272 3084 5330 ﬁducia
3112 5260 3451 5343 navigantes,

1849 5370 1971 5443 vagi
2009 5369 2396 5442 instabilesque
2428 5368 2577 5427 venti
2605 5376 2697 5425 aut
2721 5367 2995 5435 deserunt,
3030 5375 3124 5423 aut
3150 5364 3448 5438 depellunt.

1850 5462 2119 5521 Cteterum
2155 5461 2313 5520 nobis
2354 5462 2510 5520 adest
2548 5460 2624 5536 (c)
2653 5459 3031 5534 inseparabilis
3062 5459 3184 5516 ﬁdei
3218 5457 3456 5530 Spiritus

1932 5577 2005 5654 (c)
2033 5576 2201 5649 Editi,
2236 5575 2639 5654 insuperabilis;
2677 5572 3036 5654 renitentibus
3069 5586 3455 5654 _magno_c_on-

1863 5644 2027 5709 sensu
2069 5644 2203 5708 mss.
2235 5650 2335 5707 Hic
2361 5644 2607 5721 quaedam
2639 5654 2724 5701 est
2740 5644 3038 5721 antithesis
3067 5645 3210 5721 inter
3229 5646 3456 5721 spiritus

152 5715 275 5791 Lege
300 5715 463 5781 frater
485 5722 545 5777 in
569 5720 851 5777 Christo'et
877 5738 1083 5777 sensum
1108 5715 1464 5776 accommoda.
1479 5722 1616 5778 Tum
1635 5736 1758 5780 cum
1862 5733 2146 5781 ventorum
2177 5724 2268 5791 qni
2317 5715 2505 5777 nautas
2534 5732 2681 5790 saepe
2722 5718 2996 5785 deserunt,
3026 5726 3083 5773 et
3112 5718 3373 5787 Spiritum
3394 5720 3458 5772 ﬁ-

157 5789 271 5846 aliis
300 5794 533 5861 habent,
572 5792 870 5860 Tendimus,
888 5803 996 5851 etc.

225 5861 297 5936 (b)
326 5864 498 5923 Iidem
548 5880 678 5924 mss.
719 5881 933 5927 necnon
974 5866 1191 5927 Martia.
1239 5865 1329 5924 hic
1366 5868 1682 5938 subtexunt,
1709 5868 1765 5924 in

161 5942 299 6000 apere
327 5950 441 5991 suo.

1867 5797 1953 5852 dei
1984 5796 2078 5869 qui
2105 5811 2136 5852 a
2176 5793 2428 5869 ﬁdelibus
2472 5805 2764 5869 numquam
2814 5798 3117 5869 separatur.
3145 5791 3278 5869 hem
3329 5804 3457 5869 vera

1871 5861 2017 5924 ﬁdcs'
2037 5867 2330 5939 opponitur
2352 5861 2632 5939 pravitati
2655 5862 3056 5939 limi-etinctum,
3089 5864 3179 5934 qui
3227 5861 3462 5939 prophe-

1874 5918 2509 6007 exarassetalem
2541 5933 2806 6007 Spiritum
2832 5918 3073 5992 dividere
3096 5918 3471 5992 inox'ooiivid.
