3996 6330
572 353 679 409 435

1772 347 2016 407 8ᾹΝΟΤΙ
2062 342 2217 405 lllLA
2230 344 2319 405 liii
2364 346 2670 407 EPISCOPI

3709 354 3776 411 {36

573 470 719 525 dono
758 465 1017 539 nnigettiti
1050 466 1143 521 Dei
1184 478 1529 538 permanens,
1573 472 1627 521 et
1657 478 1754 521 nos
1795 462 2168 521 iniit-mutabili
2196 470 2250 530 Α
2344 463 2397 519 4.
2431 462 2665 521 Christus
2683 465 2891 539 prapric
2914 472 3112 518 creator
3130 471 3462 536 nuncupatur.
3490 464 3774 525 -—Parttmtt::

572 576 738 622 cursu
777 558 845 617 ad
883 560 1170 632 tranquilla
1214 558 1520 617 deducens:
1548 558 1666 615 Non
1696 557 1841 615 enim
1884 554 2170 613 Dominum

573 654 847 715 Christum
877 661 1205 719 creaturam,
1238 652 1314 722 (t)
1349 651 1470 720 quia
1500 650 1574 723 (a)
1597 666 1770 721 neque
1796 646 1911 721 ipse
1932 660 2052 715 est;
2080 664 2175 705 ne-

574 763 679 821 que
707 746 990 812 facturam,
1025 744 1146 817 quia
1176 745 1504 801 iacturarum
1532 743 1773 800 omnium
1807 742 1923 813 ipse
1948 748 2031 797 est
2062 734 2173 795 Do-

572 843 789 898 minus:
825 840 919 895 sed
970 840 1136 895 Deum
1177 838 1448 907 novimus,
1483 836 1649 893 Deum
1701 834 1795 892 Dei
1847 834 2015 906 patris
2052 848 2177 903 pro-

572 933 745 1005 priam
774 931 1198 1003 generatiOnem.
1237 928 1345 986 Nos
1371 928 1588 1003 quidem
1624 942 1832 992 omnes,
1876 927 2174 984 secundum

572 1026 835 1085 bonitatis
882 1024 1270 1098 dignationem,
1300 1020 1431 1079 dicti
1458 1024 1828 1096 assumptique
1857 1035 2043 1076 sumus
2081 1019 2176 1077 Dei

574 1120 712 1188 ﬁlii;
744 1116 837 1177 sed
884 1120 972 1176 ille
1023 1132 1183 1173 verus
1222 1130 1359 1173 unus
1410 1120 1546 1190 patri
1592 1117 1701 1174 Deo
1728 1114 1891 1181 illius,
1947 1122 2000 1170 et
2049 1128 2176 1171 vera

576 1224 741 1287 atque
779 1208 1052 1277 absoluta,
1108 1208 1183 1283 (ὁ)
1226 1224 1452 1267 manens
1504 1218 1708 1265 tantum
1756 1207 1811 1263 in
1867 1206 2215 1278 cognitione,

576 1307 881 1377 utriusque,
920 1303 1190 1359 nativitas.
1238 1302 1431 1359 Nostra
1478 1316 1609 1358 vero
1650 1308 1857 1357 tantum
1899 1299 2016 1355 hace
2061 1299 2179 1355 sola

575 1401 767 1473 religio
812 1407 916 1466 est,
948 1394 1143 1453 Filium
1178 1396 1424 1453 confiteri
1455 1410 1563 1451 non
1591 1394 1926 1466 adoptivum,
1958 1390 2055 1450 sed
2084 1408 2178 1448 na-

576 1502 726 1560 tum;
758 1502 935 1564 neqne
979 1492 1231 1559 electum,
1260 1487 1358 1546 sed
1380 1496 1718 1561 generatum.
1750 1486 1865 1543 Non
1900 1484 2044 1543 enim
2086 1494 2181 1541 aut

577 1589 805 1653 factum,
824 1596 913 1643 aut
938 1583 1104 1661 5.10
1119 1601 1224 1640 non
1249 1596 1430 1639 natum
1457 1581 1813 1655 praedicamus
1830 1599 1843 1636 :
1859 1581 1982 1652 quia
2003 1594 2180 1649 neque

576 1681 891 1739 Creatorem
919 1679 1183 1734 creaturis
1207 1689 1606 1747 comparamus,
1631 1688 1805 1745 neque
1843 1672 2177 1728 nativitatem

576 1776 696 1832 sine
726 1774 1077 1846 generatione
1107 1772 1419 1827 mentimur.
1453 1767 1571 1825 Non
1601 1780 1698 1839 per
1728 1781 1789 1823 se
1828 1772 1931 1832 est,
1962 1766 2051 1837 qui
2084 1779 2181 1836 per

579 1866 919 1924 nativitatem
948 1874 1051 1921 est.
1080 1862 1265 1935 Neque
1295 1876 1403 1918 non
1446 1868 1602 1916 natus
1631 1871 1737 1923 est,
1763 1858 1852 1931 qui
1899 1858 2043 1913 illius
2071 1865 2175 1913 est.

578 1959 766 2034 Neque
788 1960 877 2031 qui
902 1959 1043 2015 titius
1062 1966 1165 2025 est,
1196 1956 1356 2013 aliter
1384 1958 1561 2027 potest
1586 1968 1747 2026 quam
1772 1952 2047 2007 nascendo
2061 1962 2185 2006 esse

582 2057 729 2131 quod
758 2052 901 2112 ﬁlius
928 2059 1033 2110 est.

650 2148 704 2207 3.
737 2149 894 2220 Apud
919 2146 1141 2202 Arianos
1169 2153 1363 2217 pugnat
1392 2158 1565 2199 secum
1595 2139 1925 2214 propheticus
1950 2144 2002 2193 et
2028 2152 2184 2193 evan-

579 2243 773 2319 gelicae
795 2240 1045 2310 Spiritus.
1066 2266 1140 2281 -ι
1157 2237 1369 2295 Nemini
1391 2248 1571 2293 autem
1593 2234 1816 2290 dubium
1841 2239 1947 2297 est,
1969 2238 2188 2287 contra-

582 2339 691 2394 rias
741 2348 959 2406 semper
1005 2333 1425 2403 obnitentesque
1475 2327 1769 2401 impietatis
1815 2339 2010 2381 causas
2061 2338 2186 2382 esse

585 2430 765 2488 causis
805 2429 1162 2499 religionum:
1195 2438 1371 2497 neque
1401 2434 1563 2495 posse
1589 2421 1645 2477 id
1671 2421 1763 2492 pie
1788 2419 2013 2490 suscipi,
2041 2415 2187 2489 quod

584 2525 749 2595 itnpie
771 2531 1086 2594 susceptum
1125 2533 1251 2575 esse
1278 2515 1624 2573 decernitur:
1655 2512 1812 2586 (c)It
1833 2522 1929 2566 aut
1956 2511 2012 2565 bi
2040 2522 2186 2567 nunc

582 2617 709 2674 novi
753 2616 1064 2687 apostolicae
1110 2612 1237 2669 ﬁdei
1281 2609 1667 2668 emendatores
1712 2605 2083 2676 evangelicum
2129 2611 2187 2660 et

580 2709 959 2784 preplteticum
992 2707 1257 2778 Spiritum
1282 2703 1339 2759 iu
1381 2703 1505 2758 lites
1532 2699 1797 2765 dividant,
1827 2708 1886 2755 et
1910 2700 1965 2754 in
2007 2695 2184 2769 iurgia

580 2803 900 2875 partiamur;
917 2810 1010 2856 aut
1025 2800 1077 2855 bi
1090 2800 1248 2855 aliter
1263 2794 1725 2869 prophetaverint,
1738 2804 1793 2849 et
1806 2792 1860 2847 lti
1872 2792 2030 2848 aliter
2044 2806 2185 2861 prae.-

581 2898 878 2956 dicaverint
902 2916 913 2951 :
947 2896 1070 2968 quia
1090 2893 1347 2951 Salomon
1381 2891 1449 2947 ad
1468 2899 1733 2946 creatura
1761 2898 1861 2944 nos
1879 2884 2186 2942 veneratio-

581 3009 706 3051 nem
731 3000 908 3057 vocet,
934 2990 1004 3047 Pa
1013 2991 1132 3045 ulna
1148 3002 1280 3044 vero
1299 2987 1597 3043 servientes
1620 2990 1885 3040 creatura:
1904 2989 2180 3049 coarguat.

580 3088 711 3158 Qua:
733 3084 920 3157 utique
941 3096 1047 3139 non
1068 3081 1316 3139 videntur
1339 3079 1441 3135 sibi
1474 3076 1769 3134 secundum
1792 3074 1873 3147 (tl)
1894 3073 2186 3144 impietatis

582 3181 990 3252 intelligentiam
1011 3176 1300 3232 convenire
1322 3172 1469 3244 (Gal.
1494 3188 1533 3235 ι.
1563 3171 1687 3241 15,)
1707 3177 1769 3226 ιιι
1790 3171 2097 3241 Apostolus,
2129 3177 2186 3224 et

2279 559 2455 631 arguit
2482 558 2625 615 hanc
2656 557 2943 630 falsiloquii
2975 558 3329 630 impietatem,
3360 557 3562 630 loquens
3586 561 3632 617 in
3657 560 3778 620 Paulo

2277 652 2527 709 Christus
2559 652 2698 707 Deus
2721 653 2745 706 ?
2771 650 3041 706 Parumne
3068 648 3358 705 demutans
3387 650 3599 708 veritatis
3621 655 3785 710 menda-

2277 745 2419 802 cium
2448 743 2711 801 damnat?
2752 742 2854 799 Per
2882 742 3168 798 Dominum
3200 744 3344 799 enim
3382 740 3622 799 Christum
3655 758 3783 803 treats

2278 839 2456 895 omnia
2482 849 2605 894 sunt
2633 856 2646 893 :
2684 846 2739 894 et
2772 836 2975 893 idcirco
3004 834 3053 892 ei
3083 837 3358 907 proprium
3391 852 3565 892 nomen
3588 842 3787 907 cstle)ttt

2278 941 2491 989 creator
2520 933 2609 988 sit.
2642 931 2755 987 Non
2797 930 2942 986 cadit
2972 930 3027 985 in
3049 944 3175 986 eum
3215 927 3503 985 efﬁcientia:
3530 944 3624 985 sua:
3650 943 3693 987 et
3715 947 3782 988 na-

2280 1034 2402 1081 tura
2434 1034 2490 1081 et
2540 1026 2889 1097 nuncupatio.
2922 1023 3102 1080 Testis
3150 1023 3307 1078 nobis
3348 1033 3428 1079 est
3456 1023 3789 1091 Melchisedech,

2281 1129 2584 1175 creatorem
2612 1117 2736 1174 caeli
2769 1126 2929 1187 atque
2958 1126 3112 1171 terrm
3137 1112 3208 1187 (f)
3245 1114 3407 1170 Deum
3435 1115 3498 1170 ita
3536 1117 3791 1185 praedicans;

2286 1208 2601 1267 Benedictus
2624 1212 2889 1266 Abraham
2912 1207 3023 1264 Deo
3053 1224 3275 1274 summa,
3308 1208 3394 1279 qui
3417 1210 3583 1264 creavit
3607 1211 3795 1265 column

2283 1316 2470 1363 terram
2500 1303 2656 1376 (Gen.
2689 1320 2802 1368 xw,
2830 1303 2941 1376 19).
2969 1302 3147 1359 Testis
3177 1311 3262 1358 est
3280 1310 3334 1359 et
3362 1299 3573 1377 (glasee
3590 1302 3787 1375 propheta

2284 1396 2470 1457 dicens
2495 1416 2508 1453 :
2536 1394 2783 1453 Firmana
2809 1396 3012 1463 caelum,
3038 1403 3087 1451 et
3110 1410 3288 1451 ereans
3313 1402 3492 1449 terram
3514 1410 3595 1467 ego
3611 1393 3796 1450 Dominus

2287 1488 2429 1545 Deus
2456 1498 2596 1557 tuus,
2642 1492 2793 1564 cujus
2840 1504 3023 1545 titanas
3067 1498 3365 1545 creaverunt
3408 1504 3591 1543 omnem
3628 1488 3798 1543 militiam

2281 1582 2575 1657 ctuti(0see,
2600 1600 2716 1653 xm,
2730 1584 2821 1658 Α).
2844 1584 3023 1641 Testis
3042 1597 3096 1641 et
3116 1584 3307 1641 Petrus
3330 1585 3402 1640 ita
3420 1584 3667 1641 scribens:
3688 1584 3798 1652 Quasi

2282 1679 2425 1751 fideli
2441 1681 2659 1735 creatori
2679 1680 3085 1736 commendantes
3131 1678 3330 1736 animos
3368 1690 3546 1735 uestras
3581 1677 3614 1749 (1
3642 1678 3731 1735 Pet.
3748 1694 3796 1745 tv,

2286 1770 2400 1843 19).
2452 1770 2589 1842 Quid
2630 1769 2811 1843 operis
2858 1786 3054 1828 nomen
3110 1773 3292 1843 opiﬁci
3334 1772 3793 1844 imponimuslonitl

2211 1874 2261 1938 Β
2289 1868 2487 1924 nostris
2522 1865 2606 1940 (lt)
2637 1868 2803 1923 Deum
2826 1869 3310 1939 cegnontinamus?
3338 1867 3554 1925 Creator
3573 1865 3799 1941 ﬁnitos-

2286 1971 2371 2020 ter
2398 1972 2506 2027 est.
2535 1972 2755 2019 creator
2778 1964 2954 2019 omnis
2985 1963 3193 2019 militia:
3217 1963 3457 2021 caelestis
3484 1971 3578 2018 est.

2361 2058 2417 2114 5.
2472 2056 2711 2115 Christus
2744 2059 2919 2131 nequit
2961 2058 3064 2114 dici
3110 2068 3347 2114 creatura
3375 2089 3447 2101 —
3488 2054 3602 2114 iitrc
3639 2070 3734 2114 cum
3761 2055 3805 2110 ad

2284 2149 2507 2219 Filium,
2535 2164 2632 2222 per
2656 2166 2816 2223 quem
2849 2150 2984 2207 facta
3016 2158 3143 2207 sunt
3169 2151 3374 2217 omnia,
3407 2150 3673 2222 apostolica
3696 2154 3806 2218 atque

2288 2243 2598 2316 evangelica
2623 2244 2726 2299 (ide
2757 2244 3107 2317 intelligenda
3135 2245 3480 2312 referantur;
3508 2240 3736 2316 quomodo
3752 2241 3805 2295 his

2288 2336 2421 2408 ipsis
2449 2351 2568 2408 quae
2598 2338 2765 2408 gessit
2786 2337 3109 2409 aequabitur,
3135 2347 3190 2393 et
3220 2338 3274 2393 in
3303 2352 3367 2393 ea
3395 2338 3497 2394 erit
3527 2347 3700 2391 natura:
3716 2351 3809 2389 llllll-

2287 2431 2599 2501 cupatione,
2645 2444 2749 2502 qua
2799 2440 2994 2487 cuncta
3049 2429 3114 2504 (i)
3160 2431 3325 2486 sunt?
3378 2430 3605 2487 Primum
3650 2427 3804 2499 quidem

2288 2522 2536 2579 humana:
2562 2523 2934 2596 intelligentia:
2968 2538 3161 2579 sensus
3190 2523 3307 2579 inec
3337 2524 3559 2595 respuit,
3588 2530 3637 2577 ut
3656 2529 3808 2576 creator

2286 2624 2538 2674 creatura
2569 2617 2675 2683 sit;
2706 2617 2831 2689 quia
2856 2616 3065 2673 erectio
3095 2632 3192 2688 per
3217 2624 3527 2673 creatorem
3556 2621 3646 2671 est.
3683 2612 3757 2679 Qm'
3778 2611 3807 2664 si

2286 2718 2537 2769 creatura
2578 2711 2682 2779 sit;
2709 2719 2764 2767 et
2789 2709 3125 2783 corruptioni
3151 2708 3403 2766 subditus
3432 2716 3533 2776 est,
3556 2715 3606 2763 et
3628 2714 3810 2777 expecta-

2288 2805 2425 2862 tioni
2463 2807 2729 2862 obnoxius
2768 2814 2872 2875 est,
2920 2814 2977 2862 et
3026 2807 3273 2862 servituti
3326 2807 3597 2877 subjectus
3633 2813 3716 2859 est.
3752 2801 3809 2853 Ait

2288 2902 2435 2959 enim
2486 2901 2629 2957 idem
2677 2901 2869 2958 beatus
2915 2900 3194 2971 apostolus
3233 2900 3481 2959 Paulus:
3524 2899 3701 2956 Etenim
3736 2896 3811 2950 lon-

2287 2998 2480 3069 ginqua
2509 2998 2819 3068 exspectatio
2856 3008 3110 3054 creatura
3152 2998 3514 3055 reuelationem
3538 2997 3727 3069 ﬁliorum
3748 2991 3813 3046 lui
3918 2991 3919 3043 ἒ

2294 3099 2571 3161 exspectat.
2634 3089 2861 3146 Vanitati
2914 3093 3048 3146 enim
3107 3101 3345 3148 creatura
3391 3092 3614 3167 subjecta
3651 3100 3712 3145 est
3746 3103 3814 3140 non

2286 3193 2483 3257 sponte,
2517 3185 2606 3239 sed
2626 3193 2838 3255 propter
2858 3200 2973 3240 eum
2996 3187 3078 3260 (5)
3099 3188 3187 3253 qni
3208 3187 3280 3261 (j)
3318 3184 3546 3242 subdidit
3568 3200 3664 3239 eam
3685 3184 3809 3243 ἱηευε.

584 3288 681 3347 per
712 3278 880 3345 legem
913 3273 1159 3336 edoctus,
1195 3279 1248 3325 et
1269 3284 1367 3341 per
1406 3267 1825 3338 praelinitionem
1846 3275 2180 3337 segregatus,

2291 3277 2426 3344 Quia
2452 3287 2500 3332 et
2520 3277 2636 3347 ipsa
2663 3287 2903 3333 creatura
2929 3279 3228 3335 liberabitur
3247 3294 3283 3334 α
3307 3280 3552 3335 raritate
3588 3276 3813 3346 comptior

582 3368 654 3440 (ll
683 3369 800 3423 (Ior.
833 3381 953 3427 χιιι,
974 3365 1058 3435 ὖ),
1080 3373 1137 3418 ει
1168 3363 1593 3433 permittentes»
1624 3362 1677 3413 in
1722 3372 1781 3413 se
1807 3356 2081 3412 Christum
2102 3358 2184 3411 lo-

583 3474 779 3533 quens,
808 3458 1144 3529 prophetiam
1172 3464 1263 3510 attt
1288 3456 1614 3524 ignorarerit
1637 3464 1727 3506 aut
1751 3468 1857 3507 non
1888 3455 2183 3522 ignaratatn

581 3551 889 3610 dissolverit
909 3568 921 3606 :
945 3558 1002 3606 et
1018 3549 1266 3605 nescierit
1282 3549 1363 3620 (ﬁt)
1386 3558 1687 3602 creaturam
1709 3544 2009 3612 Christum,
2025 3562 2183 3614 quem

581 3657 889 3706 creatorem
912 3645 1321 3713 nuncupaverit;
1348 3653 1401 3698 et
1422 3643 1658 3697 vetuerit
1676 3651 1939 3697 creatura:
1970 3642 2186 3710 religio-

582 3754 731 3807 nem,
757 3742 852 3812 qui
884 3738 986 3795 soli
1023 3736 1269 3792 Creatori
1293 3734 1639 3791 serviendum
1670 3733 1941 3789 monuerit
1959 3733 2183 3790 dicens:

582 3835 1096 3904 ollimth
1114 3830 1375 3886 veritatem
1391 3825 1490 3883 Del
1503 3827 1557 3882 in
1580 3826 1925 3893 mendacium,
1942 3836 1991 3882 et
2009 3828 2190 3882 servie-

579 3936 701 3989 runt
730 3938 984 3987 creatura
1014 3924 1271 3996 praeterito
1305 3920 1569 3992 Crantore,
1597 3922 1782 3994 quiest
1813 3920 2103 3977 benedictus
2133 3922 2188 3977 in

572 4025 767 4085 aesculo
791 4024 1101 4082 sucularum
1125 4018 1309 4094 (Rom.
1334 4033 1379 4086 ις
1398 4014 1519 4089 ‘15).

680 4142 736 4216 1)
764 4140 902 4216 Quia
929 4154 1090 4213 neque
1127 4144 1220 4195 est.

671 4215 734 4290 Ξ)
760 4215 1023 4274 Creatttm.

584 4342 803 4393 cuntur.
832 4329 1001 4386 Forte
1030 4326 1193 4383 etiam
1226 4325 1594 4395 respiciuntur
1620 4325 1737 4379 haec
1762 4322 1964 4379 Christi
1995 4324 2183 4393 verba,

578 4406 718 4465 Ecce
757 4418 861 4476 ego
895 4400 1152 4457 nobiscum
1198 4414 1312 4453 sum
1354 4410 1514 4464 usque
1578 4395 1648 4451 ad
1694 4398 2185 4452 consummationem

580 4477 843 4625 ‘fzzzillita
873 4540 1006 4625 Bad.
1032 4556 1157 4625 cum
1181 4538 1436 4625 omnibus
1461 4552 1592 4624 mss.
1620 4536 1677 4595 In
1708 4537 1827 4624 aliis
1858 4548 2044 4625 autent
2068 4536 2183 4595 edi-

579 4610 846 4683 tionibus,
876 4615 998 4687 quia
1025 4614 1135 4684 ipse
1164 4618 1238 4667 est
1265 4612 1351 4682 qui
1379 4613 1568 4666 creavit
1589 4610 1765 4665 omnia
1787 4626 1806 4676 ;
1826 4626 1988 4683 neque
2015 4615 2185 4683 factu-

580 4708 695 4749 ram
718 4703 825 4748 etc.
853 4688 1145 4758 glossema.

2288 3370 2369 3425 nis
2392 3371 2448 3424 in
2478 3369 2760 3424 libertatem
2789 3371 3040 3427 claritatis
3060 3370 3289 3443 ﬁliorum
3318 3371 3419 3427 Dei
3449 3370 3469 3445 (
3501 3369 3639 3426 Rom.
3661 3382 3749 3432 "il,
3774 3364 3814 3417 l9

2289 3472 2398 3519 etc.
2441 3461 2481 3535 ).
2521 3460 2577 3518 Si
2611 3463 2772 3531 igitur
2812 3463 3062 3520 Christus
3109 3474 3356 3521 creatura
3390 3474 3473 3521 est
3496 3506 3512 3531 ,
3547 3474 3737 3519 necesse
3765 3469 3818 3509 ist

2289 3554 2391 3610 sub
2438 3569 2535 3625 spe
2586 3553 2895 3625 longinqua:
2930 3556 3355 3627 exspectationis
3410 3557 3637 3611 incertus
3678 3553 3746 3613 sit,
3783 3558 3818 3600 t-t

2291 3650 2448 3720 longa
2490 3648 2611 3718 ejus
2645 3651 2986 3720 exspectatio
3015 3650 3094 3723 (It)
3140 3660 3323 3707 nostra
3368 3653 3546 3723 potius
3585 3655 3817 3719 estspeciei.

2290 3750 2348 3798 et
2374 3753 2668 3813 expectans
2696 3760 2759 3799 ea
2800 3743 3023 3798 vanitati
3055 3743 3334 3813 subjectus
3363 3744 3458 3811 sit,
3485 3752 3538 3799 et
3565 3756 3653 3813 per

2291 3837 2465 3894 sitatis
2479 3839 2874 3911 subjectioncm
2908 3853 3013 3891 non
3038 3848 3232 3906 sponte
3253 3836 3627 3905 subjectnssit.
3651 3831 3819 3901 Subiec-

2290 3936 2380 3985 tus
2402 3942 2579 3987 autem
2610 3948 2718 3988 non
2746 3940 2939 4002 sponte
2967 3944 3091 3985 cum
3122 3930 3214 3995 tit,
3243 3942 3477 3987 necesse
3516 3937 3597 3985 est
3616 3934 3665 3984 et
3686 3936 3823 3981 servos

2290 4021 2398 4089 sit;
2427 4036 2619 4081 servus
2646 4035 2829 4081 autem
2859 4039 2982 4079 curn
3012 4024 3105 4090 sit,
3136 4032 3357 4079 maneat
3393 4024 3557 4081 etiam
3603 4022 3651 4077 in
3687 4033 3825 4075 corru-

2360 4136 2442 4212 (ὅ)
2473 4139 2573 4207 Qui
2602 4140 2832 4196 subdidit
2867 4139 2925 4195 in
2966 4152 3096 4209 spe:
3140 4133 3294 4209 juxta
3334 4150 3594 4211 graecum,
3628 4135 3699 4193 τδρ,
3734 4132 3825 4187 ὑποη

2285 4212 2513 4279 τάξαντα
2529 4215 2608 4271 ἐπ’
2637 4212 2822 4271 ὶλπίδι.

2366 4328 2442 4401 (g)
2471 4326 2743 4397 Gillotius,
2789 4332 2910 4386 loco
2943 4326 3091 4393 Osee,
3132 4327 3488 4385 substituerat
3521 4325 3709 4383 Esaias:
3735 4336 3826 4401 sane

2289 4396 2558 4471 quia'ha'c
2578 4402 2714 4471 apud
2734 4396 2879 4458 Osee
2904 4401 3200 4458 secundum
3222 4401 3508 4471 Vulgatam
3534 4415 3635 4455 non
3658 4396 3826 4471 repetit.

2289 4417 2415 4471 quia
2440 4417 2558 4459 nare
2578 4417 2714 4529 apud
2741 4417 2879 4458 usee
2904 4417 3200 4458 secundum
3227 4417 3508 4471 vulgatam
3534 4417 3635 4455 non
3658 4417 3826 4465 repent.

2287 4487 2409 4529 cum
2438 4475 2577 4545 apud
2650 4474 2816 4529 saiam
2833 4490 2960 4541 xcv,
2980 4474 3070 4539 12,
3102 4476 3290 4527 horum
3321 4473 3521 4528 similia
3546 4468 3829 4545 quadam“?

2286 4558 2413 4613 gere
2449 4537 2539 4602 sit.
2567 4545 2639 4601 At
2664 4546 2804 4617 apud
2835 4537 3185 4618 Septuaginta
3212 4560 3286 4618 ea
3307 4545 3423 4613 ipsa
3459 4537 3673 4599 totidem
3697 4537 3827 4618 veritis

2288 4610 2535 4687 reperire
2580 4610 2715 4673 est!
2746 4632 2842 4688 pro
2892 4610 3087 4686 quibus
3139 4619 3189 4672 in
3240 4610 3828 4688 νυίςειω-ιειιιιυιηειιραῐο

2288 4682 2463 4761 exstat
2488 4708 2501 4744 :
2534 4689 2641 4761 Ego
2661 4682 2831 4743 autem
2857 4682 3106 4744 Dominus
3131 4688 3266 4742 Deus
3311 4682 3454 4744 tuus.
3488 4686 3688 4761 frustra
3709 4682 3830 4761 igitur

654 4746 739 4838 (bi
761 4746 1018 4838 Ver'btun‘
1039 4772 1273 4838 manens.
1304 4770 1345 4838 a.
1381 4753 1641 4838 subnesis
1690 4768 1852 4838 prava
1899 4755 2181 4838 interpun-
2210 4746 2262 4807 Ῑ)
2288 4746 2781 4838 Cillotii_co?rectio
2806 4764 2946 4831 apud
2976 4761 3099 4838 Par.
3136 4769 3478 4838 retenta‘eSt.
3507 4759 3686 4838 Postea
3709 4746 3828 4813 liii.

580 4825 764 4894 ctione
809 4829 1183 4901 separabatur.
1229 4825 1609 4901 N_ati_vitas_illa
1650 4834 1832 4882 manet
1884 4834 2089 4901 tantum
2123 4828 2175 4882 in

579 4896 890 4979 Cognitioné
937 4900 1110 4957 Patris
1140 4907 1196 4957 et
1243 4897 1397 4966 Filii;
1427 4898 1552 4970 quia
1601 4912 1750 4953 nemo
1796 4899 1935 4954 novit
1978 4896 2178 4954 Filium

580 4982 679 5035 nisi
708 4979 887 5041 Pater,
916 4984 1020 5028 etc.

656 5052 734 5124 (ε)
788 5049 843 5104 ln
873 5040 1147 5124 ivulgatis,
1184 5050 1239 5097 ut
1282 5040 1337 5123 Iti
1360 5057 1520 5096 ~nunc
1550 5043 1752 5124 omisso
1792 5051 1914 5108 aut;
1942 5054 2174 5124 et_mos_,

580 5113 813 5180 dividunt
839 5127 885 5172 et
904 5117 960 5171 in
975 5113 1155 5191 j'urgia
1174 5114 1489 5184 partiuntur,
1516 5124 1569 5168 ut
1589 5113 1642 5168 Iti
1662 5115 1829 5182 aliter,
1855 5125 1960 5171 etc.
1986 5114 2180 5187 Sequi-

578 5206 703 5252 mur
734 5206 865 5248 mss.

649 5267 735 5338 (ά)
766 5259 931 5327 Editi,
959 5257 1240 5338 secundum
1261 5256 1468 5338 pietatis
1622 5256 2042 5338 intelligentiam:
2072 5257 2177 5338 nisi

617 5325 726 5393 uid
755 5337 877 5392 Par.
916 5325 1234 5386 uocabulum
1262 5325 1367 5381 ’Dei
1395 5327 1613 5382 omittit.
1644 5331 1709 5382 At
1736 5325 1865 5384 tnSs.
1897 5331 2179 5385 secundum

574 5396 851 5483 impietatis
878 5400 1281 5483 intelligentiam,
1312 5399 1363 5453 id
1387 5408 1493 5465 est,
1512 5396 1759 5483 (ψει.εωί
1778 5399 1884 5483 sibi
1914 5418 2019 5483 non
2047 5417 2179 5483 cott-

572 5467 820 5543 veniunt,
851 5467 1199 5532 concedenda
1225 5479 1405 5525 tamen
1434 5467 1579 5543 sunt.
1604 5467 1649 5524 si
1679 5469 1847 5539 proba
1873 5479 1957 5527 est
1984 5471 2174 5543 impio-

578 5567 699 5605 rum
740 5540 1063 5606 Arianorum
1114 5543 1489 5612 intelligentia.
1523 5540 1803 5612 Frequens
1850 5545 1995 5599 enim
2035 5540 2178 5614 apud

582 5621 846 5676 Hilarium
878 5626 964 5674 est
988 5616 1336 5681 abstractum,
1364 5623 1421 5669 ut
1458 5626 1674 5686 vocant,
1701 5629 1898 5669 nomen
1925 5630 2025 5686 pro
2047 5629 2174 5672 cono

581 5699 753 5757 creto,
777 5690 1023 5759 impietas
1053 5703 1106 5742 ν.
1136 5703 1189 5759 g.
1217 5701 1315 5757 pro
1342 5685 1542 5758 impiis.

686 5756 745 5819 ei
771 5756 1046 5819 vetustior
1073 5756 1176 5815 ms.
1196 5756 1352 5815 Coll).
1392 5756 1516 5814 cum
1537 5756 1723 5815 Germ.
1752 5765 1812 5813 ut
1831 5767 2067 5814 uentura
2093 5760 2180 5816 sit.

686 5781 712 5818 e
771 5764 1046 5819 Vetustior
1073 5776 1176 5815 ms.
1196 5764 1352 5815 Coll).
1392 5773 1516 5814 cum
1537 5764 1723 5815 Germ.
1752 5765 1812 5813 ut
1831 5767 2067 5814 uentura
2093 5764 2180 5816 sit.

583 5764 943 5963 pitied“
968 5828 1144 5890 Vatia.
1173 5831 1294 5891 bas.
1326 5845 1451 5897 curn
1494 5829 1709 5890 Martia.
1740 5827 2044 5903 Dominum,
2075 5846 2184 5892 non

638 5923 772 5968 εκθησ

2286 4830 2380 4887 Er.
2409 4842 2463 4888 et
2501 4832 2648 4904 Lips.
2676 4822 2909 4906 formans
2939 4834 3141 4899 calum,
3172 4848 3276 4887 non
3333 4832 3571 4903 ﬁrmans.
3590 4822 3611 4849 ⁸

2359 4922 2440 4999 (lt)
2471 4926 2728 4982 Erasmus
2776 4937 2963 4999 contra
3011 4926 3169 4981 [idem
3216 4934 3464 4980 veterum
3507 4926 3739 4979 librorum
3772 4914 3833 4970 hic

2285 4996 2492 5126 adtigit
2511 4997 2907 5082 cognominibus
2922 5014 2942 5053 :
2967 5013 3124 5070 quam
3150 5013 3334 5053 vocem
3357 5000 3629 5053 retinuere
3652 5003 3831 5063 sequvn-

2397 5088 2425 5123 e
2468 5082 2676 5126 11101188.

2584 5090 2676 5124 tes.

2359 5150 2424 5223 (ἱ)
2447 5150 2682 5206 Rursum
2705 5150 2792 5206 hic
2810 5151 3070 5223 Erasmus
3090 5151 3158 5207 de
3179 5164 3279 5207 suo
3299 5150 3549 5217 inseruit,
3570 5163 3678 5222 qut
3700 5148 3830 5218 facta:

2287 5222 2389 5279 nec
2419 5231 2608 5293 postea
2634 5224 2930 5294 castigatus
2957 5222 3076 5279 fuit.

2354 5316 2425 5392 (j)
2455 5318 2513 5374 In
2540 5333 2686 5392 mss.
2710 5318 2827 5392 γει.
2860 5320 2978 5376 bas.
3011 5327 3066 5376 et
3093 5318 3308 5375 Martia.
3336 5316 3567 5373 subdidit
3593 5312 3759 5371 omnia.
3783 5307 3825 5361 In

2282 5385 2507 5445 Cafnut.
2540 5388 2765 5445 subdidit
2796 5407 2875 5446 ea.

2355 5480 2433 5551 (It)
2462 5478 2647 5537 Codex
2694 5479 2817 5537 Vat.
2862 5482 2978 5539 bas.
3010 5498 3133 5538 cum
3183 5480 3398 5538 Martin.
3453 5489 3672 5537 nostram
3704 5473 3833 5551 potius

2282 5562 2536 5623 exspectet
2563 5554 2945 5609 reuelationem.
2980 5556 3061 5610 Ab
3088 5553 3276 5609 Hilarii
3300 5556 3568 5610 sententia
3592 5552 3747 5606 minus
3768 5562 3833 5623 re-

2282 5619 2519 5689 cederet,
2548 5626 2640 5697 qui
2670 5626 3024 5683 substitueret
3047 5635 3274 5681 nostram
3298 5626 3473 5695 potius
3498 5628 3731 5697 cnspectu
3748 5619 3832 5697 cla-

2282 5698 2521 5752 ritatem:
2549 5690 2691 5768 quod
2734 5713 3042 5769 repugnare
3090 5690 3440 5767 innuitfqttis
3494 5690 3724 5769 Christus
3746 5690 3834 5758 jam

2285 5770 2503 5841 propria
2532 5765 2731 5840 gaudet
2758 5765 2953 5840 gloria,
2981 5784 3143 5841 quam
3190 5765 3348 5826 nobis
3387 5765 3834 5825 communicaturus

2283 5849 2386 5911 est,
2410 5855 2585 5914 neque
2604 5842 2902 5901 claritatem
2929 5851 3207 5917 exspectat
3228 5841 3382 5902 nobis
3407 5846 3747 5900 communem.
