3996 6330
191 352 282 412 457
1334 325 1425 398 DE
1472 335 1749 397 TRlNlTA

1882 338 2086 398 LIBER
2118 339 2233 399 XII.
3351 351 3458 410 458

192 471 350 544 ptione
366 471 581 520 naturai.
607 457 731 516 llaec
747 458 891 515 enim
913 457 1094 514 omnia
1115 466 1378 516 creaturae
1394 456 1615 530 propria
1631 470 1756 515 esse
1780 462 1835 524 Α
1861 457 2007 514 enim
2036 457 2244 516 eaedem
2265 460 2630 518 venerationis
2654 458 2897 529 ejusdem
2923 467 3089 518 sunt:
3119 461 3192 536 (e)
3219 464 3343 536 quia
3367 476 3460 521 aut

189 556 458 633 Apostolus
483 555 679 611 docet:
709 566 739 606 a
769 551 966 622 quibus
983 565 1080 622 per
1101 550 1450 623 longinquam
1470 558 1756 621 exspecta-
1859 565 2105 607 summus
2151 551 2324 609 honor
2366 553 2584 625 indigne
2643 551 2990 611 inferioribus
3025 553 3319 626 deleretur,
3368 569 3463 616 aut

190 659 368 713 tionem
389 645 684 714 liberanda,
715 647 1012 701 secundum
1051 645 1343 702 humanam
1371 645 1602 717 gloriam
1636 644 1753 700 cla-
1859 657 1984 700 cum
2004 645 2333 702 contumelia
2354 646 2698 718 superiorum
2723 646 2979 704 inferiora
3001 648 3086 704 his
3104 651 3460 723 aequabuntur

189 754 364 806 resoet.
392 743 459 798 Et
482 756 516 796 o
542 738 938 810 imprudentem
960 738 1029 796 de
1050 739 1164 796 Deo
1187 747 1351 810 atque
1381 738 1600 809 impiam
1627 752 1755 809 pro-
1858 736 1914 792 in
1942 737 2171 794 honore.
2198 737 2369 794 Filius
2395 749 2576 794 autem
2604 737 2670 812 (Ι)
2699 739 2746 795 si
2775 750 2832 796 ut
2857 743 3064 799 creatio
3093 744 3272 815 potius
3299 761 3457 815 quam

189 841 473 902 fessionem,
531 832 615 888 his
685 847 810 888 eum
867 848 962 903 per
1043 842 1311 889 creaturae
1365 831 1753 888 contumeliam
1859 829 2111 885 nativitas
2137 830 2228 899 sit,
2261 847 2358 903 per
2405 833 2809 888 venerationem
2841 833 3323 908 (g)exa:quabitur
3359 839 3460 894 Pa.

188 931 408 992 ludibriis
456 928 735 999 deputare,
769 936 828 982 ut
863 934 1067 999 speret,
1101 935 1159 982 ut
1205 928 1428 997 serviat,
1452 935 1512 984 ut
1537 937 1755 983 coactus
1859 924 1930 979 tri
1962 941 1978 991 ;
2008 925 2154 980 nulla
2193 926 2350 982 nobis
2395 925 2584 998 religio
2612 926 2833 982 honoris
2871 927 2938 984 ad
2971 928 3185 986 Patrem
3211 941 3316 1000 est,
3338 947 3458 988 cum

187 1030 262 1095 sit,
292 1025 361 1098 (τι)
398 1033 454 1079 ιιι
493 1021 738 1093 cognitus
769 1021 862 1088 sit,
893 1028 956 1076 ut
979 1020 1290 1078 liberandus
1337 1022 1411 1077 sit
1438 1023 1492 1076 in
1534 1032 1746 1088 nostra,
1859 1026 2007 1073 tanta
2052 1018 2214 1074 nobis
2247 1020 2365 1091 ejus
2394 1019 2676 1076 veneratio
2704 1021 2949 1090 imposita
3002 1023 3092 1090 sit,
3127 1034 3326 1095 quanta
3373 1035 3456 1082 est

189 1121 354 1179 nonin
396 1132 509 1184 sua,
541 1129 662 1172 cum
717 1114 788 1172 de
836 1115 950 1172 suis
979 1130 1080 1171 nos
1119 1115 1188 1172 ad
1239 1115 1444 1186 aliquid
1484 1114 1753 1187 proveha-
1857 1119 2154 1168 creaturae:
2205 1110 2302 1166 sed
2348 1111 2472 1183 quia
2521 1111 2635 1167 Deo
2688 1111 2830 1184 patri
2854 1111 2912 1168 in
2941 1127 3028 1182 eo,
3081 1116 3224 1186 quod
3279 1132 3345 1173 ex
3395 1133 3462 1174 eo

185 1231 308 1272 mu...
1858 1203 2002 1258 Deus
2029 1213 2112 1260 est
2141 1212 2320 1272 natus,
2349 1204 2574 1276 aequalis
2597 1214 2719 1272 est;
2748 1219 2834 1262 est
2853 1209 3014 1262 etiam
3036 1209 3259 1280 aequalis
3281 1209 3336 1266 in
3363 1210 3462 1269 ho-

245 1310 291 1364 6.
322 1307 382 1363 Si
411 1314 644 1360 creatura
686 1311 782 1373 est,
822 1313 1059 1359 creatura
1090 1303 1284 1373 pariter
1311 1312 1385 1357 est
1413 1301 1612 1357 Pater:
1634 1303 1758 1373 quia
1858 1310 2012 1352 nore.
2041 1295 2208 1352 Filius
2237 1297 2379 1352 enim
2405 1307 2508 1365 est,
2543 1313 2653 1353 non
2678 1307 2948 1354 creatura.

184 1401 310 1457 Filio
337 1409 513 1455 natura
541 1409 616 1453 est
654 1396 852 1453 Patris.
883 1397 1189 1453 Exinanitio
1243 1396 1390 1452 Verbi
1416 1406 1494 1451 est
1522 1396 1752 1453 abolitio.
1929 1390 1984 1445 8.
2017 1386 2158 1444 Deus
2201 1387 2434 1461 partibus
2468 1405 2650 1445 carens
2677 1406 2741 1445 ea:
2788 1400 2930 1446 utero
2976 1391 3164 1447 dicitur
3207 1396 3459 1465 genuit“.

185 1527 245 1541 ..-.
262 1496 357 1553 Sed
397 1496 643 1565 impietas
682 1504 869 1550 nostra
894 1510 1017 1550 cum
1045 1495 1249 1565 ingenti
1305 1493 1547 1564 perﬁdia;
1580 1495 1754 1550 inero.
1857 1484 1977 1555 quia
2004 1501 2068 1538 ea:
2086 1500 2158 1538 se.
2194 1484 2392 1538 Filium
2411 1484 2474 1538 de
2500 1484 2662 1540 nihilo
2688 1485 2970 1541 uolentibus
2992 1503 3094 1542 non
3123 1492 3342 1562 suppetit
3364 1492 3462 1547 loci

186 1599 346 1646 mento
372 1604 465 1658 per
495 1589 635 1644 hanc
661 1587 864 1644 illicita:
891 1589 1040 1643 vocis
1069 1587 1347 1642 audaciam
1378 1587 1618 1658 procedit
1643 1607 1656 1642 :
1699 1595 1751 1642 ut

1882 1577 1984 1631 licti
2004 1593 2200 1632 sensus.
2218 1607 2288 1618 —
2311 1577 2378 1632 Et
2400 1577 2514 1632 hinc
2533 1578 2603 1633 de
2619 1579 2713 1633 illo
2735 1579 2987 1650 praeclara
3012 1595 3118 1636 vox
3138 1581 3314 1638 Patris
3335 1592 3420 1640 est
3441 1625 3458 1651 ,

181 1685 286 1755 quia
313 1683 473 1738 Filius
494 1690 744 1736 "eam",
775 1683 865 1747 εει,
899 1681 1060 1736 paier
1094 1696 1310 1752 quoque
1339 1696 1446 1737 non
1488 1680 1755 1736 dinei-aia
1860 1668 1946 1724 Ex
1982 1681 2124 1724 utero
2163 1680 2280 1725 ante
2317 1669 2591 1742 luciferum
2639 1672 2792 1743 genui
2823 1679 2892 1761 te.
2935 1670 3052 1728 Non
3085 1674 3464 1744 praeiudicatur

179 1785 414 1830 creatura.
446 1770 701 1828 Christus
742 1774 888 1830 enim
933 1774 987 1828 in
1032 1774 1202 1828 forma
1229 1773 1328 1829 Dei
1366 1788 1610 1838 manens,
1642 1773 1751 1829 ἴοι-α

1882 1770 2038 1817 iutem
2069 1762 2205 1830 Deo,
2256 1770 2314 1820 ut
2341 1777 2487 1833 saepe
2513 1763 2626 1834 jam
2675 1763 2932 1832 diximus,
2964 1779 3062 1835 per
3095 1765 3460 1824 inﬁrmitatem

179 1884 302 1924 mam
328 1867 463 1923 servi
490 1868 702 1938 accepit
727 1885 740 1922 :
771 1875 828 1922 et
857 1867 947 1937 qui
978 1865 1034 1922 in
1064 1866 1238 1922 forma
1268 1866 1363 1922 Dei
1391 1874 1494 1931 est,
1523 1867 1568 1921 si
1600 1881 1751 1922 crea-

1882 1866 2063 1911 iostrae
2104 1856 2511 1926 intelligentiae;
2548 1866 2607 1912 ut
2647 1872 2745 1928 per
2776 1858 2853 1925 id,
2885 1857 3027 1928 quod
3075 1875 3140 1914 ex
3181 1870 3324 1917 utero
3364 1877 3455 1934 ge-

181 1974 278 2019 [ura
305 1972 382 2020 est
408 2003 423 2030 ,
456 1963 599 2017 Deus
639 1977 746 2017 non
775 1961 951 2018 aberit
975 1977 1006 2017 a
1033 1971 1302 2028 creatura,
1335 1961 1460 2032 quia
1493 1962 1543 2016 in
1578 1962 1750 2018 forma
1857 1951 2042 2007 nuisse
2083 1966 2143 2008 se
2181 1951 2318 2007 dixit
2359 1951 2534 2023 (Psal.
2581 1966 2692 2019 CIX,
2722 1951 2802 2024 5),
2831 1967 2899 2008 ex
2942 1953 3184 2025 partibus
3230 1955 3464 2014 internis

188 2059 267 2114 Dei
301 2058 365 2113 sit
389 2066 662 2114 creatura.
700 2056 833 2112 Esse
869 2065 1048 2112 autem
1081 2057 1134 2111 in
1172 2055 1343 2112 forma
1373 2055 1487 2124 Dei,
1515 2071 1620 2112 non
1649 2057 1754 2112 alia
1857 2044 2209 2117 externisque
2236 2061 2331 2116 Per
2355 2045 2596 2102 membra
2623 2048 2967 2117 coeuntibus,
3015 2057 3288 2121 tamquam
3337 2066 3462 2108 00r-

184 2147 502 2220 intelligeniia
544 2157 652 2216 est,
699 2163 860 2219 quam
894 2149 946 2203 in
972 2146 1070 2202 Dei
1109 2162 1332 2204 manere
1378 2157 1609 2202 natura:
1658 2163 1756 2219 per
1862 2140 2133 2210 poraliqu
2156 2155 2440 2197 causarum
2463 2140 2764 2211 originibus
2789 2143 3087 2198 consistat:
3140 2158 3264 2200 cum
3308 2155 3462 2201 extra

187 2243 304 2315 quod
347 2251 399 2298 et
444 2243 590 2300 Deus
639 2252 890 2298 creaiura
933 2240 1096 2315 412
1135 2251 1240 2308 εει,
1289 2241 1414 2314 quia
1464 2243 1516 2298 in
1565 2253 1757 2298 narum
1860 2236 2189 2292 naturalium
2219 2236 2608 2292 necessitatum
2655 2251 2873 2292 causam
2903 2237 3044 2295 liber
3083 2249 3248 2311 atque
3298 2243 3462 2298 abso-

179 2340 279 2408 ejns
311 2339 378 2393 sit
407 2349 684 2394 creatura.
715 2338 814 2406 Qui
842 2347 1022 2393 autem
1051 2338 1104 2392 in
1147 2337 1320 2394 forma
1353 2339 1445 2394 Dei
1473 2346 1610 2404 erat,
1646 2338 1756 2396 Deo
1861 2333 2026 2400 lutus,
2057 2342 2268 2388 naturae
2297 2332 2460 2388 totius
2491 2333 2746 2390 dominus
2794 2351 3040 2402 manens,
3071 2338 3460 2409 proprietatem

181 2444 231 2484 se
249 2430 493 2502 aequalem
524 2444 653 2486 esse
678 2446 786 2486 non
816 2430 992 2502 rapuit
1019 2445 1034 2494 ;
1061 2431 1182 2500 quia
1213 2444 1278 2485 ex
1302 2429 1396 2486 Dei
1428 2431 1753 2501 aequalitate,
1861 2425 2157 2482 nativitatis
2186 2423 2459 2496 Unigeuiti
2480 2427 2562 2481 sui
2589 2442 2657 2482 ex
2684 2427 3090 2486 indeinutabilis
3119 2439 3329 2486 natura:
3349 2445 3463 2487 sua:

177 2525 221 2578 id
237 2534 328 2592 est,
352 2539 413 2580 ex
446 2527 622 2580 forma
648 2523 767 2595 ejus
802 2523 856 2579 in
890 2523 1032 2578 servi
1062 2521 1291 2578 formam
1345 2523 1630 2579 decederet
1658 2522 1755 2594 (V.
1861 2517 2055 2573 virtute
2067 2517 2440 2588 signiticet.Ex
2454 2519 2643 2589 spiritu
2660 2518 3196 2593 enim513spiritus
3211 2537 3458 2590 nascens,

178 2617 254 2671 tib.
282 2633 351 2686 ix,
372 2634 427 2672 n.
460 2617 576 2691 16).
614 2617 889 2674 Decedere
917 2626 1096 2672 autem
1125 2631 1195 2672 ex
1230 2617 1340 2672 Deo
1373 2615 1428 2672 in
1457 2616 1752 2684 hominem,
1869 2611 1997 2668 licet
2025 2612 2092 2668 de
2122 2611 2454 2683 proprietate
2479 2612 2722 2684 Spiritus,
2753 2629 2850 2685 per
2879 2631 3042 2686 quam
3069 2623 3126 2672 et
3153 2618 3268 2688 ipse
3298 2619 3462 2689 spiri-

175 2712 262 2767 nisi
303 2725 362 2767 se
409 2726 474 2768 ex
520 2710 623 2768 Dei
677 2710 849 2767 forma
897 2709 1038 2766 Deus
1079 2724 1368 2777 evacuans,
1405 2725 1512 2764 non
1560 2709 1753 2780 potuit.
1860 2717 1947 2764 tus
1965 2717 2070 2774 est,
2102 2717 2519 2764 nascaturznon
2536 2715 2714 2764 tamen
2740 2707 2907 2764 aliaei
2934 2719 3130 2780 praeter
3150 2725 3312 2782 quam
3341 2726 3465 2783 per-

177 2804 429 2861 Evacuans
473 2815 659 2861 autem
691 2818 751 2859 se
791 2819 900 2859 non
946 2803 1179 2859 abolitus
1205 2812 1310 2869 est,
1361 2803 1440 2876 (b)
1466 2817 1534 2859 ne
1563 2813 1783 2871 esset;'
1859 2802 2122 2859 lectarum
2151 2801 2232 2874 (lt)
2269 2811 2434 2874 atque
2487 2802 2953 2860 indemutabilium
2997 2819 3286 2862 causarum
3316 2805 3385 2861 ad
3411 2806 3464 2862 id

174 2912 276 2953 cum
305 2907 446 2955 esset
471 2897 622 2954 aliud
649 2912 808 2966 quam
839 2896 1049 2953 fuisset.
1081 2895 1265 2966 Neque
1292 2895 1436 2951 enim
1461 2895 1660 2952 defecit
1687 2912 1756 2952 ex
1860 2894 2003 2967 quod
2038 2897 2278 2952 nascitur
2315 2911 2476 2952 causa
2524 2906 2628 2954 est.
2658 2897 2727 2953 Et
2751 2913 2816 2954 ex
2847 2912 3011 2955 causa
3057 2899 3184 2956 licet
3225 2900 3462 2971 perlecta

173 3004 294 3059 sese,
321 2993 407 3064 qui
437 3008 498 3049 se
544 2994 830 3049 evacuavit
852 2992 907 3047 in
960 3007 1113 3048 sese:
1145 3006 1268 3048 cum
1316 2990 1531 3047 virtutis
1556 2991 1629 3064 (c)
1659 3006 1756 3062 po-
1861 2996 2024 3057 atque
2051 2988 2420 3045 indemutabili
2465 3003 2713 3058 nascens,
2747 3004 2974 3048 necesse
3011 2998 3097 3048 est
3123 3007 3189 3047 ex
3214 3007 3375 3049 causa
3406 2993 3463 3050 in

173 3093 318 3140 testas
342 3087 504 3142 etiam
561 3085 619 3142 in
649 3084 947 3143 evacuandi
987 3100 1048 3142 se
1092 3094 1363 3157 potestate
1399 3099 1751 3156 permaneat;
1861 3095 2041 3137 causa:
2069 3082 2237 3153 ipsius
2281 3085 2612 3154 proprietate
2641 3096 2911 3142 nascatur.
2945 3085 3254 3156 Proprietas
3279 3095 3480 3143 autem

173 3177 285 3232 etin
314 3177 541 3235 formam
575 3179 724 3236 servi
772 3178 1056 3246 transisse,
1106 3194 1215 3234 non
1259 3178 1333 3234 sit
1374 3188 1623 3234 naturam
1657 3177 1753 3235 Dei
1868 3173 2226 3230 humanarum
2259 3175 2323 3249 (i)
2354 3180 2739 3234 necessitatum
2769 3178 2908 3234 intra
2937 3192 3129 3235 causas
3161 3179 3301 3235 uteri
3330 3194 3463 3237 con-

171 3270 466 3340 perdidisse,
500 3288 629 3328 cum
677 3271 904 3328 formam
953 3271 1048 3327 Dei
1094 3285 1384 3327 evacuasse
1429 3271 1564 3327 nihil
1609 3270 1754 3328 aliud
1783 3283 1828 3349 ρ
1863 3268 2082 3326 tinetur.
2110 3269 2215 3326 Sed
2246 3271 2357 3326 Deo
2378 3287 2485 3327 non
2533 3287 2600 3328 ex
2657 3273 2900 3343 partibus
2945 3271 3013 3345 (ί)
3062 3273 3324 3346 perfecto,
3365 3275 3465 3331 sed

169 3378 308 3433 quam
336 3368 506 3422 virtus
537 3365 740 3423 divinae
764 3367 836 3422 sit
864 3366 1168 3438 potestatis.
1859 3365 2231 3423 indemutabili
2273 3382 2373 3439 per
2415 3369 2663 3439 spiritum
2688 3410 2706 3438 ,
2752 3370 2877 3442 quia
2919 3369 3062 3427 Deus
3109 3371 3332 3442 spiritus
3377 3382 3462 3430 est

229 3463 276 3518 7.
306 3461 445 3520 Filio
494 3465 712 3520 debetur
747 3464 914 3520 honor
940 3462 1152 3535 aqualis
1183 3460 1351 3518 Patri.
1376 3492 1449 3504 -—
1478 3461 1631 3518 Adeo
1659 3476 1754 3518 au-
1860 3463 2042 3538 (Joan.
2065 3465 2268 3537 “,24),
2293 3480 2399 3522 non
2414 3475 2496 3522 est
2522 3466 2857 3524 internarum
2887 3480 3171 3525 causarum
3202 3469 3462 3527 naturalis

170 3564 261 3609 tem
288 3557 538 3615 informa
567 3559 667 3614 Dei
697 3574 840 3624 esse,
883 3558 1018 3612 nihil
1063 3556 1207 3614 aliud
1237 3565 1322 3613 est
1363 3571 1526 3628 quam
1567 3571 1752 3626 aequa-
1861 3557 2176 3616 necessitas.
2241 3561 2348 3618 Sed
2391 3564 2517 3633 quia
2546 3563 2700 3620 nobis
2748 3565 2971 3636 spiritus
2991 3567 3060 3625 de
3091 3569 3282 3640 spiritu
3326 3570 3468 3626 nati-

170 3649 258 3704 lem
287 3653 396 3710 Deo
439 3671 603 3712 esse:
659 3663 718 3709 ut
760 3653 1041 3723 aequalitas
1090 3651 1313 3708 honoris
1344 3650 1574 3707 Domino
1623 3650 1754 3707 Jesu
1862 3652 2081 3708 vitatem
2137 3654 2488 3724 praedicabat,
2540 3671 2758 3713 sensum
2789 3669 3034 3716 nostrum
3061 3659 3141 3736 (It)
3168 3677 3453 3721 causarum

166 3741 387 3817 Christo,
406 3749 498 3818 qui
529 3749 585 3804 in
617 3747 791 3803 forma
812 3746 908 3802 Dei
933 3757 1039 3814 est,
1064 3745 1346 3814 debeatur,
1374 3746 1492 3816 ipso
1513 3745 1750 3802 dicente:
1859 3756 2169 3804 nostrarum
2198 3749 2433 3807 instituit
2461 3751 2749 3824 exemplo;
2783 3768 2893 3811 non
2913 3757 2966 3811 in
2993 3759 3301 3830 exemplum
3324 3760 3464 3818 nati-

169 3833 227 3890 Ut
247 3854 412 3896 omnes
448 3840 800 3912 honoriﬁcent
832 3837 1054 3906 Filium,
1101 3840 1232 3894 sicut
1261 3837 1606 3910 honoriﬁcam
1650 3837 1753 3893 Pa.
1856 3844 2061 3909 vitatis,
2094 3843 2188 3900 sed
2213 3844 2281 3900 ad
2310 3845 2720 3917 intelligentiam
2751 3851 3150 3920 generationis;
3179 3863 3238 3907 ut
3264 3866 3452 3908 exem-

169 3942 295 3990 trem.
327 3936 428 4004 Qui
450 3954 564 3992 non
584 3936 902 4008 Itonoriﬁcat
941 3933 1161 3999 Filium,
1191 3950 1294 3989 non
1318 3933 1622 4003 honoriﬁcat
1644 3932 1753 3987 Pa-
1856 3937 2004 4008 plum
2033 3937 2165 3993 illud
2188 3953 2296 3993 non
2315 3939 2383 3993 ad
2414 3941 2791 3997 necessitatem
2820 3943 3084 4013 proﬁciat,
3109 3943 3207 4002 sed
3233 3944 3298 4000 ad
3330 3961 3455 4001 sen-

168 4036 275 4082 tmn
299 4032 385 4102 qui
411 4032 555 4086 misit
596 4031 750 4086 illum
782 4030 962 4102 (Joan.
993 4046 1050 4094 ν,
1077 4030 1196 4099 23).
1228 4029 1541 4099 Numquam
1572 4028 1754 4084 diver—
1858 4043 2002 4085 sum.
2027 4029 2082 4086 Si
2105 4030 2269 4102 igitur
2309 4031 2518 4088 creatio
2548 4037 2635 4088 est
2680 4033 2986 4104 unigenitus
3020 4037 3160 4093 Deus
3195 4055 3209 4092 :
3243 4046 3297 4093 et
3327 4038 3456 4109 quid

168 4119 282 4178 sitas
306 4139 512 4197 rerum,
568 4124 674 4182 nisi
704 4133 758 4181 et
788 4124 868 4197 (ά)
909 4125 962 4180 in
1009 4127 1212 4181 honore
1252 4123 1472 4180 diverso
1498 4131 1602 4180 est.
1647 4123 1754 4180 Res
1859 4123 1960 4179 sibi
1991 4122 2106 4179 vult
2149 4123 2476 4196 signiﬁcatio
2517 4124 2918 4197 intelligentiae,
2947 4141 3068 4199 quae
3096 4141 3195 4200 per
3223 4141 3454 4186 consue-

226 4306 296 4378 (a)
323 4307 531 4378 Verba,
565 4310 882 4384 ulcognitus
907 4311 993 4376 sit,
1022 4325 1142 4384 quas
1159 4324 1354 4384 magno
1379 4324 1648 4366 consensu
1667 4309 1754 4365 ha-
1859 4309 1981 4366 Vat.
2007 4309 2147 4384 has.,
2171 4309 2361 4374 Corb.,
2392 4310 2634 4384 Remig.,
2656 4312 2872 4372 Martin.
2900 4324 3007 4372 etc.
3040 4317 3389 4376 restituenles
3415 4322 3460 4376 si

171 4374 288 4462 bent
309 4396 438 4437 mss.
458 4374 594 4462 sola
621 4374 789 4462 biiugi
814 4374 986 4462 editio
1008 4374 1620 4462 retinuitCQuamquam
1665 4390 1752 4437 at-
1856 4393 1912 4436 ut
1934 4374 2159 4462 creati_o,_
2179 4384 2496 4452 particulam
2526 4374 2747 4462 ii'aante
2770 4395 2822 4440 ut
2847 4387 3061 4462 tacitam
3085 4374 3459 4462 intelligimus,

165 4450 426 4530 tendentes
456 4454 595 4530 illud
640 4453 811 4530 Pauli.
844 4452 970 4525 Ipsa
987 4465 1226 4530 creatura
1251 4453 1553 4530 liberabitur
1583 4472 1615 4508 a
1643 4470 1746 4508 ser-
1857 4465 2015 4530 puta,
2055 4455 2117 4530 si;
2141 4450 2215 4509 ita
2268 4471 2357 4527 per
2384 4458 2759 4513 venerationem
2798 4461 3145 4530 exaequabitur
3189 4450 3362 4530 Pa'iri,
3406 4450 3458 4520 ui

168 4521 305 4578 vitate
327 4527 702 4596 corruptionis,
745 4521 955 4580 necnon
985 4525 1088 4580 hoc
1121 4526 1331 4593 llilarii,
1365 4525 1555 4581 Servus
1581 4536 1752 4580 autem
1859 4521 2048 4582 creatio
2073 4527 2161 4596 sit,
2185 4521 2288 4583 etc.

279 4598 360 4664 δίη
392 4609 606 4702 ηξίέζίθαί
633 4597 898 4702 ,θίίίυηρὺξ
918 4599 1619 4702 ⁶⁰⁷ΥῘ¹Ρ¹ξ⁰ηθι¹⁸ξ¹ἕξξᾟξ¹
1647 4613 1748 4702 ξς·
1929 4622 2006 4694 (g)
2036 4622 2094 4678 In
2150 4623 2401 4694 vulgatis,
2430 4640 2533 4695 qua
2576 4624 2925 4696 aequabitur.
2975 4624 3095 4682 Non
3133 4637 3311 4685 exstat
3356 4647 3458 4702 qua

163 4669 314 4746 gnitus
342 4669 743 4726 restituendum
777 4684 898 4726 esse
925 4680 1197 4740 corruptus
1228 4669 1388 4726 dubio
1416 4670 1615 4743 ’procul
1647 4669 1746 4724 duo
1777 4732 1831 4794 Β
1857 4669 1977 4750 nis‘i’
1990 4669 2989 4768 ᾖη“’ίιηὸ“ίιῖέί”ξξ)ί’δί”νᾶῖδέ

163 4751 334 4794 unius.
2183 4787 2237 4794 _.
2313 4789 2324 4794 -
2487 4789 2500 4794 _
2576 4790 2586 4794 _
2654 4790 2665 4794 -
2851 4789 2865 4794 -

163 4751 334 4795 rimus.

224 4812 288 4880 (b)
328 4813 492 4879 Editi,
524 4822 707 4867 utnon
737 4824 888 4866 esset.
929 4812 1147 4882 Aliquot
1178 4827 1312 4869 mss.
1359 4828 1422 4866 ne
1453 4829 1554 4866 non
1603 4822 1751 4868 esset.

163 4881 222 4956 At
249 4887 574 4941 vetustiores
606 4901 670 4939 ne
688 4895 835 4939 esset.
869 4881 1134 4940 PartiCula
1165 4901 1244 4950 ne,
1281 4898 1378 4956 pro
1397 4896 1452 4938 ut
1480 4901 1580 4940 non
1603 4885 1751 4942 Hila-

161 4951 230 5008 rio
252 4956 402 5014 valde
433 4956 724 5012 familiaris
757 4965 858 5011 est.

224 5027 372 5100 (c)ln
415 5029 554 5083 edit.
601 5028 722 5084 Μὶν.
752 5036 811 5082 ιιι
837 5027 892 5082 in
943 5043 1074 5083 mss.
1130 5027 1251 5083 Vat.
1299 5028 1418 5100 bas.
1448 5037 1499 5082 et
1540 5028 1754 5086 Martia.
1943 5021 2017 5100 (ἱ)Δ
2057 5023 2204 5096 LipS-
2256 5034 2311 5100 Cl
2355 5025 2478 5100 Par.
2512 5042 2591 5100 px
2616 5026 2822 5097 Επταειιιί
2850 5030 3089 5100 margine
3119 5031 3460 5086 humanarum

160 5093 238 5152 hic
253 5093 505 5169 adiicitur
527 5116 658 5155 suae.
686 5101 1012 5156 Potestatem
1042 5100 1186 5154 illam
1208 5100 1280 5154 ita
1313 5101 1364 5154 in
1391 5099 1608 5155 Christo
1633 5117 1756 5168 per-
1860 5093 2209 5152 natiuitatum:
2259 5097 2628 5154 ohnitcntihus
2651 5093 2900 5154 oinnihus
2934 5093 3062 5156 uiss.
3094 5103 3460 5159 Necessitates

160 5173 430 5242 inuasisse,
462 5184 524 5228 ut
562 5187 627 5229 ea
663 5173 825 5228 etiam
872 5174 1142 5227 interdum
1176 5182 1436 5239 uteretur,
1489 5175 1756 5242 superiori
1862 5169 1948 5224 hic
1977 5180 2257 5242 vocantur,
2321 5186 2438 5238 qua:
2476 5169 2554 5242 ad
2601 5170 2834 5241 aliquem
2870 5171 3120 5229 cliectum
3150 5177 3460 5230 necessario

158 5239 282 5316 libro
306 5247 599 5313 probatum
629 5253 716 5300 est
743 5245 1006 5300 num.48.
1482 5315 1488 5316 ί
1554 5239 1572 5316 ί
1861 5241 2159 5316 secundum
2215 5253 2420 5316 natura:
2471 5241 2618 5312 leges
2668 5239 3036 5316 requiruntur.
3102 5245 3288 5315 Itaque
3339 5254 3463 5315 post

1932 4786 2012 4864 (Ιι)
2058 4787 2148 4864 llis
2179 4787 2394 4864 Lipsius
2421 4789 2712 4864 substituit,
2744 4789 2982 4864 perfectae
3005 4800 3154 4864 atque
3170 4793 3460 4850 indemuta-

1857 4858 1992 4922 bilis,
2025 4861 2359 4938 substantia:
2413 4859 2555 4929 quod
2585 4858 3193 4938 Erasriiusitiimar'gine
3216 4866 3459 4938 adscrip-

1858 4939 2023 4997 serat,
2066 4930 2274 4998 llilarii,
2305 4941 2362 4986 ut
2384 4942 2538 5002 puto,
2585 4948 2805 4988 sensum
2837 4930 3102 5005 indicans;
3132 4953 3240 4993 non
3269 4930 3454 4994 verba.

219 5311 492 5387 (dilidem
521 5331 658 5374 mss.
698 5317 750 5370 in
791 5317 972 5372 honori
1004 5316 1294 5372 diversitate
1321 5325 1414 5370 est.
1449 5315 1512 5370 ν.
1551 5315 1644 5372 lib.
1674 5333 1752 5384 ix,
1859 5313 2024 5367 verba
2049 5355 2063 5377 ,
2088 5311 2422 5387 APrOprictas
2469 5311 2637 5368 autem
2685 5311 3031 5371 humanarum
3077 5311 3460 5387 necessitatum,

159 5398 206 5438 n.
230 5385 333 5462 23._
674 5461 682 5462 ί
722 5459 731 5462 _
892 5459 903 5462 _
965 5460 973 5462 _
1208 5459 1250 5462 __
1365 5459 1375 5462 _
1541 5459 1565 5462 Δ
1672 5461 1678 5462 ν
1858 5400 1966 5462 non
1998 5385 2138 5440 male
2161 5387 2342 5440 animo
2365 5387 2697 5457 suppleveris
2722 5429 2736 5452 ,
2788 5390 2987 5445 ratione
3015 5387 3188 5445 habita
3213 5389 3283 5445 ad
3304 5385 3458 5462 μηδὲ

220 5458 285 5528 (e)
314 5459 390 5514 Ita
441 5475 581 5517 mss.
633 5459 733 5516 nisi
764 5459 907 5528 quod
963 5460 1016 5514 in
1049 5473 1157 5515 uno
1207 5459 1327 5514 Vat.
1363 5459 1476 5514 bas.
1527 5459 1751 5516 Omnino
1853 5457 2123 5520 rationem.

159 5539 311 5604 autem
329 5549 592 5595 summus.
624 5543 729 5588 etc.
762 5527 907 5589 Editi
929 5548 1080 5596 vero.
1109 5532 1230 5603 quia
1257 5541 1310 5584 ut
1335 5548 1564 5586 summus
1587 5531 1752 5587 honor
1928 5527 1998 5603 (j)
2022 5527 2080 5584 lu
2103 5546 2206 5586 ms.
2243 5531 2456 5587 Martin.
2492 5535 2740 5604 profecto.

162 5598 349 5674 indigne
376 5605 716 5675 inferioribus
759 5606 1007 5676 defertur,
1034 5598 1258 5659 ita'cum
1279 5605 1605 5671 contumelia,
1639 5613 1747 5662 CIC.
2055 5622 2276 5678 Erasmo
2320 5598 2792 5695 magis-arriserat,
2836 5625 3229 5692 ορηῃαιξοηητη
3257 5635 3465 5683 nostra.

227 5693 291 5768 (ι’)
327 5698 414 5754 Er.
453 5709 512 5755 et
539 5700 662 5754 Μὶν.
705 5716 827 5756 cum
882 5700 1090 5770 aliquot
1126 5698 1519 5755 recentior-ilius
1547 5714 1678 5754 mss.
1723 5701 1767 5755 si
1874 5693 2026 5748 rutn:
2059 5697 2200 5771 quod
2227 5693 2427 5771 [rustra
2455 5696 2668 5765 Lipsius
2690 5711 2755 5751 ex
2781 5696 2925 5771 illius
2951 5697 3193 5771 margine
3215 5701 3464 5771 arripuit,

169 5773 464 5826 concreatio.
511 5772 661 5841 Lips.
701 5785 753 5826 et
809 5771 935 5825 Par.
970 5768 1091 5826 eum
1138 5773 1362 5842 antiquo
1406 5786 1508 5826 ms.
1536 5771 1692 5825 Colb.
1721 5774 1768 5826 si
1873 5783 1975 5820 nec
2031 5769 2170 5836 apud
2227 5768 2348 5842 Par.
2381 5775 2658 5842 correctus
2682 5779 2784 5823 est.
2834 5768 2904 5823 At
2932 5779 3078 5825 certe
3099 5769 3188 5826 hic
3219 5768 3465 5827 nonitam

174 5844 367 5896 creatio.
417 5838 837 5900 Vindocinensis
865 5843 1057 5904 codex.
1087 5844 1220 5898 sicut
1262 5838 1470 5898 erectio.
1504 5843 1623 5898 Non
1651 5843 1764 5899 dis-
1879 5853 2062 5912 sermo
2105 5847 2190 5893 est
2227 5840 2295 5895 de
2312 5838 2674 5910 generationis
2698 5849 2818 5896 actu
2847 5882 2862 5909 ,
2910 5856 3070 5912 quam
3101 5841 3172 5901 de
3201 5843 3468 5902 materiali

176 5913 410 5986 pliceret,
441 5917 488 5973 si
515 5917 614 5993 δεῦε
659 5925 716 5973 ut
740 5918 949 5976 creatio.
983 5915 1224 5989 Namque
1253 5931 1320 5973 ex
1369 5914 1500 5975 Bad.
1549 5926 1606 5974 et
1630 5931 1765 5976 mss.
1872 5911 2016 5968 illius
2036 5925 2215 5967 causa.
