3996 6330
544 303 652 362 459

1745 300 1993 360 ΒΑΝΟΤΙ
2036 300 2152 359 HIL

2261 301 2301 359 ll
2342 302 2648 362 EPISCOPI
3700 315 3780 375 H0

546 420 789 477 tudinem
839 417 1140 479 nativitatis
1183 420 1435 476 humanm
1481 416 1895 490 intelligentiam
1942 416 2142 475 divina:
2169 418 2314 484 Λευὶ
2344 419 2584 476 veritatis
2610 420 2692 494 (lt)
2727 418 3119 491 professionem
3159 438 3173 477 :
3206 420 3363 478 sicuti
3391 437 3487 480 nec
3526 438 3613 496 per
3631 394 3782 488 causas

546 517 914 591 generationis
942 515 1021 590 (α)
1053 515 1326 573 ostendit?

617 612 672 668 9.
706 609 812 665 Per
840 609 1068 666 membra
1105 610 1270 666 nostri
1310 609 1545 682 corporis
1573 608 1936 681 signiﬁcantur
1973 623 2157 681 opera-

547 708 710 763 tiones
736 704 856 761 Dei.
884 736 953 747 —
983 705 1309 777 Plerumque
1352 705 1497 762 enim
1541 719 1639 776 per
1685 704 1804 760 haec
1842 711 2156 760 nostrorum

547 813 836 869 corporum
864 798 1130 864 membra,
1162 798 1541 870 operationum
1579 811 1801 854 suarum
1830 796 1986 853 nobis
2014 795 2155 851 Deus

550 903 821 948 momenta
843 890 1178 962 significans,
1204 906 1425 949 sensum
1450 899 1702 949 nostrum
1724 905 1823 947 usu
1849 890 2157 961 intelligen-

525 986 635 1041 tite
662 984 971 1042 communis
996 984 1239 1052 edocuit,
1263 1001 1386 1041 cum
1408 986 1487 1040 ait
1519 1003 1532 1039 :
1560 984 1725 1059 Cujus
1750 1001 1935 1041 manus
1956 1001 2159 1041 creaue-

547 1087 667 1131 runt
693 1092 895 1131 onmem
927 1077 1169 1132 militiam
1186 1079 1300 1133 caeli
1321 1077 1519 1149 (Osetc,
1544 1094 1665 1145 xm,
1693 1078 1728 1134 4
1747 1076 1800 1152 );
1827 1078 1911 1135 vel
1933 1079 2155 1149 iterum,

551 1170 707 1225 Oculi
734 1169 949 1227 Domini
973 1189 1127 1244 super
1145 1173 1317 1244 justas
1338 1171 1517 1243 (Psal.
1548 1188 1743 1237 χχχιιι,
1771 1172 1859 1245 16)
1879 1189 1893 1239 ;
1914 1173 1997 1229 vel
2030 1190 2154 1230 rur-

544 1279 686 1329 sum,
723 1263 904 1318 Inveni
925 1262 1097 1320 David
1123 1264 1200 1339 (l)
1229 1266 1395 1336 ﬁlium
1417 1268 1563 1322 Jesse
1588 1265 1662 1339 (ὁ)
1688 1266 1855 1321 virtnn
1878 1268 2157 1323 secundant

547 1372 638 1412 cor
661 1372 828 1412 meum
850 1358 990 1427 (Act.
1024 1373 1140 1423 xm,
1169 1357 1288 1431 22).
1310 1356 1444 1414 Cum
1472 1358 1617 1415 enim
1640 1368 1695 1415 et
1724 1359 1973 1416 voluntas
1993 1361 2161 1432 signi-

548 1449 742 1505 ficetur
768 1450 820 1504 in
857 1450 1055 1518 corde,
1088 1466 1185 1522 per
1219 1467 1379 1522 quam
1419 1452 1587 1509 David
1633 1468 1846 1509 morum
1892 1453 2158 1524 probitate

551 1543 912 1613 complacuit,
954 1553 1009 1599 et
1059 1544 1300 1617 cognitio
1347 1545 1717 1603 universitatis
1743 1545 1826 1617 (‘2)
1856 1562 1961 1618 qua
2004 1555 2157 1602 extra

551 1637 836 1695 scientiam
862 1638 957 1695 Dei
980 1638 1113 1694 nihil
1136 1639 1229 1708 sit,
1253 1640 1355 1694 sub
1376 1639 1661 1695 oculorum
1691 1640 1956 1697 vocabulo
1985 1656 2156 1697 enun-

550 1730 734 1797 tietur,
766 1740 821 1787 et
846 1746 1071 1803 aperum
1103 1730 1392 1789 efficientia
1414 1775 1429 1800 ,
1461 1734 1583 1805 quia
1620 1733 1754 1790 nihil
1783 1748 1890 1790 non
1935 1750 2000 1791 ex
2049 1736 2156 1793 Deo

2255 528 2545 585 corporum
2576 523 2670 570 aut
2711 516 2843 571 velit
2889 526 2982 571 aut
3008 515 3189 572 videat
3231 525 3323 572 aut
3362 527 3511 588 agat,
3537 520 3782 581 sedatam

2257 606 2343 663 his
2400 607 2632 679 partium
2690 607 3201 680 nuncupationibus,
3244 620 3300 665 ut
3345 625 3440 681 per
3486 615 3784 683 corporalium

2257 701 2559 760 ministeria
2603 703 2776 760 virtus
2816 702 3234 761 efficientiarum
3277 704 3666 776 incorporation:
3688 724 3785 766 sea~

2259 795 2441 852 tiatur.
3700 787 3709 793 ’

2330 892 2357 946 1
2375 893 2419 947 Ι.
2448 891 2707 963 Propheta
2731 895 2988 963 {acturam
3009 906 3111 945 non
3132 890 3277 958 dicit,
3299 905 3448 962 quem
3470 889 3600 945 Deus
3624 900 3791 950 testatur

2256 982 2445 1053 filium.
2468 1013 2541 1025 —
2569 982 2774 1038 Natura
2805 983 2970 1053 igitur
3009 982 3259 1038 humana:
3305 982 3679 1040 consuetudinis
3711 1003 3790 1045 una

2256 1075 2409 1141 sinit,
2438 1074 2532 1132 sed
2577 1091 2678 1131 nec
2707 1075 3003 1133 Dominicae
3042 1075 3303 1132 doctrinae
3342 1077 3596 1133 sententia
3620 1080 3789 1149 patitur,

2261 1169 2521 1240 magistro
2550 1169 2872 1240 discipulum
2900 1183 3136 1241 praeesse
3159 1211 3175 1236 ,
3204 1168 3291 1224 vel
3333 1183 3546 1226 servum
3582 1171 3792 1242 imperare

2256 1262 2477 1318 domino
2506 1280 2520 1318 :
2551 1261 2695 1333 quod
2713 1263 2942 1318 alterum
2967 1262 3122 1318 alteri
3150 1271 3202 1318 et
3230 1276 3325 1333 per
3347 1262 3677 1332 ignorantiam
3692 1265 3790 1321 sub-

2258 1353 2468 1425 jaceat,
2500 1364 2555 1410 ut
2585 1354 2807 1426 ignarus
2836 1354 3066 1421 scienti;
3096 1363 3153 1411 et
3180 1369 3275 1425 per
3313 1353 3657 1412 conditionem
3680 1355 3792 1412 infir-

2260 1464 2406 1504 mum
2442 1448 2550 1516 sit,
2585 1458 2643 1505 ut
2674 1447 2976 1506 dominatui
3021 1449 3276 1505 servitus.
3301 1450 3432 1516 Qua:
3458 1463 3574 1506 cum
3620 1449 3679 1506 ita
3709 1464 3795 1507 esse

2259 1531 2548 1599 commune
2572 1542 2836 1613 judicium
2874 1542 2987 1610 sit;
3022 1543 3177 1614 cujus
3219 1556 3362 1601 nunc
3400 1558 3497 1599 nos
3537 1543 3792 1601 temeritatis

2261 1636 2516 1707 exemplo
2540 1635 2712 1692 Deum
2738 1644 3068 1703 creaturam,
3086 1646 3142 1692 et
3160 1634 3331 1693 filium
3362 1635 3610 1693 facturam
3624 1646 3673 1693 et
3687 1636 3795 1693 diee-

2262 1745 2383 1787 mus
2412 1740 2465 1788 et
2483 1729 2916 1787 existimabimus
2947 1744 3101 1786 :cum
3115 1744 3382 1800 nusquam
3408 1728 3558 1786 nobis
3575 1728 3727 1801 hoc(i)
3746 1730 3795 1786 de

551 1823 644 1891 sit,
665 1838 759 1894 per
785 1839 983 1882 nomen
1017 1840 1275 1882 manuum
1304 1827 1872 1899 intelligaturzvoleos
1899 1838 1953 1884 et
1975 1829 2159 1901 provi-
2186 1827 2322 1888 Bse
2375 1836 2431 1884 et
2481 1826 2738 1898 Magister
2784 1835 2843 1882 et
2891 1825 3149 1882 Dominus
3194 1840 3387 1881 servus
3454 1839 3516 1881 ac
3576 1823 3794 1894 discipulis

550 1915 686 1972 deus
713 1928 768 1974 et
794 1933 960 1989 agens
988 1919 1131 1977 Deus
1161 1930 1379 1987 cuncta,
1405 1921 1509 1977 sub
1535 1920 1930 1991 significatione
1957 1937 2152 1979 causa-
2255 1924 2370 1977 suis
2399 1920 2610 1976 locutus
2637 1919 2729 1987 sit,
2760 1934 2935 1991 neque
2960 1920 3296 1976 nativitatem
3329 1935 3482 1976 suam
3510 1928 3599 1976 aut
3614 1918 3793 1977 creatio-

551 2024 673 2065 rum
694 2012 1063 2082 corporalium
1089 2012 1473 2085 intelligendus
1497 2015 1616 2070 sine
1640 2015 1943 2072 ministerio
1960 2030 2155 2088 θοι-ρο·
2257 2029 2379 2071 nem
2405 2023 2498 2069 aut
2525 2012 2784 2069 facturam
2810 2012 3098 2070 docuerit?
3131 2013 3227 2070 sed
3270 2024 3326 2070 et
3362 2014 3523 2071 Pater
3559 2013 3677 2070 nihil
3708 2028 3791 2068 um-

551 2102 672 2171 rali,
695 2104 1258 2179 quantodohlﬁjam
1291 2107 1344 2162 in
1371 2122 1459 2177 eo,
1483 2107 1625 2178 quod
1655 2123 1721 2164 ex
1755 2120 1911 2165 utero
1939 2110 2148 2179 genuit,

553 2198 635 2270 (ὅ)
653 2213 758 2256 non
805 2198 877 2271 (ο)
902 2214 999 2271 per
1015 2215 1234 2257 causam
1253 2202 1593 2274 corporalem
1623 2201 1875 2259 humanae
1905 2204 2149 2275 originis;

555 2290 920 2364 intelligenda:
958 2293 1122 2349 etiam
1159 2293 1420 2365 Spiritalis
1457 2295 1755 2352 nativitatis
1775 2310 1970 2353 sensus
1991 2296 2155 2353 affer-

554 2395 673 2453 tur;
702 2402 823 2445 cum
846 2403 943 2459 per
964 2401 1197 2446 creteras
1220 2388 1301 2464 (ά)
1322 2389 1691 2446 membrorum
1709 2389 2155 2463 significationes,

551 2491 870 2539 ceterarum
897 2498 1111 2555 quoque
1142 2482 1197 2540 in
1228 2483 1341 2540 Deo
1370 2483 1789 2541 elficientiarum
1816 2484 2158 2543 demonstre-

552 2582 641 2630 tur
670 2572 937 2631 effectus?

626 2669 928 2726 l0.Dictum
950 2681 1023 2726 est
1052 2687 1119 2727 ex
1143 2686 1322 2730 ursao
1350 2672 1421 2728 ad
1448 2688 1580 2728 uerte
1608 2672 1891 2727 nativitatis
1913 2671 2160 2728 ostensio.

553 2781 691 2821 nent.
717 2794 786 2806 —
823 2764 959 2835 Quia
1009 2779 1140 2836 ergo
1181 2766 1502 2837 proponitur
1555 2781 1648 2823 cor
1683 2764 1753 2822 ad
1804 2764 2157 2832 voluntatem,

551 2857 695 2914 oculi
721 2856 790 2913 ad
820 2857 1021 2925 visum,
1044 2873 1236 2916 manus
1250 2859 1317 2915 ad
1339 2858 1755 2927 efl'ectum,cum
1781 2866 1958 2915 tamen
1986 2860 2062 2930 (e)
2083 2859 2164 2915 ul-

556 2959 634 3005 tra
666 2950 896 3020 partium
939 2951 1194 3009 infectam
1244 2954 1713 3023 comparationem
1755 2954 1899 3009 Deus
1942 2962 1999 3008 et
2031 2952 2163 3009 velit

551 3053 609 3097 et
635 3042 909 3113 provideat
940 3053 996 3100 et
1022 3053 1261 3116 peragat,
1290 3054 1348 3102 et
1366 3043 1482 3102 haec
1505 3045 1697 3104 eadem
1722 3060 1818 3118 per
1839 3061 1934 3103 cor
1960 3057 2015 3102 et
2036 3062 2164 3103 ocu-

553 3136 636 3194 los
649 3147 704 3194 et
720 3152 937 3195 manum
952 3138 1298 3196 enuntietur:
1319 3154 1503 3197 nonne
1515 3140 1860 3212 significatio,
1878 3156 1979 3211 qua
1995 3141 2065 3212 (ί)
2095 3157 2162 3196 ex

2257 2124 2417 2181 quam
2434 2107 2581 2164 aliud
2600 2123 2757 2179 quam
2778 2107 2941 2163 filium
2958 2117 3184 2165 testatus
3195 2110 3288 2177 sit,
3304 2117 3362 2166 et
3374 2108 3534 2182 415
3547 2108 3688 2165 Filius
3700 2107 3795 2165 nihil

2260 2202 2406 2265 aliud
2430 2215 2590 2274 quam
2634 2201 2910 2273 proprium
2954 2201 3057 2259 sibi
3102 2203 3275 2259 Deum
3330 2214 3539 2275 patrem
3584 2201 3795 2275 professus

2258 2293 2367 2351 sit?
2390 2302 2573 2351 natum
2606 2294 2811 2367 utique.
2838 2310 2945 2352 non
2977 2295 3177 2352 factum
3202 2304 3302 2352 aut
3328 2307 3561 2354 creatum
3586 2296 3657 2368 (4)
3684 2310 3731 2351 se
3748 2292 3795 2368 (ι)

2260 2399 2533 2453 asserens,
2562 2384 2720 2441 sicuti
2747 2387 2824 2441 ait
2854 2403 2867 2441 :
2901 2385 3081 2443 Omnis
3107 2388 3197 2459 qui
3225 2388 3401 2460 diligit
3431 2387 3648 2454 Patrem,
3673 2385 3795 2456 diligit

2261 2489 2308 2539 ct
2336 2478 2558 2547 Filium,
2589 2480 2679 2549 qui
2710 2490 2866 2537 natus
2892 2484 3057 2537 estea:
3081 2498 3142 2537 eo
3174 2480 3360 2554 (Joan.
3394 2496 3451 2549 v,
3486 2482 3559 2551 1).

2335 2574 2425 2630 12.
2461 2572 2620 2647 Operi
2646 2591 2751 2629 non
2779 2575 3012 2630 convenit
3040 2575 3140 2646 ﬁlii
3164 2590 3376 2630 nomen.
3403 2603 3476 2618 ση-
3503 2573 3703 2630 Factura
3729 2586 3797 2626 an.

2263 2676 2373 2725 tetu
2403 2682 2569 2740 opera
2596 2676 2962 2725 creaturarum
2976 2677 3123 2736 sunt,
3150 2667 3642 2741 non,generatioais
3653 2664 3794 2723 nativi-

2264 2770 2367 2820 tas.
2397 2762 2514 2818 Non
2541 2762 2685 2818 enim
2716 2762 2911 2818 caelum
2942 2762 3108 2829 filius,
3127 2771 3220 2819 aut
3242 2772 3390 2819 terra
3415 2762 3568 2828 filius,
3583 2768 3664 2816 aut
3682 2773 3792 2816 man-

2264 2858 2368 2914 dus
2407 2858 2659 2914 nativitas
2689 2867 2808 2923 est,
2836 2857 2906 2912 de
2948 2856 3140 2928 quibus
3165 2856 3371 2913 dictum
3401 2864 3487 2913 est
3508 2898 3522 2921 ,
3556 2853 3715 2911 Omnia
3734 2867 3798 2925 pa

2264 2969 2379 3009 eum
2410 2950 2548 3021 facta
2573 2961 2692 3008 sunt
2719 2950 2900 3022 (locu.
2923 2967 2962 3019 ι,
2990 2952 3070 3022 5),
3099 2960 3155 3008 et
3176 2951 3646 3023 per.Prophetam,
3675 2948 3798 3020 0pm

2265 3062 2513 3102 manuum
2571 3056 2776 3101 tuarum
2820 3054 2938 3099 sunt
2990 3044 3103 3099 caeli
3130 3043 3322 3115 (Psal.
3354 3060 3408 3100 Cl
3433 3086 3451 3113 ,
3476 3041 3577 3114 26)
3611 3059 3624 3096 :
3656 3049 3701 3097 et
3729 3052 3798 3110 per

2265 3140 2515 3197 eumdem
2544 3183 2559 3206 ,
2591 3140 2762 3212 Opera
2793 3156 3039 3195 manuum
3068 3151 3276 3194 tuarum
3318 3156 3424 3195 non
3450 3139 3640 3194 omittas
3659 3132 3797 3209 (Psal.

552 3242 712 3288 utero
764 3232 982 3304 genuit,
1058 3247 1201 3288 vera:
1245 3232 1543 3289 nativitatis
1598 3234 1839 3289 ostensio
1883 3234 2000 3289 est?
2046 3248 2155 3290 non
2181 3234 2228 3298 C
2260 3250 2498 3298 cxxxvtt,
2532 3231 2608 3307 8).
2634 3232 2907 3305 Numquid
2956 3233 3148 3305 pictori
3188 3233 3401 3303 pictura
3445 3232 3599 3294 filius,
3620 3237 3696 3285 aut
3725 3225 3802 3299 gla-

550 3325 696 3397 quod
726 3340 791 3382 ex
824 3335 977 3383 utero
1002 3326 1270 3397 genuerit,
1306 3325 1466 3385 sicuti
1495 3340 1595 3383 nec
1620 3341 1718 3397 per
1747 3341 1964 3382 manum
1993 3336 2150 3397 agat,

556 3433 661 3475 nec
689 3435 785 3490 per
805 3420 994 3475 oculos
1014 3418 1215 3487 rideat,
1244 3416 1323 3493 (g)
1341 3434 1441 3476 nec
1470 3434 1567 3490 per
1596 3434 1692 3476 cor
1708 3420 1839 3476 velit
1873 3438 1885 3475 :
1911 3420 2006 3476 sed
2027 3421 2153 3490 quia

554 3528 653 3585 per
680 3512 1128 3586 significationem
1160 3516 1354 3570 horum
1381 3527 1511 3571 vere
1546 3514 1730 3571 omnia
1756 3524 1810 3572 et
1847 3522 1971 3586 agat
1996 3522 2052 3571 et
2076 3514 2158 3571 vi-

556 3606 683 3663 deat
707 3616 764 3664 et
785 3607 950 3674 velit,
979 3608 1051 3667 ita
1083 3622 1179 3679 per
1228 3607 1681 3681 significationem
1712 3608 1887 3677 uteri,
1921 3624 2050 3666 vere
2092 3625 2161 3666 ex

555 3715 619 3758 se
639 3701 891 3774 genuerit
916 3716 1076 3773 quem
1107 3701 1317 3773 genuit,
1343 3716 1450 3757 non
1480 3716 1579 3773 per
1607 3715 1826 3759 causam
1874 3701 2037 3768 uteri,
2066 3702 2164 3760 sed

658 3819 710 3887 I)
738 3820 905 3904 Iesse:
934 3820 1105 3890 ﬁliunt
1131 3818 1413 3874 secundum
1447 3833 1534 3874 cor
1555 3833 1743 3874 meum.

746 3892 985 4036 ἓϊῖῗῇεν
1010 3978 1220 4018 causam
1242 3963 1564 4035 corporalem
1603 3963 1743 4019 intell

693 3891 715 4035 ἔ
746 3892 904 4035 itif;

656 3963 711 4035 5)
746 3963 867 4019 Νοιι
895 3980 985 4036 per
1010 3978 1220 4018 causam
1242 3963 1564 4035 corporalem
1603 3963 1952 4036 intelligenda:
1977 3964 2163 4019 nativi-

627 4084 706 4157 (a)
737 4085 867 4141 Post
896 4082 1122 4157 verbum
1153 4082 1410 4157 ostendit,
1459 4081 1594 4138 Lud.
1628 4079 2060 4157 .‘llirteusadjicit
2097 4095 2161 4134 ea!

555 4150 702 4282 παχέι-εἶ
724 4173 744 4213 :
773 4155 918 4230 quod
948 4159 1003 4213 in
1036 4155 1282 4227 pluribus
1302 4168 1436 4210 mss.
1461 4163 1656 4221 exstat,
1702 4168 1811 4209 non
1846 4152 1897 4207 in
1929 4150 2155 4221 castiga-

555 4239 684 4282 llOt‘l
704 4245 808 4282 )llS.

554 4230 808 4286 tioribus.

632 4300 711 4371 (ὁ)
754 4299 1067 4369 Adjecimus
1094 4301 1259 4354 virum
1279 4313 1347 4354 ex
1377 4312 1507 4371 mss.
1544 4296 1667 4351 Vat.
1693 4296 1835 4362 has.,
1857 4293 2074 4351 Martia.
2106 4302 2162 4351 et

556 4368 765 4435 aliquot
792 4368 935 4436 aliis,
977 4379 1125 4427 textu
1151 4384 1331 4441 graeco
1356 4368 1710 4441 suffragante.

636 4442 709 4517 (ε)
758 4441 848 4498 Sic
896 4443 1046 4517 Lips.
1093 4437 1177 4517 et'
1199 4440 1325 4495 Par.
1366 4454 1488 4517 cum
1523 4437 1849 4517 mssaflorb.
1890 4447 1944 4517 et
1975 4438 2161 4509 paucis

556 4510 725 4571 aliis:
782 4528 942 4585 quam
963 4510 1271 4568 lectionem
1324 4512 1427 4567 etsi
1452 4524 1557 4585 non
1585 4510 1893 4565 dubitamus
1920 4510 2163 4585 interpo-

558 4587 725 4642 latam
747 4627 763 4651 ,
798 4580 1068 4656 castigare
1105 4592 1286 4656 tamen
1325 4598 1433 4656 non
1456 4580 1752 4656 audemus.
1781 4580 2077 4656 cum_nulla
2108 4582 2159 4656 in

556 4658 680 4713 aliis
712 4657 862 4713 libris
885 4652 1065 4713 ex‘stet
1087 4654 1190 4711 nisi
1223 4653 1504 4711 mendosa.
1536 4652 1693 4722 Apud
1720 4653 1879 4720 Bad.,
1910 4652 2004 4706 Er.
2031 4663 2085 4708 et
2105 4653 2159 4708 in

556 4745 666 4785 ms.
700 4728 913 4785 Martin.
963 4744 1066 4783 non
1109 4743 1199 4799 per
1228 4742 1441 4782 causam
1468 4726 1787 4799 corporalem
1813 4722 2160 4799 intelligendre

559 4801 843 4856 nativitatis
869 4816 1048 4855 sensus
1076 4795 1296 4867 affertur
1317 4816 1337 4855 :
1366 4814 1483 4852 cum
1498 4795 1589 4870 per
1609 4807 1839 4862 cteteras,
1867 4805 1972 4851 ctc.
1996 4795 2155 4870 Apud

559 4871 829 4939 Mirmum,
859 4888 962 4925 non
984 4886 1073 4940 per
1094 4887 1303 4926 causam
1329 4868 1649 4942 corporalem
1680 4870 1920 4923 humana:
1942 4869 2157 4941 originis

557 4942 910 5014 intelligentia:
928 4941 1177 5012 spiritalis
1203 4941 1549 5014 intelligenda:
1572 4942 1852 4996 nativitatis
1877 4957 2054 5014 sensus
2076 4944 2155 5014 af.

560 5012 746 5084 [erum
794 5014 851 5069 ln
898 5029 1005 5069 uno
1052 5031 1084 5068 c
1115 5028 1246 5070 mss.
1276 5013 1452 5069 Vatic.
1483 5021 1540 5068 et
1563 5013 1737 5069 altero
1756 5013 1971 5068 Patrum
2003 5012 2161 5068 Mitti-

560 5101 776 5142 morum
798 5100 968 5158 prope
996 5084 1266 5158 Turones,
1320 5102 1425 5158 non
1449 5101 1539 5158 per
1572 5101 1784 5139 causam
1808 5085 2159 5153 corporalium

559 5154 993 5231 intelligenda—est
1022 5154 1625 5231 nativitas__sinegeﬂ'ectu_,_
1663 5173 1781 5231 cum
1803 5173 1896 5227 per
1919 5166 2157 5231 caeteras,

562 5242 669 5286 etc.
696 5224 753 5285 In
783 5228 1165 5284 vetustioribus
1185 5224 1564 5295 Colb.,llem.,
1585 5226 1705 5282 Vat.
1737 5224 1882 5288 bas.,
1907 5227 2154 5295 Carnut.,

560 5300 771 5367 Germ,
799 5300 959 5358 Vind.
988 5316 1092 5354 non
1123 5315 1214 5370 per
1241 5300 1798 5370 causamcorporalem
1823 5298 2007 5370 (Vind.
2040 5316 2157 5354 cor-

562 5370 841 5445 poralium)
868 5367 1148 5445 natiuitatis
1167 5369 1513 5443 intelligenda:
1528 5370 1637 5445 sine
1652 5367 1840 5445 alfectu
1866 5369 2011 5445 (Yat.
2039 5373 2154 5445 has.

560 5443 673 5498 sine
692 5440 895 5517 effectu)
925 5460 1041 5498 cum
1067 5460 1157 5514 per
1184 5440 1415 5508 cauerat,
1435 5452 1543 5498 etc.
1562 5440 1752 5517 Exilis
1779 5440 2158 5517 corrigendum

562 5525 813 5582 putamus
836 5559 854 5582 ,
876 5512 886 5517 ’
906 5532 1008 5571 non
1052 5512 1144 5584 per
1183 5531 1394 5570 causam
1423 5512 1743 5584 corporalem
1773 5513 2054 5571 nativitatis
2074 5514 2159 5569 in-

563 5585 868 5657 telligendus
894 5587 959 5641 sit
985 5585 1218 5655 elfectus,
1245 5603 1362 5642 cum
1383 5603 1475 5657 per
1497 5595 1728 5641 caeteras.

638 5655 832 5731 (ιι)1ιιΔ
866 5657 1071 5731 aliquot
1117 5674 1246 5731 mss.
1290 5655 1633 5731 ruentbrorum
1674 5657 2057 5731 corporalium;
2104 5665 2159 5714 et

564 5727 716 5803 mox,
745 5727 1141 5803 efﬁcietttiarum
1169 5730 1530 5803 spiritalium;
1555 5727 1846 5801 glossema.

592 5796 707 5873 ._(e)
753 5796 910 5873 Apud
937 5796 1335 5862 Er..dutntaxat
1367 5813 1423 5858 et
1467 5796 1591 5858 Min.
1635 5813 1818 5872 extra:
1852 5811 1962 5858 tum
2013 5802 2155 5873 apud

562 5842 712 5941 Lips].
770 5842 836 5927 ei
873 5869 995 5929 Par.
1036 5842 1274 5944 partiuni
1299 5875 1648 5947 imperfectam
1679 5842 2158 5950 cotttparatione't’ut

2260 3329 2381 3385 dius
2424 3329 2576 3386 fabro
2626 3329 2768 3385 filius
2814 3338 2907 3385 aut
2943 3328 3240 3386 architecto
3281 3329 3481 3384 domus
3533 3324 3685 3383 filius?
3716 3322 3804 3386 Hec

2259 3423 2404 3480 enim
2452 3437 2619 3495 Opera
2672 3422 3018 3479 efficientium
3048 3431 3212 3479 sunt:
3244 3431 3301 3479 at
3346 3436 3478 3480 vero
3505 3419 3633 3494 patri
3670 3415 3803 3480 solus.

2270 3518 2361 3590 qui
2387 3534 2453 3574 ex
2479 3533 2544 3574 eo
2574 3518 2839 3587 nascitur,
2871 3518 3012 3575 filius
3051 3527 3154 3575 est.

2336 3613 2425 3668 l5.
2457 3611 2510 3667 Ν
2515 3613 2572 3668 ὃς
2602 3611 2699 3668 Dei
2728 3613 2826 3684 ﬁlii
2853 3614 2999 3685 facti,
3032 3629 3135 3667 non
3161 3613 3290 3682 nati,
3321 3613 3538 3684 ideoque
3563 3626 3655 3667 non
3672 3605 3802 3664 ssi.—

2269 3706 2341 3763 Et
2364 3720 2464 3762 nos
2490 3706 2707 3778 quidem
2738 3706 2832 3763 lilii
2860 3708 2995 3774 Deo,
3026 3707 3121 3764 sed
3149 3722 3244 3779 per
3266 3707 3531 3764 facturam
3555 3703 3658 3761 filii.
3714 3695 3803 3756 Fui

2258 3824 2380 3878 tatis
2406 3822 2517 3877 sine
2539 3820 2751 3890 affectu,
2776 3839 2891 3877 cum
2919 3838 3010 3891 per
3035 3833 3277 3879 crateras.—

2337 3893 2417 3968 (4)
2443 3894 2657 3952 Absunt
2696 3895 2862 3951 verba
2888 3913 2942 3951 sc
2965 3911 3200 3952 asserens
3226 3911 3259 3951 a
3284 3911 3393 3953 ms.
3425 3903 3622 3953 nostro.

2303 4075 2407 4130 und
2458 4088 2582 4129 cum
2635 4088 2741 4128 non
2789 4081 2969 4128 ettstet
3009 4072 3112 4129 nisi
3156 4086 3186 4125 a
3215 4072 3457 4128 secunda
3487 4067 3702 4127 manuin
3728 4079 3800 4120 ms.

2303 4091 2407 4130 una
2458 4091 2582 4129 cttm
2635 4091 2741 4128 llOll
2789 4091 2969 4128 exuet
3009 4091 3112 4129 lllSl
3156 4091 3186 4125 a
3215 4091 3457 4128 secunua
3487 4091 3636 4127 manu
3658 4091 3702 4123 ιιι
3729 4091 3800 4120 tua.

2263 4091 2582 4203 (qlorbeiensi
2606 4161 2620 4210 ;
2645 4160 2708 4200 ex
2737 4144 2894 4201 Bid..
2929 4144 3022 4200 Er.
3051 4154 3105 4199 et
3135 4151 3462 4200 cmterorum
3494 4157 3618 4199 mss.
3646 4139 3802 4195 fidere—

2260 4220 2533 4274 stituimus
2554 4217 2816 4285 infectant.
2847 4216 2948 4272 Vix
2979 4227 3156 4288 tamen
3190 4216 3536 4288 ambigimus,
3566 4213 3798 4288 quin‘ptge-

2264 4290 2547 4347 ferendum
2578 4281 2649 4344 sit
2672 4290 2930 4359 inceptam
2959 4305 2977 4353 ;
3012 4285 3245 4344 maxime
3266 4281 3392 4344 cum
3424 4281 3649 4358 legamus
3679 4284 3719 4337 iu
3738 4281 3801 4335 Ps.

2261 4375 2454 4428 cam,
2513 4377 2566 4438 n_.
2593 4360 2668 4417 tl:
2718 4360 2988 4431 Quidquid
3017 4360 3503 4438 compositurus“,
3542 4360 3801 4438 necesse“!

2264 4451 2366 4490 non
2422 4427 2575 4505 {iterit
2626 4427 2914 4507 aeternum;
2952 4432 3072 4503 quia
3122 4432 3429 4507 compositio
3468 4433 3608 4507 habet
3629 4427 3798 4507 inultm.

2264 4523 2362 4577 quo
2392 4503 2696 4576 corporatur
2727 4503 2834 4567 (vel
2866 4514 3198 4575 comparatur
3218 4503 3243 4574 ,V
3284 4504 3426 4561 forte
3457 4505 3610 4561 etiam
3633 4503 3800 4560 melius.

2264 4577 2555 4651 comparat)
2582 4586 2637 4633 ut
2664 4585 2890 4632 maneat.

2341 4671 2411 4743 (ι’)
2444 4670 2534 4727 Sic
2563 4669 2693 4726 Bad.
2728 4669 3155 4743 cum_pleri§que
3184 4676 3240 4724 et
3266 4669 3573 4740 potioribus
3600 4677 3710 4721 mss.
3728 4656 3801 4716 Alii

2264 4739 2400 4800 vero
2425 4743 2568 4809 libri,
2596 4758 2659 4797 ea:
2678 4751 2820 4797 utero
2848 4739 2986 4796 Deus
3014 4739 3181 4797 Deum
3202 4739 3402 4811 genuit.

2333 4833 2586 4909 (g)__Nihi_l
2620 4832 2880 4909 hactenus
2901 4840 2994 4889 aut
3010 4832 3279 4909 deinceps
3298 4834 3370 4909 de
3391 4833 3621 4897 auribus,
3648 4835 3697 4885 ut
3714 4836 3800 4881 cum

2263 4904 2522 5034 millet.
2560 4906 2681 4962 bas.
2712 4913 2766 4961 ct
2795 4904 2980 4961 Minue
3010 4904 3097 4960 hic
3117 4904 3458 4977 subjiciatur,
3487 4922 3573 4963 nec
3597 4910 3802 4976 perdet“

2263 4995 2330 5034 att
2369 4988 2462 5034 tut.

2340 5072 2423 5148 (It)
2447 5070 2743 5148 Apudjlrg
2763 5070 2911 5148 Lips.
2944 5080 2999 5126 et
3018 5070 3142 5148 Par.
3166 5070 3475 5148 adjungitur
3500 5071 3582 5128 hic
3602 5064 3804 5143 genuine:

2265 5142 2413 5217 quod
2441 5142 2593 5200 abest
2629 5157 2662 5198 a
2692 5142 2831 5217 Bad.
2863 5142 3492 5217 etvetustioribus’mss.
3524 5142 3805 5217 negiqum‘r

2265 5210 2550 5273 ferendum
2605 5229 2729 5270 cum
2783 5214 2999 5270 Martio.
3055 5216 3123 5270 ad
3163 5217 3436 5273 veritatem
3493 5210 3800 5286 professionis:

2265 5303 2388 5372 eum
2409 5290 2597 5372 peritas
2627 5286 2715 5342 hic
2748 5286 2971 5359 perinde
3015 5286 3088 5343 sit
3113 5302 3181 5343 ac
3204 5303 3331 5344 vera
3357 5288 3627 5362 generatio
3649 5326 3663 5351 ,
3708 5289 3802 5335 veri

2267 5360 2542 5417 uativitas.

2337 5430 2400 5505 (i)
2432 5433 2490 5506 In
2518 5432 2731 5506 duobus
2758 5446 2891 5506 mss.
2922 5430 3180 5506 Colb.‘de
3211 5433 3341 5506 lege,
3370 5448 3479 5489 non
3508 5432 3569 5506 de
3592 5444 3672 5506 se;
3695 5419 3801 5497 quoii

2260 5500 2440 5632 abest!
2440 5504 2510 5560 ab
2534 5504 2825 5579 antiquiori
2855 5513 2912 5560 ut
2939 5512 2997 5561 et
3024 5518 3055 5560 a
3083 5500 3291 5578 Rentig.
3334 5505 3390 5563 In
3414 5504 3613 5562 Martia.
3630 5500 3713 5555 hoc
3740 5511 3796 5559 se.

2261 5591 2382 5632 sme
2441 5593 2487 5632 e.

2261 5591 2382 5633 Stne
2405 5591 2487 5632 ae.

2333 5661 2405 5734 tj)
2436 5660 2701 5734 Addimus
2739 5659 2826 5734 hic
2864 5676 2918 5715 se
2932 5675 3199 5734 _osserens
3224 5659 3540 5734 auctoritate
3569 5669 3682 5734 mss.
3702 5646 3795 5704 Val.

2261 5727 2404 5794 basi}
2424 5732 2604 5799 (Iolb.,
2633 5732 2892 5800 Sorbou.,
2927 5732 3116 5798 Faur.,
3146 5744 3253 5790 etc.
3284 5732 3387 5788 Pro
3416 5732 3500 5786 his
3523 5727 3669 5786 habet
3691 5734 3796 5779 unus

2261 5805 2473 5876 Reniig.
2507 5820 2627 5860 cum
2650 5804 2870 5877 νΤΙιθοᾶ.
2898 5822 2911 5859 ι
2947 5803 3117 5860 Natus
3141 5807 3329 5877 itaque,
3361 5820 3463 5861 non
3497 5802 3688 5874 factust
3729 5800 3796 5847 ut“

2261 5886 2486 5947 creatus,
2508 5876 2656 5933 sicuti
2677 5878 2769 5939 ait;
