3996 6330
181 368 267 429 Ilii
1327 356 1412 413 DE
1451 353 1827 413 TRINlTATE
1859 352 2061 411 LIBER
2099 354 2213 410 ΧΠ.

3327 353 3436 409 442

182 503 284 546 ntus
311 483 443 540 enim
474 478 761 551 aliquando
812 477 907 534 ﬁlii
939 475 1234 533 iracundia:
1257 519 1260 524 .
1285 475 1504 550 (Ephes.
1535 491 1594 542 ιι,
1628 476 1727 546 5);
1758 485 1809 546 Α
1838 474 1948 529 ﬁlio
1981 472 2148 529 lsrael
2176 471 2450 543 proprium
2481 480 2666 540 esset,
2715 469 2859 542 quod
2889 470 3277 542 primogenitus
3301 479 3384 526 est
3413 486 3428 537 ;

181 581 263 638 sed
291 579 376 633 ﬁlii
402 577 508 631 Deo
538 589 632 645 per
659 572 908 644 spiritum
954 572 1262 643 adoptionis
1289 570 1488 634 elleeti,
1531 579 1588 625 et
1624 567 1731 624 dici

178 674 222 731 id
249 684 497 728 meremur
539 667 717 739 potius
773 681 932 738 quain
967 667 1260 721 nascimur.
1306 665 1371 720 Et
1409 664 1532 735 quia
1569 677 1732 718 omne

175 765 297 837 quod
327 765 399 828 lit,
427 771 545 815 ante
575 775 734 830 quam
766 760 877 827 ﬁat,
911 774 1016 814 non
1050 759 1147 814 fuit
1181 776 1195 825 ;
1230 773 1330 814 nos
1357 773 1478 814 cum
1505 758 1598 812 lilii
1624 773 1730 812 non

173 859 452 920 fuissemus,
483 853 546 907 ad
569 853 621 907 id
648 852 791 924 quod
818 868 1007 909 sumus
1049 852 1341 908 efﬁcimur.
1395 852 1536 909 Ante
1583 851 1730 905 enim

174 952 251 1007 lilii
280 964 376 1005 non
405 961 652 1004 eramus:
683 946 778 1002 sed
812 956 934 1018 post
981 962 1142 1018 quam
1177 945 1474 1001 meruimus
1505 944 1607 999 hoc
1639 959 1731 999 su-

171 1059 292 1101 mus.
336 1041 525 1096 Sumus
551 1048 730 1094 autem
757 1054 864 1094 non
891 1039 1023 1107 nati,
1055 1039 1148 1094 sed
1179 1039 1338 1105 lacti;
1373 1052 1547 1109 neque
1567 1052 1732 1108 gene-

172 1137 279 1202 rati,
303 1135 390 1190 sed
409 1133 676 1204 acquisiti.
719 1132 1018 1204 Acquisivit
1067 1133 1214 1190 enim
1261 1132 1363 1188 sibi
1390 1131 1532 1188 Deus
1561 1144 1731 1202 popu-

167 1233 260 1288 lum
311 1229 351 1304 (Ι
376 1229 489 1284 Pet.
524 1245 600 1296 it,
634 1227 731 1299 9):
777 1240 833 1285 et
886 1246 983 1300 per
1041 1231 1144 1286 hoc
1186 1229 1387 1300 genuit.
1464 1227 1730 1285 Genuisse

166 1334 322 1379 autem
353 1324 514 1378 Deum
549 1321 707 1390 lilios,
741 1337 1032 1392 numquam
1061 1337 1182 1378 cum
1225 1323 1572 1394 proprietatis
1622 1322 1728 1392 sig-

167 1415 448 1473 niﬁcatione
473 1415 876 1485 cognoscimus.
917 1415 1031 1471 Non
1061 1416 1205 1472 enim
1234 1417 1346 1471 ait:
1379 1415 1546 1471 Filios
1576 1431 1728 1472 meos

167 1510 302 1581 genui
337 1519 387 1565 et
413 1510 642 1564 exaltavi
673 1527 685 1564 :
732 1509 827 1565 sed
853 1508 957 1566 hoc
988 1519 1193 1566 tantum
1225 1528 1238 1566 :
1293 1509 1456 1565 Filios
1501 1511 1653 1583 genui
1678 1518 1728 1566 et

162 1604 356 1661 exaltari
385 1602 552 1673 (Esai.
584 1618 622 1671 t,
650 1603 733 1675 9).

224 1700 300 1753 Μ.
347 1697 576 1768 Objectio
604 1698 741 1770 quod
769 1697 939 1753 Israel
959 1708 1005 1753 et
1036 1699 1277 1770 praprius
1311 1699 1513 1754 dicatur
1539 1708 1584 1754 et
1611 1699 1721 1771 fac-

160 1804 243 1848 tus.
265 1822 329 1834 -
356 1791 464 1846 Nisi
497 1790 640 1848 forte
665 1792 717 1847 in
749 1807 814 1848 co
839 1792 983 1864 quod
1010 1793 1086 1848 ait
1111 1811 1124 1847 ε
1156 1791 1329 1848 Filius
1358 1795 1728 1866 primogenita:

1841 567 1913 640 (c)
1945 575 2072 622 nato
2102 580 2232 621 vero
2261 566 2348 620 uni
2385 566 2492 622 Deo
2517 565 2860 622 manilestum
2890 567 2960 621 sit
2986 565 3260 635 proprium
3292 579 3434 634 esse,

1836 666 1977 738 quod
2010 665 2149 721 ﬁlius
2179 665 2268 720 sit.
2334 663 2451 720 Non
2483 675 2566 720 est
2615 665 2793 736 itaque
2834 679 2961 719 vera
2990 672 3044 719 et
3068 664 3306 736 perlecta
3335 678 3431 718 na-

1837 760 2038 826 tivitas,
2071 758 2161 813 tibi
2192 757 2482 828 deputatur
2512 757 2703 828 magis,
2744 772 2906 828 quam
2930 764 3219 827 generatur
3246 774 3260 812 :
3303 755 3429 828 quia

1836 867 1943 908 non
1970 848 2281 924 ambiguum
2311 860 2394 906 est
2419 865 2541 905 eum
2567 850 2824 921 populum
2849 893 2864 917 ,
2899 849 2991 920 qui
3019 848 3074 904 in
3108 849 3276 904 ﬁlium
3307 863 3432 904 nas-

1834 959 2009 1016 catur,
2033 961 2087 1005 et
2112 949 2250 1004 ﬁeri.
2294 947 2449 1015 Quod
2478 957 2656 1002 autem
2688 947 2745 1002 lit
2783 961 2905 1002 eum
2951 961 3057 1001 non
3105 945 3294 1002 fuisset
3321 987 3334 1010 ,
3375 952 3433 1000 et

1835 1058 1933 1115 per
1975 1043 2026 1098 id
2059 1041 2200 1114 quod
2227 1041 2424 1096 laetum
2454 1049 2538 1096 est
2568 1039 2766 1094 dicitur
2796 1038 2942 1094 nasci
2973 1057 2988 1104 ;
3033 1052 3138 1093 non
3169 1047 3252 1093 est
3291 1037 3345 1093 in
3367 1052 3434 1092 eo

1833 1154 1961 1193 vera
1988 1137 2257 1206 nativitas,
2286 1136 2407 1207 quia
2440 1146 2564 1190 ante
2591 1131 2732 1188 aliud
2752 1148 2911 1204 quam
2931 1141 3113 1187 natum
3134 1142 3215 1188 est
3245 1130 3426 1188 fuerit.

1836 1233 1900 1289 Et
1922 1233 2124 1289 idcirco
2151 1232 2236 1304 (ά)
2267 1247 2372 1286 non
2405 1230 2502 1286 luit
2528 1231 2604 1302 (5)
2650 1238 2935 1298 antequam
2970 1236 3281 1282 nasceretur
3311 1269 3325 1292 ,
3376 1226 3429 1282 id

1833 1335 1953 1393 est,
1993 1335 2278 1396 antequam
2310 1325 2500 1379 ﬁeret:
2549 1322 2668 1394 quia
2722 1321 2810 1392 qui
2869 1336 2935 1376 ex
2987 1319 3238 1391 gentibus
3287 1318 3429 1375 ﬁlius

1833 1426 1937 1487 est,
1961 1433 2093 1489 gens
2126 1427 2208 1473 est
2230 1427 2356 1473 ante
2381 1432 2539 1488 quam
2575 1415 2748 1471 ﬁlius:
2777 1415 2846 1487 (e)
2875 1429 2939 1470 ac
2969 1429 3063 1484 per
3088 1413 3141 1469 id
3173 1427 3280 1468 non
3305 1429 3431 1469 vere

1835 1513 1998 1580 ﬁlius,
2021 1512 2144 1585 quia
2174 1527 2277 1566 non
2310 1525 2524 1580 semper
2549 1510 2711 1565 ﬁlius.
2742 1507 3058 1579 Unigenittts
3089 1518 3268 1562 autem
3289 1506 3429 1562 Deus

1836 1623 2010 1679 neque
2052 1621 2156 1662 non
2195 1605 2264 1679 (ί)
2300 1605 2397 1661 luit
2418 1604 2707 1676 aliquando
2736 1617 2840 1658 non
2872 1601 3014 1658 ﬁlius
3045 1643 3058 1668 ,
3121 1615 3296 1672 neque
3325 1600 3426 1656 luit

1832 1699 2031 1769 aliquid
2079 1708 2205 1754 ante
2239 1697 2580 1769 quamlilius,
2630 1711 2803 1767 neque
2849 1696 3139 1766 quidquam
3197 1693 3273 1768 (g)
3327 1693 3425 1750 ali-

1832 1793 1958 1865 quid
1993 1794 2106 1864 ipse
2153 1791 2254 1848 nisi
2282 1793 2442 1848 ﬁlius.
2488 1792 2662 1861 Atque
2693 1791 2764 1845 ita
2796 1789 2886 1860 qui
2912 1803 3128 1859 semper
3155 1799 3237 1844 εει
3261 1787 3423 1854 ﬁlius,

160 1903 279 1941 mens
307 1885 466 1940 Israel
495 1884 693 1957 (Exod.
740 1904 814 1953 tv,
844 1887 940 1958 2!.)
964 1930 977 1953 ,
1007 1887 1286 1960 quisquam
1317 1889 1419 1945 hoc
1443 1889 1584 1961 quod
1619 1890 1726 1959 pri-
1757 1899 1805 1960 Β
1834 1890 1913 1965 (4)
1948 1905 2051 1944 non
2094 1889 2315 1960 reliquit
2340 1887 2391 1943 id
2415 1888 2481 1944 de
2506 1903 2564 1943 se
2595 1885 2990 1958 intelligentitc,
3036 1898 3106 1941 ne
3133 1882 3424 1955 aliquando

158 1979 416 2050 ntogeuitns
442 1995 585 2032 meus
616 1977 771 2044 dixit,
801 1979 865 2034 ad
894 1979 1282 2037 detrahendam
1313 1981 1452 2038 Filio
1483 1983 1723 2052 proprie-

160 2081 296 2127 tatem
340 2072 706 2143 generationis
744 2073 1047 2146 intelliget;
1097 2085 1157 2130 ut
1203 2075 1325 2146 quia
1358 2084 1412 2131 et
1451 2075 1520 2132 de
1561 2075 1723 2134 Israel

160 2164 331 2220 dixerit
366 2182 530 2233 utens,
577 2165 880 2238 assumptio
904 2166 1167 2222 factorum
1197 2167 1431 2224 ﬁliorum
1463 2183 1560 2239 pro
1587 2169 1726 2224 nati-

160 2260 311 2314 vitatis
331 2259 662 2330 proprietate
716 2271 971 2331 usurpata
1022 2261 1143 2317 sit?
1200 2271 1252 2317 et
1288 2262 1490 2318 idcirco
1525 2276 1630 2318 nou
1653 2261 1723 2318 sit

155 2355 387 2411 nativitati
417 2355 512 2412 Dei
549 2355 850 2427 preprium,
875 2356 1016 2427 quod
1039 2355 1106 2412 de
1130 2372 1196 2412 eo
1225 2357 1428 2413 dictum
1461 2367 1546 2414 est
1573 2375 1586 2410 :
1621 2356 1725 2410 llic

157 2459 217 2502 est
243 2449 372 2519 ﬁlius
417 2466 564 2503 meus
593 2449 812 2503 dilectus
837 2449 1053 2521 (-Jlattlt.
1085 2466 1217 2518 xvn,
1254 2451 1308 2522 5)
1339 2468 1353 2516 ;
1419 2467 1539 2506 cum
1582 2466 1724 2504 meus

151 2542 290 2597 etiam
318 2542 424 2597 illis
472 2544 754 2614 proprium
798 2557 919 2599 esse
945 2543 1196 2610 dicatur,
1235 2559 1371 2615 quos
1421 2561 1528 2602 non
1571 2557 1726 2602 natos

152 2650 255 2690 esse
281 2636 624 2693 manifestum
677 2645 778 2692 εει.
843 2637 959 2692 Non
1000 2649 1155 2693 natos
1184 2650 1365 2696 autem
1388 2655 1510 2697 esse
1541 2683 1556 2705 ,
1600 2640 1727 2696 licet

150 2729 240 2784 uati
263 2745 377 2787 esse
403 2731 680 2796 dicantur,
707 2733 788 2788 vel
811 2746 878 2787 ex
903 2747 969 2787 eo
998 2735 1223 2789 docetur
1247 2749 1367 2789 eum
1390 2733 1726 2801 dicitur,Po—

147 2823 250 2891 pulo
275 2825 357 2894 qui
382 2833 648 2891 nascetur,
677 2842 822 2896 quem
850 2826 970 2896 fecit
998 2826 1247 2883 Dominus
1270 2827 1440 2899 (Paul.
1468 2846 1577 2897 xxr,
1608 2831 1722 2902 5‘2).

203 2917 282 2972 15.
312 2917 478 2974 Israel
505 2935 616 2973 non
647 2921 887 2990 praprius
915 2921 1057 2991 [ilius
1079 2963 1092 2988 ,
1145 2922 1236 2976 sed
1256 2924 1504 2995 ’proprius
1534 2924 1726 2995 primo-

143 3012 337 3080 genitus.
379 3011 498 3068 Non
529 3024 611 3068 est
637 3015 848 3085 proprie
873 3016 1015 3086 [ilius
1040 3017 1125 3086 qui
1150 3018 1215 3071 sit
1242 3034 1360 3072 cum
1391 3035 1490 3072 non
1521 3021 1718 3089 fuisset.

141 3135 199 3145 ——
226 3105 358 3179 Ergo
387 3109 628 3179 pepulus
654 3111 818 3166 Israel
847 3113 932 3183 (1)
961 3113 1200 3168 nascitur
1231 3114 1332 3186 (ιι),
1385 3123 1443 3170 ut
1467 3115 1559 3171 liat
1588 3134 1600 3170 :
1631 3131 1724 3172 ne-

143 3213 229 3268 que
252 3215 341 3270 per
366 3201 418 3256 id
449 3203 600 3274 quod
626 3204 776 3260 nasci
803 3203 1027 3274 dicitur,
1073 3223 1178 3260 non
1211 3207 1376 3282 [ηε
1405 3209 1723 3281 intelligitur

1827 1998 1933 2040 non
1969 1984 2145 2039 fuerit.

1901 2078 1988 2134 16.
2020 2079 2189 2134 Rebus
2213 2077 2450 2132 Immanis
2473 2092 2737 2131 commune
2757 2084 2826 2130 est
2852 2073 3130 2146 aliquando
3154 2088 3255 2127 non
3267 2072 3427 2145 fuisse

1826 2179 1873 2225 et
1902 2186 1966 2225 ea:
1991 2171 2153 2224 nihilo
2177 2186 2303 2225 esse.
2335 2199 2408 2210 --
2463 2168 2531 2224 Et
2559 2167 2866 2223 nativitates
2913 2166 3132 2238 quidem
3165 2165 3418 2221 humana:

1829 2263 2026 2319 habent
2063 2266 2114 2318 in
2147 2276 2387 2335 tempore
2419 2278 2524 2318 non
2559 2262 2763 2318 fuisse:
2811 2261 3041 2332 primum
3083 2259 3204 2329 quia
3231 2273 3423 2315 omnes

1827 2376 1894 2418 ex
1926 2360 2008 2416 his
2029 2360 2302 2425 omnibus,
2337 2360 2425 2431 qui
2447 2368 2571 2414 ante
2593 2359 2669 2432 (5)
2700 2373 2804 2413 non
2836 2357 2918 2430 (It)
2945 2356 3162 2422 fuerint,
3193 2369 3422 2411 nascan-

1830 2467 1934 2513 tur.
1977 2457 2108 2514 Nam
2151 2459 2364 2513 tametsi
2415 2457 2701 2528 unicuique
2748 2456 3082 2512 nascentium
3126 2470 3192 2510 ex
3242 2469 3308 2510 eo
3349 2453 3422 2510 sit

1827 2553 1979 2623 origo
2009 2555 2098 2624 qui
2125 2551 2310 2618 fuerit;
2356 2560 2536 2607 tamen
2580 2552 2695 2622 ipse
2727 2551 2851 2614 ille.
2909 2566 2972 2606 ex
3003 2565 3110 2622 quo
3157 2550 3416 2617 nascitur,

1829 2663 1934 2702 non
1966 2646 2064 2702 fuit
2091 2657 2216 2702 ante
2244 2663 2403 2718 quam
2431 2657 2585 2701 natus
2610 2655 2709 2702 est.
2769 2646 2976 2702 Dehinc
3002 2648 3117 2717 ipse
3146 2645 3237 2718 qui
3264 2654 3420 2701 natus

1829 2752 1931 2808 est,
1966 2751 2085 2814 post
2115 2759 2273 2814 quam
2305 2758 2409 2797 non
2444 2743 2542 2797 l‘uit
2571 2751 2728 2797 natus
2750 2751 2852 2806 est,
2889 2750 3130 2812 tempore
3157 2751 3283 2796 ante
3310 2756 3422 2795 ma-

1829 2847 2011 2903 nente,
2042 2852 2200 2908 quam
2234 2838 2491 2892 nascitur.
2571 2835 2808 2892 Naseens
2851 2837 2992 2890 enim
3023 2834 3183 2890 hodie
3210 2875 3224 2900 ,
3274 2833 3324 2888 in
3353 2849 3421 2889 eo

1826 2933 1972 3007 quod
2002 2934 2313 2989 hcstermun
2340 2933 2440 2988 fuit
2468 2948 2572 2988 non
2601 2931 2730 2998 fuit;
2791 2933 2921 2988 etin
2953 2931 3002 2988 id
3027 2929 3167 3002 quod
3209 2938 3311 2992 est,
3353 2945 3420 2985 ex

1827 3041 1893 3080 eo
1916 3024 2057 3096 quod
2082 3039 2188 3079 non
2215 3023 2335 3090 fuit,
2364 3025 2549 3095 coepit,
2582 3034 2635 3079 et
2679 3024 2817 3078 intra
2860 3021 3268 3092 intelligentiam
3307 3036 3411 3076 no-

1826 3128 1992 3173 stram
2021 3126 2104 3174 est
2127 3160 2140 3185 ,
2206 3119 2464 3173 hesterno
2493 3116 2542 3172 id
2569 3159 2584 3185 ,
2625 3118 2765 3186 quod
2815 3116 2973 3172 hodie
3006 3117 3264 3184 nascitur,
3311 3131 3416 3171 non

1824 3212 2008 3269 fuisse.
2045 3214 2218 3283 Atque
2243 3211 2405 3286 417
2446 3213 2516 3267 ita
2548 3213 2798 3267 nativitas
2831 3211 2965 3281 ejus,
2999 3228 3094 3284 per
3123 3226 3283 3282 quam
3313 3219 3417 3275 est,

137 3304 179 3344 et
207 3289 334 3348 ﬁeri.
379 3294 458 3350 Ex
493 3295 792 3367 adoptione
819 3299 963 3352 enim
992 3308 1074 3353 est
1102 3299 1264 3367 ﬁlius,
1315 3318 1418 3356 non
1461 3319 1523 3356 ex
1555 3318 1720 3373 gene-
1748 3295 1793 3359 C
1828 3315 1946 3377 post
1978 3305 2029 3361 id
2057 3304 2200 3378 quod
2226 3305 2643 3362 nont‘uitmanet
2670 3323 2684 3367 ;
2709 3305 2831 3376 quia
2856 3304 3016 3360 hodie
3041 3307 3267 3375 primum
3299 3313 3422 3376 post

138 3386 354 3454 ratione;
401 3405 586 3460 neque
609 3391 658 3445 ei
715 3391 1019 3462 prolirietas
1047 3435 1061 3460 ,
1099 3393 1194 3448 sed
1245 3395 1572 3465 nuncupatio
1615 3405 1716 3451 est.

135 3476 246 3533 Nam
278 3481 400 3538 licet
423 3484 805 3554 primogenitus
834 3501 973 3540 meus
993 3485 1062 3542 de
1085 3502 1152 3542 eo
1182 3487 1444 3558 scriptum
1468 3490 1538 3544 sit
1564 3505 1579 3556 ;
1605 3489 1724 3545 lon-

134 3587 188 3641 ge
216 3583 382 3631 tamen
417 3578 766 3648 multumque
797 3577 998 3643 diﬁ'ert,
1026 3577 1196 3634 Filius
1233 3598 1373 3636 meus
1395 3582 1628 3651 dilectus,
1667 3593 1722 3641 et

133 3663 280 3724 Filius
324 3671 704 3744 primogenitus
743 3688 903 3727 meus.
981 3671 1080 3729 Ubi
1121 3673 1264 3730 enim
1306 3676 1558 3733 nativitas
1594 3686 1676 3734 est
1700 3718 1716 3745 ,

134 3758 193 3814 ibi
237 3760 401 3818 Filius
446 3782 596 3820 meus
647 3765 898 3821 dilectus:
958 3767 1044 3824 ubi
1095 3783 1223 3824 vero
1274 3768 1470 3826 electio
1501 3786 1564 3828 ex
1589 3786 1720 3841 gen-

131 3852 255 3910 tibus
309 3867 425 3926 est,
514 3866 574 3914 et
645 3859 862 3928 adoptio
915 3876 1013 3930 per
1065 3861 1398 3918 voluntatem
1453 3873 1567 3928 est,
1646 3863 1720 3919 ibi

132 3943 277 4004 Filius
303 3952 684 4024 primogenitus
713 3969 874 4008 meus.
920 3955 1015 4010 llic
1044 3955 1187 4026 quod
1214 3970 1342 4012 suus
1364 3967 1469 4025 est,
1518 3957 1585 4013 ad
1612 3959 1722 4029 pri-

128 4045 435 4112 mogenitum
467 4057 594 4103 est:
645 4046 756 4102 illic
802 4047 945 4118 quod
973 4063 1101 4102 suus
1133 4058 1216 4104 est
1245 4090 1261 4115 ,
1311 4049 1378 4104 ad
1409 4051 1577 4106 ﬁlium
1605 4063 1709 4108 est.

140 4133 204 4203 (2)
235 4135 296 4192 Et
323 4138 375 4194 in
401 4140 698 4196 nativitate
727 4141 803 4214 (ιι)
837 4141 977 4196 lilius
1009 4142 1239 4212 primum
1273 4157 1401 4198 suus
1446 4153 1501 4199 et
1521 4145 1599 4200 sic
1627 4144 1710 4200 di-

126 4225 274 4287 lectus
303 4250 316 4297 ;
369 4244 424 4290 ct
456 4234 513 4290 in
548 4235 822 4292 electione
864 4233 1004 4290 ﬁlius
1032 4235 1266 4305 primum
1300 4238 1710 4309 primogenitus,

124 4325 254 4381 etsie
277 4343 462 4401 p05tea
497 4345 674 4387 suus:
725 4339 802 4398 ut,
828 4331 1086 4401 adoptato
1127 4347 1192 4385 ex
1223 4331 1472 4386 omnibus
1502 4333 1713 4404 populis

282 4493 574 4592 Nascetur,
608 4505 744 4563 tum,
775 4511 936 4564 neque
962 4512 1052 4567 per
1076 4495 1131 4549 id
1153 4495 1291 4565 quod
1317 4497 1562 4565 nascitur,
1604 4514 1705 4554 non
1733 4531 1786 4592 Β

117 4563 428 4639 intelligetur.

175 4639 248 4711 (Ξ)
280 4641 345 4697 Et
366 4645 423 4698 in
445 4644 725 4698 nativitate
751 4642 882 4713 filii;
915 4655 1062 4706 mox,
1091 4651 1136 4696 et
1159 4640 1212 4695 in
1234 4641 1478 4697 electione
1503 4643 1623 4713 ﬁlii.

174 4777 241 4851 (α)
277 4780 599 4852 Exemplar.
627 4782 750 4838 Vat.
776 4781 896 4836 bas.
924 4780 1010 4835 hic
1042 4795 1151 4851 prie
1175 4795 1234 4835 se
1256 4779 1360 4835 fert
1387 4780 1497 4845 ita;
1557 4779 1703 4850 quod

115 4855 311 4908 tacitum
343 4855 664 4926 intelligere
717 4862 818 4926 est.
885 4853 1126 4908 Subinde
1157 4853 1208 4907 in
1244 4852 1488 4923 pluribus
1516 4853 1702 4922 probae

111 4933 233 4998 nota}
259 4941 390 4982 mss.
419 4925 593 4996 neque
615 4943 704 4998 per
730 4925 785 4980 id
799 4927 935 4998 quod
963 4925 1212 4998 nascitur.

169 4995 237 5068 (b)
281 4998 337 5052 ln
367 4995 783 5070 antiquioribus
812 4995 940 5070 inss.
970 4997 1146 5070 Colb.,
1179 4996 1332 5070 Rem.
1365 4996 1705 5070 ete.fdeside-

110 5067 239 5121 ratur
265 5085 364 5125 vox
396 5067 547 5141 filius
572 5086 595 5125 :
628 5069 781 5141 cujus
810 5069 929 5124 loco
979 5067 1177 5141 habent
1216 5067 1376 5134 Bad.,
1409 5069 1527 5134 Exn,
1553 5069 1698 5138 Lips.

106 5147 148 5192 et
179 5141 352 5210 plures
383 5139 527 5199 mss.
566 5139 711 5214 filii:
763 5143 904 5214 quod
945 5139 1376 5210 praeferendum,
1425 5142 1470 5195 si
1519 5150 1703 5208 postea

105 5224 209 5266 cum
240 5215 436 5272 iisdem
467 5216 615 5271 edit.
646 5221 701 5270 et
727 5213 980 5268 omnibus
1016 5227 1184 5282 prope
1230 5226 1361 5266 mss.
1407 5221 1705 5280 antepona.

106 5289 179 5356 tur
224 5296 272 5340 et
317 5288 374 5341 in
422 5288 685 5342 electione
711 5286 830 5356 ﬁlii.
874 5285 1061 5339 Lectio
1108 5298 1267 5352 quam
1296 5286 1592 5340 retinemus
1623 5293 1706 5341 est

103 5351 231 5423 Pan,
259 5375 361 5414 ms.
399 5359 634 5415 Martin.
663 5351 720 5412 et
745 5356 952 5425 aliquot
979 5351 1229 5411 aliorum.
1262 5358 1274 5425 ξ

169 5430 254 5499 (c)'
281 5430 406 5485 Vat.
465 5432 596 5487 bas.
657 5445 758 5484 ms.
790 5430 1054 5482 nativitate
1091 5443 1248 5499 vero:
1300 5427 1476 5482 minus
1504 5425 1699 5496 placet.

104 5495 229 5555 Tum
261 5503 391 5558 editi
440 5511 684 5572 excepto
717 5500 842 5556 Par.
864 5501 1141 5572 runigenito
1164 5498 1316 5554 Deo:
1365 5495 1701 5572 imminutam

99 5575 343 5630 exhibent
377 5571 610 5630 Hilarii’
642 5571 963 5629 sententiam
993 5614 1010 5641 ,
1065 5587 1168 5643 qua
1215 5572 1329 5626 vult
1355 5572 1470 5638 nui,
1529 5571 1582 5626 id
1622 5581 1706 5628 est

99 5645 206 5707 soli,
241 5647 350 5700 Deo
381 5655 518 5702 nato
540 5646 824 5717 proprium
851 5660 977 5717 esse
1006 5644 1151 5717 quod
1179 5643 1320 5717 ﬁlius
1342 5644 1432 5698 sit.

160 5717 233 5788 (ιι)
266 5714 556 5775 Particula
603 5714 806 5788 negans
847 5716 900 5772 in
928 5715 1158 5785 vulgatis
1197 5715 1395 5772 omissa
1427 5714 1706 5788 suppletur

98 5802 155 5862 ex
184 5787 309 5845 mss.
342 5805 596 5862 quorum
626 5787 947 5862 vetustiores
973 5789 1223 5862 subinde,
1255 5798 1310 5843 ut
1337 5788 1578 5862 etalias,
1611 5787 1706 5842 ha-

96 5857 233 5933 bent,
254 5857 374 5918 ante
393 5879 564 5935 quam
591 5865 842 5935 nascitur.
874 5861 1266 5935 Hroximc‘p‘ost
1291 5861 1512 5917 Verbum
1539 5858 1704 5932 fieret,

95 5943 146 5985 ut
173 5927 323 5995 antea
367 5927 502 6008 post
529 5946 641 5991 non
669 5932 786 6006 fuit,
820 5930 1079 5994 reticetur
1106 5927 1284 6004 ﬁlium.

1826 3398 2134 3455 hesternum
2162 3413 2371 3469 tempus
2402 3414 2520 3455 esse
2546 3413 2765 3454 necesse
2792 3409 2894 3466 est,
2925 3407 2980 3452 ut
3006 3398 3055 3453 ci
3095 3398 3166 3453 sit
3197 3398 3249 3452 in
3280 3406 3416 3452 tem-

1825 3506 1958 3563 pore
1987 3505 2094 3546 non
2124 3490 2288 3546 fuisse
2350 3491 2416 3546 Et
2441 3491 2559 3546 haec
2584 3491 2802 3562 quidem
2825 3491 3129 3546 communia
3157 3491 3208 3545 in
3237 3503 3417 3546 rerum

1823 3584 2181 3640 humanarum
2210 3584 2417 3654 origine
2446 3593 2591 3650 sunt,
2636 3592 2692 3639 ut
2721 3584 2900 3639 omnia
2934 3584 3139 3639 initium
3173 3584 3419 3650 sui,eum

1822 3687 1981 3734 antea
2013 3693 2120 3733 non
2145 3678 2392 3741 fuissent,
2441 3677 2744 3747 accipiant:
2793 3678 3025 3748 primum
3055 3677 3270 3748 quidem
3296 3718 3312 3744 ,
3365 3687 3424 3734 ut

1823 3770 2130 3839 docuimus,
2165 3788 2264 3844 per
2296 3783 2528 3842 tempus,
2578 3771 2774 3827 deinde
2806 3787 2902 3842 per
2927 3786 3171 3828 causam.
3233 3770 3302 3825 Et
3329 3786 3422 3840 per

1825 3875 2036 3936 tempus
2067 3866 2281 3937 quidem
2339 3881 2442 3920 non
2493 3864 2802 3934 ambiguum
2844 3873 2949 3930 est,
2997 3863 3125 3935 quin
3156 3878 3239 3928 ea,
3290 3879 3412 3934 quze

1823 3974 1966 4016 nunc
1985 3959 2272 4030 coeperint,
2316 3969 2441 4013 ante
2465 3973 2570 4012 non
2599 3958 2832 4013 fuerint:
2887 3972 2982 4027 per
3009 3970 3226 4011 causam
3258 3970 3410 4022 vero,

1824 4055 1946 4125 quia
1981 4055 2064 4109 his
2092 4069 2197 4109 non
2229 4053 2289 4126 (ἱ)
2321 4069 2386 4109 ex
2412 4068 2571 4108 causa
2600 4060 2813 4106 constet
2834 4065 2954 4106 esse
2975 4048 3117 4120 quod
3145 4056 3419 4104 maneant.

1826 4148 2064 4204 Revolve
2110 4149 2251 4204 enim
2297 4163 2484 4204 omnes
2535 4145 2806 4216 originum
2863 4157 3093 4208 causas,
3151 4152 3204 4197 et
3255 4142 3416 4198 intel-

1825 4243 2099 4314 ligentiam
2123 4245 2174 4298 in
2205 4242 2473 4297 anteriora
2507 4250 2763 4296 converte
2795 4257 2806 4293 :
2863 4237 3106 4293 invenies
3145 4236 3277 4291 nihil
3306 4249 3418 4290 cu)-

1825 4337 1969 4407 pisse
1996 4351 2092 4408 per
2119 4350 2360 4402 causam,
2408 4333 2535 4390 dum
2581 4333 2762 4388 omnia
2811 4347 2908 4403 per
2956 4331 3204 4386 virtutem
3230 4327 3328 4383 Dei
3357 4326 3425 4382 ad

1883 4498 1967 4645 (ὅ)
1993 4501 2274 4570 Antequam
2305 4500 2547 4554 nascitur.

1885 4572 1941 4645 (4
2003 4573 2121 4627 Non
2148 4573 2414 4643 relinquit.

1908 4572 1967 4643 4)
2003 4573 2121 4627 Non
2148 4573 2414 4643 relinquit.

1908 4576 1967 4645 4)
2003 4576 2121 4627 Non
2148 4576 2414 4643 relinquit.

1885 4576 1967 4720 (ὃ)
1999 4645 2284 4701 Omittitur
2315 4661 2439 4700 non.

1885 4781 1956 4853 (e)
1986 4781 2167 4839 Codex
2197 4781 2322 4853 Vat.
2369 4780 2484 4836 has.
2540 4779 2867 4853 stiﬁragantc
2896 4776 3111 4853 Martio.
3156 4795 3219 4853 ac
3249 4793 3342 4848 per
3368 4778 3423 4832 id

1811 4851 1949 4926 quod
1977 4870 2080 4909 non
2109 4870 2220 4908 vere
2241 4852 2412 4909 Filius
2431 4894 2445 4918 ,
2489 4869 2612 4926 gens
2649 4860 2720 4906 est
2747 4867 2760 4917 ;
2794 4851 3151 4922 imprudentis
3181 4852 3423 4922 interpo-

1813 4925 2002 4982 latoris
2044 4941 2231 4994 Opera.

1884 4998 1953 5069 (Ι)
1997 4997 2130 5052 ΠΙυά
2180 5015 2281 5051 non
2326 4997 2392 5052 ab
2423 4995 2648 5051 Erasmo
2674 4994 2907 5069 primum
2948 5011 3078 5052 mss.
3131 4995 3415 5052 renitenti-

1812 5067 2278 5140 busiexpunctunt
2350 5083 2692 5123 revocamus.
2738 5067 3090 5122 Pleonasmus
3157 5075 3286 5140 est,
3363 5078 3420 5120 ut

1815 5139 2039 5207 Graecis,
2071 5143 2141 5196 ita
2169 5151 2224 5196 et
2255 5140 2458 5197 llilario
2492 5143 2741 5206 usitatus,
2773 5142 3068 5210 negationis
3097 5139 3280 5207 prima:
3309 5140 3414 5192 vim

1814 5228 1920 5268 non
1957 5214 2151 5268 tollens
2182 5254 2197 5280 ,
2247 5212 2342 5267 sed
2374 5228 2576 5283 augens
2606 5255 2620 5280 ,
2667 5212 2842 5283 quasi,
2873 5227 3048 5284 neque
3071 5225 3292 5282 prorsus
3320 5211 3417 5265 luit

1812 5286 2102 5352 aliquando
2133 5301 2240 5340 non
2267 5285 2426 5339 ﬁlius.

1883 5358 1960 5430 (g)
1986 5356 2150 5432 Editi,
2180 5357 2323 5432 aliud
2347 5358 2477 5432 ipse.
2510 5357 2580 5413 At
2605 5371 2734 5432 mss.
2763 5357 2956 5432 aliquid
2985 5358 3114 5427 ipse,
3141 5353 3243 5409 nisi
3271 5353 3413 5425 quod

1811 5428 1867 5484 in
1894 5427 2081 5501 vetere
2106 5427 2260 5501 Colb.
2288 5440 2338 5485 et
2367 5427 2550 5485 Germ.
2581 5431 2778 5501 aliquid
2800 5427 2918 5500 ipsi.

1885 5501 1965 5575 (It)
1998 5500 2300 5575 Hujusloci
2329 5496 2761 5575 emendationem
2787 5496 3254 5575 debetnusdcmlici
3282 5496 3402 5553 Vat.

1813 5571 1930 5628 has.
1950 5571 2119 5628 alteri
2141 5573 2424 5638 Vaticano,
2466 5573 2783 5628 Martiniano
2811 5583 2864 5629 et
2894 5571 3248 5628 Pratellensi:
3283 5587 3404 5626 cunt

1812 5646 1867 5702 in
1891 5646 2011 5702 aliis
2039 5645 2376 5701 desideretur
2407 5645 2669 5715 particula
2692 5661 2914 5716 negans.

1882 5719 1944 5792 (i)
1987 5717 2043 5773 Id
2075 5729 2176 5792 est,
2213 5734 2319 5792 non
2349 5733 2413 5772 ex
2438 5732 2615 5792 causa:
2655 5715 2844 5792 prlium
2878 5716 3214 5792 substantia;
3248 5715 3412 5792 adeo-

1811 5787 2014 5861 que'ex
2043 5790 2210 5845 nihilo
2237 5789 2435 5845 habent
2463 5787 2694 5843 initium.
2720 5790 2946 5846 Animus
2976 5790 3062 5845 hic
3083 5789 3145 5842 ad
3208 5791 3410 5858 primos

1812 5876 1983 5934 usque
2010 5873 2262 5934 parentes
2295 5869 2509 5916 nostros
2531 5871 2835 5934 revocatur,
2864 5871 2920 5917 ut
2948 5879 3012 5917 ex
3038 5861 3102 5916 iis
3131 5863 3220 5932 qui
3246 5877 3314 5918 ex
3336 5863 3389 5917 ni

1814 5930 1927 5994 hilo
1957 5930 2159 5994 cenditi
2184 5933 2312 6005 sint,
2336 5943 2515 5993 ortttut
2543 5930 2748 5994 habere
2785 5930 3191 5995 convincuntur.
