3996 6330
571 335 681 391 443

1783 333 2027 390 SANCTI
2073 332 2328 389 MILARII
2372 334 2673 395 EPISCUPI
3712 346 3788 401 lii

576 439 627 516 id
652 458 795 530 quod
824 467 949 514 sunt
975 466 1229 514 creantur
1251 499 1270 524 ,
1319 473 1424 512 non
1456 458 1619 514 etiam
1652 466 1948 513 nascuntur
1973 471 2040 511 ex
2070 455 2166 509 ali-
2194 457 2243 515 Α
2271 470 2395 510 eum
2426 473 2521 524 per
2549 456 2623 522 id,
2651 455 2792 526 quod
2816 470 3033 526 semper
3051 455 3232 521 fuerit,
3263 455 3567 526 praedicare:
3595 459 3697 529 quia
3715 461 3786 517 bu-

575 567 704 625 quo.
756 551 836 608 Ex
866 565 976 623 quo
999 551 1163 607 etiam
1197 551 1489 623 unicuique
1533 552 1717 621 generi
1749 565 1843 621 per
1868 550 2172 606 successio.

577 663 703 705 nem
758 651 926 719 ipsam
983 648 1225 704 naturale
1247 657 1360 716 est,
1415 664 1483 704 nc
1523 664 1629 703 non
1658 647 1818 703 fuerit
1840 656 1895 704 et
1921 646 2170 717 creperii,

577 741 702 796 dum
735 752 786 796 et
816 750 938 811 post
963 752 1176 812 tempus
1205 742 1260 797 in
1283 751 1525 814 tempore
1552 752 1635 797 est
1663 759 1676 795 :
1725 753 1776 796 et
1803 757 1924 796 cum
1956 757 2173 811 semper

581 835 837 890 universa
886 841 1008 905 post
1057 846 1268 904 tempus
1322 837 1450 902 sint,
1488 851 1704 891 causam
1749 836 1832 891 sui
1863 850 2076 907 quoque
2107 836 2174 890 de

576 937 732 984 antea
765 944 868 983 non
904 929 1250 984 exstantibus
1292 939 1532 994 sumunt,
1569 929 1695 984 dum
1727 946 1793 985 ex
1817 929 1898 983 his
1940 945 2174 985 nascun-

581 1031 666 1075 tur
692 1037 810 1092 qua:
857 1031 1013 1074 antea
1047 1036 1150 1075 non
1178 1020 1413 1076 fuerint:
1473 1023 1592 1090 ipso
1625 1022 1719 1078 illo
1743 1023 1915 1092 primo
1955 1023 2172 1078 immani

576 1116 792 1186 generis
823 1126 1044 1186 parente
1067 1116 1236 1172 Adam
1271 1132 1336 1172 ex
1385 1125 1531 1172 terra
1555 1159 1569 1182 ,
1614 1134 1733 1186 quae
1779 1133 1843 1172 ex
1875 1116 2042 1171 nihilo
2069 1128 2172 1185 est,

577 1219 632 1266 et
661 1219 781 1280 post
807 1219 1038 1281 tempus,
1071 1210 1144 1282 (a)
1172 1210 1223 1265 id
1245 1221 1348 1278 est,
1377 1211 1732 1284 postcmlum,
1765 1223 1982 1274 terram,
2007 1213 2170 1277 diem,

576 1304 768 1370 solem,
797 1304 975 1358 lunam
1008 1313 1062 1358 et
1089 1315 1229 1358 astra
1264 1303 1519 1368 formato,
1567 1306 1654 1376 qni
1700 1315 1754 1361 et
1795 1305 1868 1379 (ὁ)
1913 1305 2175 1375 originem

578 1414 684 1452 non
719 1397 966 1454 habuerit
999 1398 1253 1454 nascendi
1283 1405 1337 1453 et
1367 1399 1592 1468 cmperit
1617 1414 1737 1453 cum
1769 1414 1873 1454 non
1898 1398 2105 1454 fuisset.

653 1493 738 1547 17.
784 1490 1091 1562 Unigenitus
1129 1508 1286 1558 neque
1331 1493 1608 1559 aliquando
1646 1509 1745 1546 non
1779 1493 1898 1562 fuit,
1931 1508 2090 1560 neque
2118 1507 2180 1546 ea:

577 1587 759 1640 nihilo.
793 1616 867 1626 —
912 1586 1014 1640 Sed
1049 1586 1324 1654 unigenito
1357 1587 1485 1650 Deo,
1517 1587 1601 1640 cui
1621 1603 1724 1640 non
1754 1599 1941 1655 pra'est
1969 1594 2180 1655 tempus

575 1681 838 1745 anterius,
889 1695 994 1734 non
1042 1680 1366 1749 relinquitur
1410 1691 1465 1733 ut
1512 1680 1800 1750 aliquando
1848 1697 1952 1735 non
1996 1680 2178 1747 fuerit,

577 1775 700 1844 quia
729 1773 801 1845 (c)
837 1777 1014 1844 ipsum
1046 1774 1176 1828 illud
1223 1773 1503 1846 aliquando
1530 1778 1639 1845 jam
1679 1775 1827 1844 prius
1857 1785 1958 1842 est,
1985 1775 2180 1830 deinde

2277 552 2419 606 mani
2483 567 2676 608 sensus
2717 551 2792 624 (9)
2851 552 3105 622 opinione
3164 551 3216 607 id
3266 552 3405 622 quod
3445 567 3634 622 semper
3689 557 3792 622 luit,

2275 659 2380 700 non
2405 644 2481 717 (4)
2505 647 2736 717 patiatur
2761 656 2822 702 ut
2850 657 3036 702 natum
3052 647 3153 712 sit;
3182 664 3202 699 ι
3227 646 3473 702 nascendi
3500 659 3654 704 autem
3672 665 3794 706 cansi

2274 737 2365 805 sit,
2401 749 2457 794 ut
2495 739 2566 794 sit
2592 739 2733 810 quod
2774 755 2880 795 non
2930 749 3076 797 erat:
3108 755 3232 797 esse
3277 756 3403 795 vero
3429 741 3557 812 quod
3587 743 3796 810 nonfuit,

2275 833 2412 888 nihil
2461 833 2607 888 aliud
2648 833 2749 889 sub
2774 833 3052 889 communi
3093 848 3258 888 sensu
3285 847 3426 899 esse,
3455 849 3598 904 quam
3641 837 3794 891 nasci.»

2277 927 2549 996 Adjiciant
2578 941 2707 982 vero
2727 928 2841 982 lucc
2865 936 3050 998 arguta
3083 928 3214 982 satis
3241 936 3401 998 atque
3428 927 3612 982 auditui
3635 929 3797 997 placen-

2279 1024 2386 1079 tia:
2427 1043 2446 1077 ‹
2477 1025 2534 1080 Si
2561 1066 2575 1090 ,
2605 1025 2792 1094 jinquit
2813 1065 2828 1088 ,
2859 1032 3016 1079 natus
3046 1033 3161 1090 est,
3200 1023 3393 1093 cepit;
3417 1033 3468 1077 et
3492 1039 3601 1078 cum
3644 1025 3799 1092 creuit.

2279 1132 2384 1170 non
2410 1115 2536 1181 fuit;
2567 1125 2765 1172 etcum
2794 1131 2898 1170 non
2929 1115 3050 1184 fuit,
3074 1132 3182 1172 non
3214 1117 3415 1186 patitur
3442 1116 3518 1189 (ἡ)
3550 1115 3797 1172 ιιιῐιιετίι.»

2279 1208 2456 1279 Atque
2503 1210 2705 1264 idcirco
2737 1210 2836 1280 pite
2858 1210 3228 1280 intelligentia:
3258 1224 3553 1264 sermonem
3576 1223 3679 1264 esse
3703 1225 3800 1264 cou-

2280 1304 2522 1369 tendant,
2592 1326 2612 1362 ι
2638 1304 2751 1359 Non
2802 1305 2900 1359 fuit
2935 1315 3224 1374 antequam
3267 1313 3597 1359 nasceretur:
3636 1305 3732 1374 quia
3765 1315 3805 1358 ut

2279 1406 2428 1453 esset
2457 1397 2548 1468 qui
2589 1412 2695 1454 non
2736 1409 2874 1462 erat,
2923 1397 3002 1470 (5)
3032 1413 3134 1452 non
3161 1397 3227 1469 (i)
3265 1398 3356 1468 qui
3389 1408 3501 1452 erat
3530 1407 3667 1452 natus
3689 1404 3798 1451 est»

2280 1490 2468 1562 Neque
2506 1493 2653 1562 eguit
2685 1494 2970 1547 nativitate
3008 1492 3101 1563 qui
3137 1500 3274 1558 erat,
3305 1505 3427 1545 cum
3464 1489 3526 1544 ad
3556 1489 3602 1544 id
3633 1496 3683 1544 ut
3705 1499 3808 1544 esset

2284 1586 2373 1656 qui
2402 1600 2506 1638 non
2531 1594 2646 1640 erat
2678 1596 3009 1640 nasceretur.

2356 1679 2444 1736 19.
2493 1679 2844 1746 Quaestionum
2880 1679 3231 1748 captiosarum
3272 1679 3429 1732 uirus.
3470 1675 3562 1730 His
3589 1676 3787 1746 ﬁdespnr

2285 1774 2518 1847 ferenda.
2545 1772 2717 1828 —Ac
2763 1773 2995 1844 primum
3043 1780 3363 1842 oportuerat
3387 1770 3617 1826 homines
3649 1768 3806 1837 religio-

576 1881 686 1921 non
734 1864 901 1921 fuisse
936 1866 1044 1934 jam
1094 1866 1352 1936 temporis
1397 1877 1512 1922 est:
1560 1876 1614 1922 et
1648 1867 1868 1938 incipiet
1915 1883 2020 1922 non
2065 1878 2182 1937 post
2214 1863 2401 1925 Bsam
2450 1869 2752 1923 divinarum
2805 1882 2985 1923 rerum
3033 1867 3315 1922 scientiam
3367 1863 3714 1934 przeferentes,
3751 1861 3810 1914 ubi

575 1974 697 2015 eum
732 1969 943 2029 tempus
973 1974 1115 2025 esse,
1149 1959 1243 2014 sed
1277 1960 1390 2031 ipse
1434 1974 1556 2015 esse
1586 1969 1708 2032 post
1740 1969 1974 2030 tempus,
2007 1960 2091 2015 cui
2127 1963 2178 2016 in

577 2069 643 2109 eo
672 2054 817 2124 quod
866 2065 992 2109 ante
1042 2071 1204 2126 quam
1255 2056 1493 2110 nascitur
1544 2056 1798 2120 nonfuit,
1841 2056 1892 2111 id
1921 2057 2095 2126 ipsum
2130 2057 2181 2110 in

577 2161 684 2216 quo
714 2162 820 2200 non
850 2145 949 2201 fuit
979 2144 1057 2218 (l)
1089 2145 1425 2216 prteferetur.
1457 2147 1659 2203 Deinde
1686 2149 1772 2218 qui
1797 2164 1864 2203 ex
1893 2163 1957 2203 eo
1981 2150 2072 2218 qui
2102 2156 2186 2202 est

577 2253 735 2296 natus
756 2250 859 2307 est,
891 2241 1120 2310 intelligi
1146 2257 1252 2295 non
1283 2249 1462 2311 potest
1485 2256 1552 2297 ex
1581 2257 1648 2296 eo
1674 2241 1935 2311 quodnon
1963 2241 2058 2295 fuit
2086 2258 2183 2296 na-

578 2341 665 2387 tus
691 2348 845 2388 esse:
887 2333 968 2405 (2)
997 2333 1118 2402 quia
1151 2331 1234 2405 (d)
1276 2333 1324 2388 ei
1373 2334 1416 2388 is
1459 2333 1548 2404 qui
1591 2343 1691 2399 est,
1735 2333 1800 2387 ad
1830 2334 1880 2388 id
1910 2334 2052 2404 quod
2079 2345 2184 2403 est,

578 2442 746 2481 causa
769 2436 884 2491 est;
922 2443 1027 2482 non
1059 2427 1220 2483 etiam
1254 2427 1304 2483 id
1338 2428 1482 2498 quod
1510 2445 1614 2483 non
1647 2439 1750 2494 est,
1776 2429 1928 2500 origo
1961 2443 2190 2485 nascen-

578 2519 633 2572 di
656 2528 759 2576 est.
797 2521 940 2590 Ergo
969 2521 1053 2575 cui
1084 2537 1259 2590 neque
1281 2521 1332 2576 in
1370 2530 1614 2592 tempore
1639 2533 1740 2587 est,
1768 2521 1838 2593 (ε)
1865 2532 1920 2577 ut
1948 2522 2188 2592 aliquan-

580 2613 650 2669 do
679 2632 784 2670 non
817 2617 1012 2681 fuerit;
1053 2632 1230 2687 neque
1261 2618 1311 2671 in
1352 2627 1524 2688 patre,
1557 2617 1724 2691 418
1753 2619 1804 2674 id
1835 2629 1941 2686 est,
1968 2630 2190 2675 auctore

581 2717 684 2773 est,
717 2717 773 2762 ut
799 2709 1059 2766 subsistat
1081 2725 1146 2764 ex
1175 2710 1366 2764 nullis:
1401 2725 1506 2765 non
1531 2712 1746 2782 reliquit
1777 2712 1826 2766 id
1855 2712 1922 2768 de
1948 2727 2007 2768 se
2033 2727 2190 2768 occa-

582 2801 772 2868 sionis,
809 2812 864 2856 ut
893 2811 988 2856 aut
1030 2817 1094 2857 ex
1124 2801 1295 2858 nihilo
1325 2813 1483 2858 natus
1511 2805 1603 2872 sit,
1645 2813 1738 2861 aut
1759 2821 1865 2862 non
1894 2807 2057 2862 fuerit
2083 2821 2184 2862 an.

584 2901 798 2964 tequam
833 2904 1166 2950 nasceretur.

656 2987 743 3044 18.
786 2988 1096 3042 Arianorum
1124 2998 1302 3044 contra
1330 2986 1458 3044 Filii
1483 2991 1815 3045 wternitutem
1846 2993 2086 3062 argutiae.
2115 3022 2186 3033 —

583 3077 701 3136 Non
735 3097 852 3136 sum
883 3090 1059 3136 autem
1087 3083 1299 3138 nescius
1333 3083 1624 3154 plerosque
1644 3099 1857 3150 eorum,
1883 3085 2079 3156 quibus
2095 3093 2190 3141 aut

586 3189 682 3244 per
727 3174 1058 3246 impietatem
1107 3176 1296 3230 obtusa
1328 3191 1480 3231 mens
1523 3187 1925 3233 sacramentum
1962 3179 2054 3234 Dei
2081 3195 2187 3234 non

584 3267 747 3338 capit,
781 3275 875 3323 aut
899 3284 992 3338 per
1019 3267 1230 3323 adversi
1255 3269 1474 3340 spiritus
1497 3268 1920 3326 dominationem
1943 3273 2045 3326 sub
2069 3287 2187 3342 spc-

585 3363 668 3418 cie
713 3364 994 3434 religionis
1021 3365 1358 3420 obtrectandi
1410 3365 1520 3420 Deo
1561 3365 1710 3421 furor
1735 3382 1940 3437 pronus
1971 3378 2072 3434 est,
2101 3367 2159 3422 af

589 3457 807 3512 ﬁrmare
854 3457 1244 3528 siinpliciorum
1296 3459 1518 3514 auribus
1570 3458 1619 3513 id
1657 3461 1865 3516 solere:
1917 3476 2017 3515 nos
2066 3477 2188 3516 cum

588 3563 802 3618 semper
843 3548 1038 3604 Filium
1094 3550 1256 3605 fuisse
1302 3550 1567 3616 dicamus,
1621 3568 1796 3623 neque
1845 3553 2044 3624 aliquid
2096 3556 2195 3610 ali-

591 3640 807 3712 quando
825 3641 1012 3710 fuisse,
1063 3645 1140 3717 (3)
1171 3644 1314 3716 quod
1346 3659 1451 3699 non
1499 3645 1601 3700 fuit
1627 3646 1728 3717 (1);
1760 3645 1879 3702 sine
1921 3647 2198 3705 nativitate

663 3780 742 3922 ξι)
785 3780 1122 3852 Prteferatur.

685 3854 719 3906 ἢ
788 3856 922 3919 Quia
944 3867 990 3910 et
1011 3859 1053 3912 is
1075 3875 1122 3922 qt

664 3779 745 3999 ξιξ
785 3780 1122 3852 Prteferatur.

685 3854 719 3906 ἢ
788 3856 922 3919 Quia
944 3867 990 3910 et
1011 3859 1053 3912 is
1075 3857 1162 3926 qui
1187 3867 1280 3913 est.

664 3925 722 3999 (5
791 3926 907 3995 Quo
931 3945 1032 3984 non
1055 3930 1175 3999 fuit.

791 3926 907 3995 Quo
931 3945 1032 3984 non
1055 3930 1175 3999 fuit.

664 4048 743 4120 (a)
785 4046 1056 4123 Sc_ultetus
1105 4066 1225 4106 cum
1271 4051 1528 4107 Hilarium
1575 4052 1782 4123 arguit,
1833 4052 1974 4121 quod
2014 4062 2189 4108 contra

595 4119 799 4184 Mosen,
832 4119 996 4175 Deum
1037 4124 1190 4178 simul
1211 4135 1254 4178 et
1281 4123 1435 4180 semel
1473 4119 1659 4180 omnia
1691 4119 1891 4180 creasie
1933 4130 2186 4192 senserit,

594 4200 754 4266 atque
782 4193 839 4266 in
877 4195 1034 4266 hujus
1059 4211 1303 4251 censura:
1325 4212 1434 4251 sua:
1461 4197 1617 4252 fidem
1641 4214 1802 4252 unum
1835 4200 1964 4251 citat
1989 4198 2186 4252 librum

600 4279 674 4318 sit
701 4265 766 4320 de
798 4265 957 4320 Trin.
1007 4269 1092 4321 vel
1115 4268 1242 4322 hinc
1271 4268 1471 4324 indicat
1493 4283 1551 4323 se
1572 4271 1732 4324 etiam
1765 4269 1816 4324 in
1843 4269 2053 4324 caeteris
2075 4285 2182 4324 non

597 4337 728 4390 satis
755 4351 966 4406 :Bquum
1006 4339 1431 4414 [uisse-judicent
1462 4342 1874 4404 sententiarum,
1911 4355 2058 4414 qttas.
2089 4341 2189 4396 Pa—

598 4416 965 4484 trestuentnr.
995 4408 1155 4465 Certe
1198 4408 1241 4466 Si
1277 4412 1437 4466 homo
1487 4422 1606 4481 post
1649 4424 1881 4483 tempus,
1913 4408 2193 4484 quia'post

597 4479 818 4561 malum,
851 4493 1067 4547 terrain,
1095 4493 1201 4538 etc.
1247 4479 1538 4549 formatus;
1570 4501 1674 4540 non
1713 4479 1874 4539 simul
1914 4479 1979 4539 ac
2021 4479 2190 4541 semel

597 4566 776 4606 omnia
804 4564 985 4608 creata
1010 4565 1153 4609 Sunt.

673 4624 746 4700 (ὁ)
790 4624 974 4700 idest,
1025 4630 1179 4698 cujus
1231 4630 1398 4700 prima
1423 4629 1572 4698 origo
1611 4646 1716 4685 non
1739 4640 1820 4684 est
1843 4628 2093 4684 nativitas
2122 4644 2186 4686 ex

598 4698 896 4768 substantia
929 4703 1187 4768 parentis,
1212 4698 1305 4756 scd
1329 4704 1532 4757 creatio
1560 4719 1621 4757 ex
1656 4702 1843 4757 nihilo.

672 4767 742 4856 (c)
789 4767 1070 4856 \Leterrimi
1098 4775 1332 4856 codices,
1382 4774 1535 4845 ipsud
1588 4775 1743 4856 illud.
1775 4775 1910 4830 Tum
1942 4775 2185 4856 edities-
2216 4795 2269 4856 D

599 4849 756 4908 cepto
802 4841 924 4897 Par.
976 4845 1254 4915 aliquando
1296 4841 1412 4917 join
1448 4849 1696 4920 temporis
1739 4859 1849 4902 est:
1886 4857 1934 4901 et
1977 4847 2188 4920 incipiet

510 4949 513 4952 -
601 4922 706 4991 etc.
757 4925 1126 4991 restaurantnr
1169 4933 1238 4973 ex
1277 4919 1396 4991 aliis
1443 4918 1614 4974 libris.
1663 4920 2054 4991 Argumentum
2083 4918 2189 4991 Lbic

601 4981 833 5061 habetur
864 4989 1240 5056 gravissimum
1289 4990 1549 5046 adversus
1595 4981 1823 5046 Aristius
1869 4993 1958 5061 qui
1992 4992 2041 5043 in
2073 4988 2186 5044 for.

601 5056 761 5110 mulis
803 5061 934 5124 suis,
989 5062 1318 5134 Antiocltena
1341 5063 1565 5128 scilicet,
1618 5075 1842 5134 utraque
1882 5056 2188 5134 Sirmiensi,

601 5142 810 5183 necnon
860 5131 1430 5201 pseudo-Sardicensi,
1471 5147 1576 5190 etc.
1603 5131 1797 5190 Filium
1827 5145 1953 5190 ante
1989 5132 2188 5189 saecula

601 5208 654 5252 et
680 5209 917 5273 tempora
953 5205 1365 5273 profitebantur.

673 5272 753 5342 (d)
799 5272 964 5348 liditi,
987 5276 1108 5341 quia
1147 5279 1256 5346 ejus
1283 5279 1370 5348 qui
1405 5286 1518 5348 est:
1551 5285 1659 5331 tum
1688 5277 1836 5346 Lips.
1867 5289 1919 5333 et
1949 5275 2193 5348 Parmad

601 5341 656 5394 id
677 5345 814 5419 quod
841 5357 912 5402 est
957 5363 1114 5402 causa
1143 5341 1305 5419 pater'
1331 5359 1422 5400 est.
1449 5341 1793 5418 Castigantur
1824 5365 1893 5405 ex
1935 5364 2062 5403 mss.
2088 5346 2194 5402 Su-

606 5415 786 5480 perius
837 5427 1112 5474 ostensum
1143 5415 1247 5484 est,
1295 5421 1450 5473 nobis
1474 5415 1650 5473 ortum
1682 5435 1802 5475 esse
1828 5437 1890 5475 ex
1925 5420 2115 5483 nihilo,
2143 5427 2198 5472 et

607 5498 713 5561 non
742 5503 805 5561 ex
838 5503 998 5542 causa
1022 5509 1034 5545 :
1079 5507 1220 5545 nunc
1243 5489 1369 5546 Filii
1397 5492 1547 5561 origo
1570 5506 1635 5545 ex
1659 5506 1838 5556 causa,
1887 5507 1990 5546 non
2015 5505 2081 5546 ex
2111 5490 2193 5543 ni-

610 5553 720 5609 hilo
744 5557 1163 5618 demonstratur.

683 5627 756 5700 (e)
799 5632 852 5682 In
877 5641 1089 5688 vetusto
1118 5634 1304 5690 codice
1332 5633 1486 5689 Colb.
1519 5642 1574 5688 et
1602 5634 1786 5690 Germ.
1821 5649 2030 5690 necnon
2060 5632 2200 5689 Mar-

769 5712 823 5752 ut
853 5718 952 5754 non
985 5706 1264 5774 aliquando
1293 5723 1393 5780 non
1424 5708 1598 5780 fuerit.
1630 5707 1815 5761 Melius
1847 5707 1898 5780 in
1932 5707 2056 5780 aliis
2079 5720 2202 5780 par-

615 5771 774 5825 ticula
808 5787 1006 5842 negans
1047 5771 1149 5830 non
1178 5771 1497 5847 geminatur.
1529 5777 1642 5837 Hoc
1671 5781 1812 5832 enim
1846 5779 1942 5835 sibi
1973 5771 2116 5831 vult':
2149 5777 2202 5831 in

623 5855 798 5926 quemn
834 5859 946 5926 .uon
991 5847 1135 5902 cadit
1181 5861 1274 5905 aut
1309 5864 1555 5923 respectu
1600 5853 1855 5924 temporis
1902 5849 2206 5926 aliquando

631 5927 742 5970 non
772 5913 960 5984 fuisse,
1016 5929 1110 5978 aut
1153 5913 1416 5994 respectu'
1444 5930 1680 5984 auctoris
1713 5913 1786 5986 ex
1820 5925 1984 5988 nullis
2011 5913 2211 5987 'subsi-

2295 1961 2623 2032 evangelica:
2666 1968 2827 2030 atque
2880 1959 3198 2028 apostolica:
3248 1954 3634 2029 praedicationis
3672 1954 3812 2008 \erilas

2289 2054 2359 2130 (j)
2391 2053 2731 2124 prmferehat,
2777 2051 2987 2107 callida:
3037 2051 3396 2121 philosorihiae
3437 2058 3680 2103 tortuosas
3712 2060 3813 2112 que-

2288 2149 2496 2202 stiones
2541 2145 2795 2216 obiicere,
2841 2154 2896 2202 et
2923 2144 3121 2202 sectari
3143 2143 3324 2214 potius
3359 2143 3515 2197 ﬁdem
3544 2155 3648 2209 qua:
3674 2139 3714 2192 iu
3740 2139 3812 2190 Deo

2291 2252 2404 2298 est:
2435 2241 2564 2311 quia
2597 2255 2815 2295 sensum
2860 2239 3130 2294 inﬁrmum
3161 2237 3319 2293 facile
3345 2236 3468 2291 fidei
3503 2250 3606 2290 sua:
3633 2232 3814 2302 pnesidiu

2290 2335 2567 2406 sophisma
2613 2334 2962 2405 syllogisticze
3010 2331 3455 2402 interrogationis
3495 2337 3814 2391 exueret,ctnu

2293 2431 2533 2501 captiosa
2567 2429 2865 2500 propositio
2893 2428 3301 2500 responsionem
3333 2424 3643 2493 simplicem,
3667 2418 3814 2486 sibique

2289 2522 2588 2580 secundum
2652 2521 3129 2592 interrogationem
3180 2534 3364 2574 rerum
3410 2511 3812 2573 obsecundantem,

2292 2617 2358 2673 ad
2385 2617 2629 2671 ultimum
2654 2615 2764 2686 jam
2801 2628 2995 2669 sensus
3021 2613 3102 2668 sui
3145 2611 3567 2682 interrogatione
3589 2606 3814 2677 spoliat“;

2292 2720 2348 2766 ut
2387 2709 2532 2782 quod
2581 2709 2914 2779 professione
2960 2706 3257 2773 amisisset,
3317 2703 3370 2759 id
3409 2703 3518 2774 jam
3555 2695 3811 2756 conscientia

2293 2820 2400 2860 non
2448 2810 2678 2858 teneret.
2712 2799 2850 2868 Quid
2893 2799 3037 2856 enim
3068 2808 3174 2852 tam
3228 2796 3538 2852 necessario
3581 2794 3810 2857 interroga-

2288 2896 2419 2953 tioui
2449 2893 2856 2960 obsecundabit,
2888 2906 3045 2962 quam
3079 2901 3135 2944 ut
3157 2905 3279 2944 cum
3301 2905 3332 2943 a
3365 2887 3516 2943 nobis
3535 2884 3681 2959 519
3708 2895 3809 2951 qur-

2291 3005 2466 3058 ratur,
2495 2992 2664 3048 Estne
2687 2989 2889 3061 aliquid
2938 2996 3226 3058 antequam
3279 2981 3632 3040 nascitur?ln
3675 2975 3818 3047 proles—

2294 3089 2449 3143 sione
2496 3095 2677 3140 nostra
2723 3085 2815 3145 sit.
2848 3097 2954 3137 non
2988 3080 3152 3136 fuisse
3195 3078 3274 3150 (Is).
3297 3088 3429 3133 ante
3459 3074 3591 3147 quod
3614 3065 3819 3126 nascitur?

2292 3180 2480 3250 Neque
2503 3179 2648 3234 enim
2695 3188 2788 3232 aut
2819 3175 2870 3230 in
2898 3183 3086 3229 natura
3131 3181 3224 3226 aut
3251 3173 3302 3240 in
3352 3170 3659 3226 necessitate
3683 3169 3816 3225 est,ul

2293 3277 2436 3349 quod
2465 3285 2548 3332 est
2592 3282 2882 3330 nascatur:
2929 3285 3050 3326 cum
3084 3269 3229 3324 nasci
3263 3267 3394 3336 quid
3423 3267 3492 3320 ob
3523 3264 3572 3318 id
3607 3270 3768 3315 tantum
3784 3265 3821 3306 ut

2297 3373 2388 3440 sit,
2423 3370 2488 3441 (ι)
2512 3383 2617 3424 nOu
2649 3367 2770 3436 quia
2801 3375 2937 3431 erat,
2974 3377 3196 3419 necesse
3219 3362 3310 3415 sit.
3341 3358 3498 3429 Quod
3522 3371 3631 3411 cum
3656 3364 3819 3446 concias-1

2297 3481 2416 3519 sum
2470 3462 2632 3517 fuerit
2660 3475 2687 3513 a
2729 3459 2907 3524 nobis,
2980 3455 3102 3526 quia
3147 3463 3296 3510 recte
3337 3450 3668 3512 Conceditur;
3723 3451 3821 3496 exuli

2301 3558 2382 3631 (6)
2409 3555 2530 3610 fidei
2560 3549 3038 3623 conscientialm),
3073 3549 3214 3620 capti
3239 3548 3351 3619 jam
3376 3545 3554 3618 impiis
3578 3552 3714 3612 atque
3735 3535 3821 3589 alie-

2306 3653 2390 3708 nis
2415 3650 2608 3706 studiis
2635 3645 3053 3717 acquiescimus.

2387 3788 2445 3865 β)
2489 3788 2612 3865 {Yon
2637 3787 2851 3865 patitur.
3156 3853 3166 3865 '

2384 3864 2439 3934 5)
2486 3861 2604 3934 Non
2623 3860 2743 3934 quia
2763 3867 2894 3934 erat,
2925 3866 3056 3922 tum,
3080 3859 3200 3926 quia
3225 3867 3330 3907 non
3360 3859 3487 3908 erat.

2381 3932 2439 4006 6)
2480 3932 2633 3988 Fidei
2661 3932 2892 3986 scientia.

2301 4064 2468 4118 stere,
2494 4061 2599 4107 etc.
2644 4051 2855 4120 Quippe
2884 4060 3013 4102 voce
3043 4045 3206 4115 patris
3234 4041 3496 4113 quaelibet
3532 4053 3674 4094 causa
3694 4031 3822 4089 hiesi-

2304 4129 2645 4271 ειῖιίῗῖξςῖἓῶ
2698 4195 2937 4271 cotﬁccs,
2993 4206 3092 4271 quo
3125 4185 3409 4271 nonfuit:
3450 4176 3817 4271 neqptteliic

2295 4246 2438 4325 οεῖιίί
2478 4246 2754 4338 Ruga-tur
2775 4246 2946 4321 Filius
2974 4246 3191 4338 aliquid
3218 4246 3509 4328 aliquando
3536 4246 3820 4338 fuisseque!

2299 4357 2404 4396 non
2446 4330 2662 4413 semper
2704 4339 2885 4413 fuerit,
2931 4349 3027 4390 seu
3066 4330 3359 4404 quidquam
3403 4337 3718 4398 comparasse
3750 4334 3821 4390 quo

2301 4410 2588 4485 aliquando
2617 4410 2875 4485 caruerit.
2912 4480 2926 4485 _
3118 4477 3148 4485 __
3419 4473 3460 4485 υ
3528 4473 3540 4485 ι

2351 4473 2427 4559 (ά)
2453 4486 2611 4553 Editi,
2623 4484 2827 4559 opinio:
2846 4477 3237 4559 refragantibus
3253 4490 3384 4559 mss:
3399 4558 3404 4559 γ
3419 4473 3812 4559 Yerbtnnpqtisiu-

2295 4546 2636 4615 reiciendum
2653 4546 2728 4610 'ad
2758 4546 3025 4621 id,‘quasi‘,
3044 4549 3096 4603 id
3115 4565 3214 4602 non
3243 4548 3561 4624 adntittat_ut
3579 4553 3728 4624 natum
3744 4546 3802 4589 at.

2366 4630 2449 4703 (lt)
2488 4630 2704 4700 Aliquot
2727 4613 2910 4703 proba:
2940 4613 3078 4678 uota:
3101 4635 3232 4675 mss.
3260 4629 3314 4675 ut
3349 4636 3454 4674 non
3476 4616 3636 4690 fuerit.
3661 4613 3819 4678 Anpw.

2293 4713 2345 4755 ut
2376 4699 2478 4756 non
2506 4699 2608 4756 non
2637 4699 2837 4774 fuerit?
3337 4763 3348 4774 .

2365 4775 2429 4857 (ἰ)
2471 4773 2599 4829 Bad.
2629 4766 2685 4828 et
2712 4772 2894 4839 plures
2940 4781 3102 4857 tnss.,
3133 4781 3233 4818 non
3261 4766 3384 4834 quia
3408 4771 3515 4818 erat
3542 4771 3617 4816 et:
3639 4767 3685 4814 ct
3715 4766 3816 4810 mox.

2297 4847 2418 4916 quia
2444 4862 2545 4920 non
2585 4854 2690 4900 erat
2723 4847 3072 4920 nasceretur.“
3106 4909 3117 4920 ο

2587 4893 2668 4970 36
2895 4910 3074 4993 tesocdi
3085 4909 3252 4964 tiones
3261 4907 3608 4993 ,ρνςεειιιρραι
3624 4918 3654 4993 7;.

2300 4999 2354 5043 et
2381 4980 2542 5054 iuss.,
2568 4980 2893 5060 prceferébat,
2918 4983 3039 5038 scil.
3062 4997 3243 5060 rerum
3258 4980 3561 5060 divinarum
3589 4980 3822 5060 scieltt'tittff-

2301 5042 2588 5132 Egregium
2641 5042 2928 5132 monitum,
2979 5066 3035 5109 ut
3076 5055 3164 5110 ubi
3200 5053 3323 5132 ﬁdei
3360 5051 3612 5132 ‘doctrina

2299 5115 2556 5204 captiosis
2601 5115 3040 5204 pliilosOpliriruitt
3090 5125 3480 5204 quaestionibus
3522 5115 3826 5204 ῃοιιιξξτίξεξνξιῗ

2301 5191 2421 5260 mus
2446 5191 2653 5267 aurem,
2680 5217 2779 5258 nec
2809 5191 2878 5256 ab
2903 5215 2964 5254 ea
2996 5191 3124 5254 nos'
3142 5197 3248 5251 ulla
3275 5197 3482 5250 ratione
3511 5191 3679 5267 divelli
3705 5194 3826 5267 ρηικξ·

2302 5293 2441 5330 mur.
2478 5261 2740 5343 Quocirca
2788 5288 2892 5328 non
2927 5272 3250 5342 placetcum
3293 5268 3482 5323 codice
3509 5261 3824 5327 Pratel.,pftt“

2327 5349 2580 5403 et'ebatur.
3797 5394 3804 5402 .

2305 5347 2580 5419 ferebatur.
3735 5399 3742 5408 ι
3797 5394 3804 5402 _

2378 5421 2452 5490 (κ)
2489 5421 2576 5474 Sic
2613 5420 2732 5474 Par.
2775 5432 2896 5473 cum
2925 5413 3226 5488 potioribus
3281 5427 3410 5468 mss.
3453 5409 3554 5466 Alii
3591 5399 3821 5460 rerohhn.

2301 5501 2592 5565 antequam
2624 5493 2898 5565 nascitur,
3011 5560 3039 5565 _
3085 5559 3117 5565 __
3347 5555 3392 5565 η
3467 5554 3497 5565 Α.

2379 5549 2464 5634 (ι)’
2483 5565 2767 5632 Αιιιίίιιιὶοι·
2801 5563 2971 5638 codex
3002 5559 3161 5614 Colb.
3195 5572 3318 5638 cum
3347 5554 3556 5638 ηεέτίίη·
3588 5549 3698 5638 εἷς
3703 5559 3824 5638 iii-"'1'

2309 5612 2697 5706 ηοῖἶφὶῖἓὲἇῖ
2710 5612 3070 5691 meme
3089 5612 3427 5706 timuique
3447 5644 3460 5680 :
3493 5639 3592 5706 non
3621 5623 3681 5706 ita
3695 5612 3824 5706 g'f'j‘g'f;

3029 5685 3264 5758 scientia.
3283 5685 3472 5778 Verius
3500 5699 3551 5778 _iu
3574 5685 3826 5778 meliorilgllf
3918 5709 3919 5778 ξ

2310 5771 2468 5854 mss,
2514 5779 2635 5854 ﬁdei
2679 5771 3018 5854 conscientia:
3056 5786 3136 5842 ut,
3159 5771 3599 5854 quemadmodum

2317 5843 2560 5934 habetur,
2589 5853 2722 5923 quod
2746 5851 3065 5926 professione
3101 5843 3373 5914 aniisisscl,
3403 5843 3459 5904 id
3487 5844 3596 5915 jam
3619 5843 3824 5892 συκίνη*

2327 5933 2400 5982 tia
2427 5941 2528 5984 ιιοη
2551 5934 2757 5987 ιεηετει.
