3996 6330
203 371 293 432 ιιε
1371 362 1458 421 DE
1507 359 1877 423 TRlNITATE
1920 363 2120 423 LIBER
2159 367 2275 425 XII.

3353 366 3458 427 446

201 517 208 539 ι
259 490 336 546 20.
375 480 469 541 Hie
508 500 609 539 non
663 482 900 539 cavenda:
943 490 1162 553 tantum,
1194 482 1284 539 sed
1327 493 1375 538 et
1411 484 1758 556 confutandte.
1789 493 1838 555 Α
1869 484 2029 542 Patre
2049 487 2139 558 qui
2157 503 2355 560 semper
2374 497 2466 542 est.
2490 485 2770 544 ——Cesset
2795 486 2976 558 itaque
3008 487 3316 543 sollicitudo
3348 502 3462 558 pcr-

200 584 339 641 Fides
361 581 498 636 docta
525 579 650 651 quid
666 588 871 653 praestet
901 577 1140 634 indoctte.
1166 607 1241 620 —-
1275 576 1431 649 Quod
1458 576 1754 648 providens

201 689 309 738 ante
330 677 505 734 beatus
547 674 840 746 Apostolus
874 672 1092 741 Paulus,
1122 673 1280 729 sicuti
1308 671 1621 744 frequenter
1659 685 1753 726 os-

202 773 454 835 tendimus,
483 779 534 826 ut
557 783 874 826 caveremus
908 768 1208 837 admonuit,
1234 765 1453 824 dicens:
1487 764 1667 822 Videte
1695 781 1758 821 ne

199 871 387 944 quietos
416 863 595 938 spoliet
619 880 710 936 per
747 862 1133 937 philosophiam
1162 873 1208 916 et
1248 860 1453 915 inanem
1497 859 1756 927 deceptio-

198 980 311 1029 nem,
334 959 603 1018 secundum
625 958 971 1033 .traditionem
996 957 1280 1025 hominum,
1333 954 1612 1012 secundum
1650 955 1757 1010 ele-

196 1066 342 1115 menta
367 1054 556 1121 mundi,
581 1061 632 1109 et
655 1070 759 1109 non
781 1053 1062 1109 secundum
1093 1050 1374 1120 Christum,
1406 1051 1461 1106 in
1482 1068 1581 1123 quo
1608 1049 1760 1105 inha-

197 1154 303 1211 bitat
339 1151 494 1207 omnis
530 1149 793 1218 plenitudo
834 1147 1116 1203 divinitatis
1161 1146 1497 1218 corporaliter
1530 1141 1754 1219 (Coloss.

197 1263 247 1315 tt,
275 1246 305 1304 8
330 1254 377 1302 et
400 1243 479 1317 9).
505 1242 812 1301 Cavendum
862 1242 1025 1315 igitur
1049 1242 1333 1298 adversum
1363 1239 1760 1312 philos0pbiam

194 1348 279 1403 est.
297 1346 348 1396 et
364 1337 711 1394 humanarum
735 1335 1082 1393 traditionum
1106 1351 1212 1391 non
1229 1346 1335 1391 tam
1363 1333 1610 1392 evitanda
1634 1339 1762 1389 sunt

192 1432 376 1498 studia,
403 1445 559 1502 quam
598 1428 901 1486 refutanda.
941 1426 1128 1499 Neque
1166 1427 1307 1484 enim
1355 1427 1437 1483 his
1470 1428 1542 1482 ita
1565 1441 1758 1482 conce-

192 1529 398 1587 dendum
419 1534 520 1595 est,
545 1526 699 1598 quasi
726 1528 946 1581 vincant
968 1524 1145 1596 potius
1191 1539 1351 1594 quam
1377 1522 1565 1577 fallant
1591 1540 1603 1575 :
1637 1521 1761 1592 quia

191 1639 277 1680 nos
300 1620 567 1679 Christum
596 1618 689 1676 Dei
723 1622 979 1676 virtutem
1013 1627 1068 1675 et
1095 1617 1189 1675 Dei
1216 1617 1533 1689 sapientiam
1567 1615 1761 1686 prredi-

191 1725 371 1785 cantes,
394 1729 608 1787 acquum
634 1720 718 1769 est
749 1713 1009 1768 humanas
1040 1709 1316 1766 doctrinas
1338 1725 1443 1765 non
1468 1717 1574 1764 tam
1598 1704 1762 1764 δισυ-

195 1824 321 1883 gere,
360 1822 516 1880 quam
555 1805 839 1873 refellere;
882 1816 935 1863 et
965 1804 1038 1879 (ιι)
1069 1803 1447 1876 simpliciores,
1478 1819 1545 1859 ne
1578 1802 1646 1858 ab
1676 1802 1763 1858 bis

1861 577 2033 635 ﬁdite:
2065 595 2239 651 neque
2268 597 2462 653 negare
2489 596 2608 649 nos,
2638 582 2761 655 quia
2788 583 2900 654 ipsa
2929 598 3033 637 non
3061 583 3329 655 ittlclligil,
3348 583 3463 638 cxi—

1860 673 2071 744 stimet,
2092 670 2233 746 quod
2255 674 2428 729 solum
2453 690 2481 728 a
2515 675 2668 731 nobis
2691 676 2826 731 bene
2854 685 2907 732 et
2933 675 3249 749 intelligitur
3271 686 3325 733 ct
3344 692 3463 734 cre-

1859 766 2026 825 ditur.
2058 767 2193 825 Nam
2228 769 2341 841 ipsa
2371 784 2681 827 sermonum
2715 772 3089 831 enuntiatione
3124 788 3245 828 cum
3274 783 3459 833 natum

1862 861 1944 936 (4)
1994 862 2337 935 profitemur,
2368 880 2476 920 non
2521 874 2700 920 tamen
2727 881 2833 920 non
2869 873 3052 921 natum
3087 868 3458 937 prtedicantus.

1858 954 2046 1029 Neque
2091 958 2233 1013 enim
2265 956 2315 1012 id
2364 957 2537 1029 ipsum
2584 966 2668 1013 est
2712 973 2818 1014 non
2840 967 3023 1014 natum
3069 967 3230 1031 atque
3271 961 3459 1017 nasci:

1860 1050 1984 1122 quia
2010 1050 2141 1107 illud
2165 1052 2233 1107 ab
2259 1050 2454 1120 altero,
2491 1052 2595 1107 boc
2630 1065 2761 1107 vero
2786 1067 2815 1106 a
2853 1052 3069 1108 nemine
3091 1062 3193 1108 est.
3224 1053 3292 1108 Et
3318 1052 3461 1109 aliud

1861 1155 1943 1201 cst
1982 1144 2100 1201 sine
2141 1154 2360 1201 auctore
2388 1161 2510 1201 esse
2555 1160 2770 1217 semper
2819 1156 3103 1214 aeternum,
3128 1130 3272 1201 aliud
3317 1144 3459 1217 quod

1864 1241 2022 1312 patri,
2057 1239 2109 1295 id
2140 1248 2244 1308 est,
2270 1240 2476 1295 auctori
2517 1248 2603 1295 est
2626 1249 2977 1296 cumternum.
3002 1236 3103 1294 Ubi
3136 1238 3282 1294 enim
3311 1248 3463 1309 pater

1863 1344 2052 1390 auctor
2072 1344 2176 1400 est,
2203 1332 2275 1391 ibi
2297 1343 2354 1391 et
2391 1334 2644 1390 nativitas
2673 1343 2788 1400 est;
2810 1342 2865 1387 at
2895 1348 3023 1389 vero
3050 1333 3139 1388 ubi
3163 1342 3352 1389 auctor
3384 1350 3460 1388 ze-

1864 1440 2051 1487 ternus
2076 1438 2180 1497 est,
2231 1430 2303 1485 ibi
2344 1440 2398 1486 et
2441 1428 2519 1503 (It)
2554 1428 2849 1484 nativitatis
2875 1429 3149 1484 :eternitas
3192 1438 3304 1483 est:
3338 1429 3463 1498 quia

1864 1522 2004 1579 sicut
2032 1523 2281 1579 nativitas
2312 1523 2381 1577 ab
2406 1534 2628 1578 auctore
2678 1531 2779 1588 est,
2810 1522 2886 1576 ita
2913 1530 2967 1576 et
2994 1520 3062 1576 ab
3101 1532 3306 1576 (eterna
3331 1536 3460 1575 auc-

1864 1623 1984 1671 tore
2004 1625 2205 1672 mterna
2236 1614 2486 1671 nativitas
2512 1627 2615 1672 est.
2646 1614 2819 1673 Omne
2846 1624 3047 1681 autem,
3077 1613 3219 1687 quod
3249 1630 3463 1685 semper

1866 1720 1971 1777 est,
2001 1715 2163 1768 etiam
2190 1723 2451 1768 attentum
2496 1723 2598 1768 est.
2629 1711 2734 1769 Sed
2767 1721 2944 1767 tamen
2971 1726 3077 1766 non
3110 1725 3289 1776 omne,
3320 1709 3462 1781 quod

1866 1815 2125 1861 aeternum
2155 1814 2259 1874 est,
2284 1806 2444 1861 etiam
2476 1806 2719 1861 innatum
2746 1815 2849 1861 cst.
2875 1804 3008 1874 Quia
3036 1802 3178 1875 quod
3209 1804 3275 1857 ab
3306 1813 3464 1859 aeter-

189 1900 481 1973 spolientur,
513 1909 571 1957 et
597 1900 885 1957 obstruere
913 1907 968 1956 et
1008 1900 1297 1955 instruere.
1329 1896 1462 1953 Nam
1491 1912 1612 1953 cum
1640 1913 1761 1968 pos-
1790 1904 1837 1967 Β
1868 1914 1937 1953 no
1985 1897 2246 1964 nascitur,
2301 1897 2463 1955 habet
2509 1908 2770 1955 aeternum
2798 1915 2918 1956 esse
2958 1898 3101 1972 quod
3132 1906 3314 1955 natum
3354 1908 3458 1954 est.

189 1995 249 2049 sit
273 1992 438 2049 omnia
464 2033 479 2059 ,
537 1990 618 2065 (l)
648 1991 700 2047 in
738 2007 798 2048 ea
831 1991 904 2066 (ὁ)
939 1991 1053 2063 ipsa
1091 1991 1274 2047 omnia
1317 1991 1590 2062 sapienter
1621 1990 1761 2046 Deus

186 2082 353 2157 possit,
379 2096 477 2139 nec
500 2082 688 2141 virtuti
715 2081 833 2155 ejus
861 2084 1020 2150 ratio,
1047 2097 1146 2140 nec
1166 2082 1361 2138 rationi
1383 2081 1553 2137 virtus
1580 2080 1650 2155 (ε)
1667 2082 1761 2137 ab-

187 2180 349 2249 sistat;
389 2186 610 2250 Oportet
646 2193 772 2246 eos,
825 2178 915 2251 qui
946 2177 1221 2235 Christum
1258 2177 1557 2249 praedicant
1597 2192 1760 2231 mun-

190 2272 265 2340 do,
302 2272 616 2347 lrreligiosis
659 2272 846 2329 mundi
893 2272 1333 2344 imperfectisque
1361 2270 1623 2328 doctrinis
1667 2286 1763 2342 per

182 2368 433 2423 scientiam
464 2364 733 2438 sapientis
763 2367 1174 2438 omnipotentiae
1218 2367 1514 2434 contraire,
1565 2380 1762 2422 secun-

183 2462 291 2516 dum
320 2460 443 2517 illttd
467 2461 623 2518 beati
644 2460 890 2533 Apostoli
924 2460 1165 2517 dictum:
1214 2459 1410 2516 Nostra
1437 2462 1571 2515 enim
1617 2477 1762 2517 arma

180 2572 267 2611 non
293 2566 404 2612 sunt
438 2558 704 2624 carnalia,
732 2556 825 2612 sed
854 2556 1080 2627 potentia
1106 2551 1240 2623 Deo,
1266 2556 1335 2610 ad
1368 2556 1762 2611 destructionem

182 2651 517 2719 munitionum,
571 2651 799 2706 rationes
838 2649 1169 2718 destruentia,
1200 2658 1249 2704 et
1297 2666 1496 2705 omnem
1528 2649 1760 2704 altitudi-

178 2762 277 2802 nem
308 2748 559 2802 eleuatum
592 2744 836 2800 adversus
858 2745 1197 2818 cognitionem
1247 2743 1343 2800 Dei
1368 2742 1432 2817 (Il
1464 2743 1586 2800 Cor.
1630 2759 1684 2811 χ,
1728 2742 1764 2800 4

178 2846 219 2895 et
241 2836 315 2913 5).
348 2838 539 2898 Fidem
578 2855 683 2895 non
709 2839 1224 2911 nudamrApostolus
1241 2846 1403 2911 atque
1433 2840 1645 2911 inopem
1680 2854 1765 2894 ra-

174 2934 315 2991 tionis
364 2933 632 3008 reliquit:
671 2948 794 3006 quae
815 2934 1061 3006 quamvis
1111 2932 1392 3005 potissima
1425 2932 1493 2990 ad
1531 2933 1761 2990 salutem

173 3027 253 3096 sit,
291 3037 468 3085 tamen
525 3028 640 3084 nisi
696 3044 793 3100 per
836 3026 1137 3084 doctrinam
1188 3028 1510 3098 instruatur,
1545 3024 1763 3088 habebit

175 3119 371 3191 quidem
403 3120 550 3178 inter
580 3119 805 3176 adversa
834 3128 1004 3177 tutum
1033 3118 1112 3193 (2)
1140 3119 1439 3194 refugiendi
1466 3122 1546 3196 (d)
1578 3138 1761 3181 reces-

174 3228 296 3281 sum,
327 3231 434 3272 non
478 3217 656 3272 etiam
699 3215 953 3272 retinebit
996 3226 1333 3274 constantem
1367 3218 1437 3290 (e)
1484 3218 1764 3278 obnitendi

1865 1990 2017 2061 Quod
2056 2003 2236 2047 autem
2282 2008 2390 2048 non
2434 2004 2617 2048 natum
2657 2003 2759 2063 est,
2793 1994 2994 2050 idcum
3033 1995 3462 2049 mternitatenon

1866 2096 2048 2141 natum
2094 2096 2194 2142 est.
2227 2086 2380 2156 Quod
2425 2102 2559 2144 vero
2602 2104 2668 2144 ex
2712 2100 2916 2144 aeterno
2957 2101 3140 2143 natum
3190 2098 3294 2156 εει,
3335 2087 3386 2142 id
3416 2086 3462 2142 si

1866 2197 1972 2237 non
2004 2191 2267 2238 aeternum
2311 2192 2494 2237 natum
2526 2194 2630 2246 est,
2658 2181 2769 2254 jam
2805 2196 2910 2238 non
2936 2182 3034 2237 erit
3069 2193 3123 2239 et
3157 2192 3308 2252 pater
3335 2194 3463 2234 auc—

1865 2281 1951 2330 tor
1994 2283 2252 2331 :cternus.
2285 2274 2341 2332 Si
2386 2274 2514 2347 quid
2536 2274 2701 2347 igitur
2730 2274 2799 2339 ci,
2834 2276 2922 2343 qui
2954 2277 3020 2330 ab
3056 2285 3265 2330 :eterno
3310 2284 3462 2343 patre

1868 2383 2026 2427 natus
2054 2381 2154 2438 εει,
2187 2386 2255 2426 ex
2299 2371 2603 2427 :cternitate
2643 2367 2899 2435 defuerit,
2935 2368 2985 2423 id
3032 2369 3207 2439 ipsum
3253 2364 3459 2421 auctori

1878 2466 1943 2539 (i)
1982 2481 2087 2522 non
2118 2478 2201 2523 est
2224 2464 2532 2538 ambiguum
2565 2462 2806 2521 defuisse
2832 2483 2844 2519 :
2901 2465 3025 2536 quia
3051 2462 3195 2535 quod
3224 2461 3461 2534 gignenti

1818 2620 1822 2624 ,
1870 2571 1955 2618 est
1984 2560 2249 2617 infinitum
2270 2605 2285 2629 ,
2310 2560 2576 2615 inlinitum
2604 2569 2687 2616 est
2718 2560 2880 2615 etiam
2914 2560 3177 2613 nascenti.
3229 2556 3462 2613 Medium

1867 2654 2011 2711 enim
2043 2655 2168 2725 quid
2215 2655 2356 2711 inter
2396 2652 2733 2710 nativitatem
2765 2651 2859 2707 Dei
2907 2650 3025 2721 lilii,
3058 2662 3111 2707 et
3154 2651 3462 2723 generatio-

1869 2762 1990 2803 nem
2014 2746 2110 2804 Dei
2151 2747 2339 2820 patris,
2372 2762 2470 2803 nec
2514 2747 2651 2802 ratio
2679 2762 2778 2802 nec
2807 2759 2999 2801 sensus
3028 2743 3263 2800 admittit
3288 2762 3301 2799 :
3339 2743 3465 2816 quia

1867 2852 1922 2899 et
1948 2843 2004 2898 in
2046 2841 2395 2915 generatione
2425 2841 2675 2897 nativitas
2701 2849 2802 2906 est,
2829 2849 2885 2895 et
2914 2842 2967 2894 in
2999 2838 3277 2894 nativitate
3296 2852 3465 2909 gene-

1866 2938 2007 2995 ratio
2038 2948 2139 2993 est.
2182 2937 2337 3007 Quod
2385 2947 2675 3004 utrumque
2724 2935 2842 2991 sine
2890 2932 3178 2990 intervallo
3225 2932 3308 2987 sui
3353 2941 3461 2998 est,

1867 3030 1989 3103 quia
2022 3029 2140 3085 sine
2177 3038 2407 3101 utroque
2437 3027 2507 3105 (j)
2567 3044 2665 3084 nec
2696 3037 2947 3083 neutrum
3001 3036 3103 3082 eat.
3133 3023 3287 3093 Quod
3330 3038 3461 3095 ergo

1869 3124 1970 3179 nisi
2001 3139 2066 3181 ex
2112 3131 2342 3192 utroque
2364 3122 2440 3197 (5)
2488 3138 2594 3178 non
2624 3124 2697 3196 (k)
2731 3121 2998 3184 consiStit,
3033 3119 3085 3175 id
3125 3118 3181 3175 in
3213 3117 3466 3173 omnibus

1869 3219 1969 3276 nisi
1993 3229 2281 3292 utrumque
2312 3237 2416 3275 non
2440 3229 2718 3292 permanet
2742 3236 2755 3271 :
2783 3213 2944 3291 42],
2959 3215 3081 3287 quia
3110 3213 3162 3269 in
3178 3212 3354 3284 aliquo
3383 3209 3464 3265 al-

167 3309 780 3381 securitatem;eritque
804 3316 865 3365 ut
887 3306 1184 3366 inllrmibus
1210 3308 1280 3386 (Γ)
1302 3320 1566 3383 suntpost
1582 3312 1760 3386 fugam
1786 3313 1833 3379 C
1867 3320 2037 3369 terum
2092 3330 2199 3370 non
2248 3314 2597 3385 relinquatur,
2646 3308 2787 3382 quod
2818 3311 2870 3364 id
2913 3311 3087 3379 ipsum
3127 3302 3355 3361 alterum
3406 3303 3458 3358 in

171 3412 346 3472 castra,
373 3421 483 3461 non
523 3406 701 3462 etiam
748 3414 804 3460 ut
834 3414 1010 3462 castra
1050 3405 1371 3463 habentibus
1414 3406 1567 3463 adest
1595 3409 1761 3465 inter-

166 3498 253 3554 rita
278 3500 563 3557 tortitudo.
599 3496 766 3573 420
787 3497 1193 3557 Contundendae
1218 3508 1344 3556 sunt
1363 3515 1493 3573 ergo
1522 3502 1761 3557 insolen-

167 3600 236 3648 tes
274 3592 568 3650 adversum
622 3594 789 3648 Deum
828 3592 1263 3664 disputationes,
1311 3605 1365 3650 et
1423 3594 1755 3652 destruenda

162 3687 413 3742 rationum
447 3686 737 3742 fallaciqu
770 3686 1124 3753 munimenta,
1154 3694 1209 3741 et
1228 3686 1436 3742 elevata
1466 3686 1534 3743 ad
1565 3688 1759 3757 impie-

166 3789 309 3835 tatem
338 3782 563 3852 ingenia
593 3780 949 3847 conterenda,
982 3794 1086 3837 nec
1111 3781 1421 3838 carnalibus
1446 3782 1636 3849 armis,
1659 3782 1758 3839 sed

160 3875 516 3944 spiritalibus;
567 3890 678 3932 nec
721 3884 936 3931 terrena
973 3876 1239 3945 doctrina,
1280 3876 1377 3933 sed
1421 3877 1630 3934 caelesti
1674 3894 1762 3934 sa-

161 3965 380 4035 pientia:
410 3981 469 4026 ut
493 3978 710 4042 quanta
741 3984 921 4025 rerum
956 3966 1260 4025 divinarum
1295 3971 1762 4044 humanarumque

156 4060 405 4121 discretio
420 4074 536 4131 est,
589 4062 671 4138 (g)
699 4068 847 4119 tanta
876 4062 1014 4119 ultra
1037 4071 1252 4121 terrena
1279 4063 1457 4123 studia
1482 4066 1624 4122 ratio
1647 4080 1764 4125 cat-

159 4153 293 4212 lestis
315 4156 395 4233 (5)
421 4156 693 4214 excedat.

212 4250 300 4309 2t.
340 4250 394 4306 F
395 4253 528 4310 ilius
576 4250 677 4310 etsi
724 4259 900 4319 natus,
944 4267 1143 4325 semper
1191 4259 1363 4309 tamen
1405 4262 1503 4324 est,
1539 4255 1660 4328 quia
1679 4255 1766 4328 ,ὼ

211 4390 292 4531 (ἐξ
330 4390 502 4531 ﬁtrea
528 4391 695 4518 ips};
719 4388 878 4463 paulo
897 4399 1042 4462 post,
1069 4388 1298 4450 obsistet.

384 4483 412 4520 e
442 4481 615 4531 ugten
654 4481 692 4519 t.

332 4463 692 4536 Defugiendi.

211 4535 287 4610 (ὅ)
326 4535 659 4593 Exstendat.

1864 3409 2045 3480 aliquo
2085 3425 2190 3463 non
2223 3406 2387 3478 possit
2410 3421 2532 3463 esse
2552 3405 2667 3460 sine
2697 3402 2888 3459 altero.

1934 3501 2026 3558 22.
2064 3500 2294 3576 Objectio
2315 3542 2331 3570 ,
2366 3500 2518 3568 Quod
2548 3509 2724 3553 natum
2752 3509 2845 3565 est,
2875 3512 2977 3550 non
3003 3494 3122 3567 fuit.
3145 3523 3217 3533 —
3240 3489 3346 3548 Sed
3381 3491 3461 3546 iu—

1863 3595 2013 3664 quiet.
2057 3595 2339 3666 quisquam
2385 3589 2554 3648 divini
2603 3590 2762 3662 hujus
2819 3588 3044 3659 incapax
3088 3584 3457 3647 sacramenti,

1864 3689 2039 3747 Omne
2082 3689 2225 3761 quod
2256 3697 2439 3745 natum
2472 3697 2590 3755 est,
2625 3702 2731 3741 non
2761 3683 2863 3740 luit
2900 3701 2916 3738 :
2955 3682 3082 3755 quia
3112 3681 3168 3737 in
3198 3678 3251 3736 id
3277 3684 3460 3733 natum

1865 3796 1971 3857 est,
2002 3794 2059 3841 ut
2087 3794 2251 3841 esset.

1933 3881 2021 3937 23.
2049 3878 2116 3935 lu
2136 3877 2188 3933 F
2192 3879 2337 3935 ilium
2361 3892 2561 3947 semper
2582 3883 2756 3932 natum
2781 3889 2883 3928 non
2903 3870 3041 3926 cadit
3062 3885 3165 3924 non
3196 3865 3373 3939 fuisse.
3392 3891 3463 3903 —-

1864 3977 1931 4033 Et
1959 3976 2079 4048 quis
2114 3974 2277 4046 igitur
2305 3972 2576 4045 ambiget,
2616 3970 2744 4042 quin
2774 3983 2893 4039 qua:
2924 3965 2977 4021 in
3019 3964 3183 4020 rebus
3211 3957 3464 4015 humanis

1865 4079 1991 4127 nata
2036 4077 2198 4134 sunt,
2228 4065 2518 4137 aliquando
2557 4078 2664 4119 non
2710 4058 2947 4117 fuerint?
2981 4056 3087 4115 Sed
3113 4053 3254 4111 aliud
3285 4059 3370 4107 est
3396 4066 3463 4106 ex

1866 4179 1933 4222 eo
1955 4162 2107 4221 nasci
2134 4162 2225 4235 qui
2260 4176 2369 4218 non
2395 4157 2514 4224 luit,
2546 4156 2691 4213 aliud
2722 4173 2785 4213 es
2819 4171 2886 4210 eo
2915 4151 2996 4228 (6)
3028 4159 3209 4207 natum
3242 4160 3363 4204 esse
3396 4142 3458 4219 (l)

1869 4257 1963 4331 qui
1987 4271 2205 4329 semper
2229 4264 2335 4312 est.
2367 4250 2594 4310 Infantia
2617 4250 2764 4306 enim
2792 4246 2993 4313 omnis,
3025 4258 3147 4301 cuiu
3171 4250 3328 4298 antea
3357 4253 3464 4294 non

1951 4396 2029 4473 (ἑ)
2068 4397 2405 4473 (lome
2690 4465 2701 4473 .
2756 4463 2789 4473 ..
2890 4461 2903 4473 .

2073 4457 2337 4543 ξεινίίςιιΙιι
2368 4481 2569 4543 negans
2595 4461 3073 4543 omittitnrinms.
3102 4457 3357 4543 Veronae.

1952 4531 2033 4614 (63
2070 4542 2196 4598 Esse
2223 4542 2279 4598 in
2307 4531 2564 4621 anteiiori
2592 4537 2829 4596 editione
2853 4531 3215 4590 desideratur.

205 4647 278 4742 ίῗ)
322 4647 706 4742 §9_‘!eE._Y?,E
753 4646 1269 4742 2§§;Lfi"fifuﬁiﬂ’_’f,
1300 4666 1530 4742 ξξζῖηιηξ
1610 4652 1761 4742 git!“
1786 4663 1839 4725 D
1867 4730 1880 4742 _
1939 4658 2013 4742 (g)
2036 4657 2112 4714 lla
2144 4658 2383 4742 potiores
2410 4672 2544 4713 mss.
2577 4660 2645 4742 ἧι
2674 4653 2823 4742 editi,
2856 4660 3072 4742 tantum.
3107 4646 3230 4705 Mox
3260 4641 3464 4702 Pratel-

147 4715 287 4776 Colit.
314 4736 445 4776 cum
494 4720 726 4776 Martio.
753 4718 984 4776 Sorbon.
1014 4715 1071 4775 et
1106 4720 1271 4777 Μὶνωί
1292 4723 1451 4793 edit.,
1481 4724 1761 4796 simplicio-

1873 4715 2034 4787 letisis
2059 4715 2252 4795 codex,
2282 4730 2413 4784 ratio
2441 4746 2493 4783 se
2519 4727 2706 4784 caelesti
2732 4724 2995 4781 extendat.

144 4809 390 4849 τεδεειιιιι.

148 4934 157 4943 θ
206 4865 277 4935 (lt)
324 4867 559 4943 Bad._et
592 4863 719 4943 _Er.,
750 4872 798 4943 et
848 4878 914 4943 ea
955 4864 1144 4943 omnia.
1188 4864 1763 4943 'Mirteus_restituetts

142 4935 189 4989 in
205 4953 284 5004 ea,
318 4939 522 4993 omisit.
584 4937 725 5006 ipsa.
757 4935 814 4991 In
866 4936 1110 5004 pluribus
1139 4952 1271 4992 mss.
1316 4938 1656 4996 desideratur
1682 4943 1758 4997 in.

139 5006 506 5081 Retinendum
533 5024 666 5081 cum
696 5008 992 5081 potioribus
1016 5016 1066 5063 et
1085 5009 1211 5064 inea
1232 5008 1367 5075 ipsa.
1398 5012 1520 5067 scil.
1545 5016 1760 5081 sapien-

138 5079 221 5134 tia.
247 5081 532 5152 Exemplo
556 5080 784 5150 Dei,qui
809 5082 860 5134 in
878 5079 1161 5149 sapientia,
1180 5096 1302 5152 qua:
1314 5082 1556 5138 Christus
1576 5079 1682 5152 est,
1705 5097 1763 5142 et.

135 5153 300 5208 omnia
322 5164 544 5224 potest,
566 5155 922 5227 etsppienter
958 5157 1154 5219 potest,
1177 5163 1464 5227 monentur
1498 5154 1620 5212 lidei
1646 5172 1763 5227 pro-

133 5208 577 5297 pugnatoresme
594 5208 813 5297 alibude
835 5208 1084 5297 virtutem
1099 5208 1153 5278 et
1168 5224 1481 5297 sapientiam
1494 5208 1757 5297 ῳὶιὲηέἑιῐ.

199 5294 271 5369 (e)
290 5297 465 5363 Editi,
503 5294 749 5351 absistat.
783 5295 1002 5369 Rectius
1027 5310 1157 5369 mss.
1188 5294 1423 5369 absistat,
1457 5294 1639 5366 id'est,
1664 5317 1766 5359 nec

134 5366 298 5424 virtus
317 5372 579 5431 ratione,
619 5380 721 5423 nec
747 5368 942 5422 virtute
965 5367 1102 5422 ratio
1127 5366 1384 5424 destituta
1406 5368 1496 5425 sit.

193 5438 582 5514 (d)glngms_s_.
643 5438 777 5495 Vat.
809 5437 1323 5514 bas.,__Carnut.Aet
1368 5441 1571 5514 aliquot
1614 5443 1801 5514 aliis,-

127 5510 449 5638 dgitgiendi.
509 5511 655 5569 Mox
705 5514 757 5568 iu
801 5525 907 5567 uno
948 5509 1149 5581 Vatic.,
1201 5509 1470 5583 obtinebit,
1488 5528 1598 5571 non
1638 5509 1763 5574 reti;

127 5600 155 5636 n
215 5597 273 5638 ιι.

122 5597 482 5784 ἔξιιῶιέξῖ
532 5664 601 5714 et.
650 5653 800 5725 Par.,
841 5654 1124 5726 obtinendi,
1165 5654 1553 5716 reluctantibus
1597 5659 1761 5733 Bad.,

163 5738 485 5877 Γιιῗίέἷῖῗιῗ
536 5808 782 5877 οκρεριο
820 5799 1143 5877 satisﬁat:
1171 5814 1234 5877 ιο
1257 5808 1438 5874 90‘“ea
1470 5804 1627 5875 θάψ’
1652 5821 1762 5865 ¹¹⁰¹¹

122 5873 306 5933 adat:
334 5883 397 5933 ει
418 5876 584 5933 inter
620 5873 758 5937 haec.
801 5889 946 5930 arma
983 5873 1303 5944 habentibus,
1341 5891 1438 5946 pro
1472 5873 1643 5936 castra
1668 5881 1765 5939 fta-

123 5950 357 6008 tantibus
379 5967 405 6009 :
428 5946 601 6025 quod
632 5959 701 6006 ex
725 5946 936 6009 Επεεωὶ
955 5948 1201 6023 margine
1221 5948 1471 6010 obtinuit.

1937 4801 2017 4877 (Ιι)
2045 4804 2155 4857 Duo
2175 4817 2205 4858 e
2232 4787 2543 4877 tuss_._Vatic.
2570 4814 2712 4877 (ιιιιιι⁵
2725 4798 2880 4877 εει,
2914 4796 3003 4850 Er.
3038 4801 3093 4877 et
3116 4791 3234 4846 un.
3273 4787 3460 4877 nativi-

1864 4864 2161 4930 tas‘teterna
2191 4882 2283 4928 est.
2332 4872 2635 4928 Vetustiore
2673 4869 2821 4925 Culb.
2870 4884 2991 4924 cum
3042 4864 3464 4931 Germ.,natiri-

1865 4956 1943 5001 tas
1970 4951 2226 5000 wternitas
2247 4956 2340 5000 est.

1939 5017 2004 5092 (i)
2044 5016 2100 5073 lu
2130 5019 2504 5092 duobusmss.
2534 5023 2588 5070 et
2617 5013 2932 5092 Miratiedit.
2962 5008 3343 5092 subju_t_igitur,_
3374 5005 3462 5092 qui

1865 5079 2009 5160 paler
2029 5099 2101 5145 est
2116 5108 2135 5157 ;
2163 5091 2215 5144 in
2243 5089 2402 5145 Corb.
2427 5098 2605 5143 autem
2627 5094 2681 5142 et
2706 5086 2823 5142 aliis
2846 5079 3257 5144 recentidribus,
3288 5079 3343 5133 id
3367 5084 3460 5144 est,

1865 5163 2001 5235 patri
2025 5162 2160 5232 quod
2188 5171 2332 5232 pater
2357 5170 2428 5216 est
2453 5174 2472 5214 :
2497 5161 2787 5231 glossema.

1936 5255 2003 5331 (j)
2045 5254 2369 5331 Particulam
2384 5270 2487 5331 nec
2511 5253 2808 5331 adiecimus
2828 5249 3149 5331 auctoritate
3192 5261 3323 5331 mss.
3354 5243 3465 5331 sin-

1864 5316 2135 5384 coriorum
2159 5326 2339 5392 Colb.,
2384 5316 2597 5393 Rem,
2619 5325 2831 5392 Germ.,
2876 5323 3239 5379 Hellenismos
3276 5316 3467 5386 hujus-

1866 5400 2012 5456 modi
2036 5414 2419 5472 smpenumero
2443 5397 2558 5470 jam
2584 5399 2936 5453 advertimus.

1940 5493 2017 5567 (lt)
2054 5492 2224 5549 Abest
2264 5508 2369 5549 non
2392 5492 2461 5547 ab
2499 5490 2895 5567 antiquioribus
2923 5503 3056 5544 mss.
3089 5486 3145 5541 In
3164 5482 3461 5567 Yatieanis,

1867 5555 2009 5640 quod
2038 5581 2160 5640 ergo
2193 5567 2304 5621 sine
2331 5575 2548 5640 utroque
2575 5555 2845 5640 consistit:
2876 5569 3146 5631 corrupte.
3184 5555 3468 5640 Acutebic

1866 5634 2291 5703 demonstratur,
2322 5634 2655 5692 nativitatem
2710 5634 2851 5689 nulla
2901 5647 2962 5688 re
3011 5642 3202 5686 carere
3226 5634 3469 5703 potuisse

1865 5728 2025 5784 quam
2078 5702 2361 5784 generatio
2399 5707 2668 5775 habuerit,
2712 5707 2838 5778 quia
2863 5713 3113 5760 neutrum
3142 5710 3322 5776 potest
3350 5702 3470 5757 sine

1868 5783 2041 5843 altero
2065 5783 2385 5841 consistere.

1864 5896 1875 5930 :
1946 5879 2011 5957 (l)
2038 5879 2113 5938 Er
2146 5923 2158 5937 .
2191 5888 2245 5937 et
2278 5877 2608 5957 posteriores
2630 5876 2983 5957 edit.,__nnsci.
3010 5876 3075 5935 At
3099 5872 3318 5957 Bad.‘et
3342 5882 3480 5957 mss:

1867 5941 2147 6029 poliores,
2195 5941 2370 6011 natum
2403 5967 2422 6009 .'
2458 5951 2547 6012 cui
2573 5951 2740 6013 verbo
2775 5941 2996 6013 Martut.
3028 5958 3084 6010 et
3127 5945 3343 6022 quidam
3388 5941 3481 6000 alii
