3996 6330
595 309 701 372 447

1786 301 2035 362 SANCTI
2077 302 2330 362 lllLARll
2373 304 2681 366 EPISCOPI
3716 328 3792 390 με

596 428 810 495 fuisset,
843 422 1007 497 caepit
1030 437 1097 479 ex
1130 429 1392 494 tempore.
1422 418 1553 489 Qua:
1577 433 1793 475 rursum
1824 418 1880 474 in
1909 419 2190 489 pueritiam
2218 423 2270 485 Α
2298 420 2365 496 (i)
2407 423 2603 481 Sensui
2625 433 2813 483 nostro
2834 434 3105 486 retroacto
3131 444 3445 506 semperque
3459 446 3794 505 revocaloadin-

597 535 951 586 exerescens,
993 525 1115 590 post
1151 516 1313 574 etiam
1360 513 1778 571 adolescentiam
1807 513 1983 586 coegit
2024 514 2076 569 in
2103 530 2200 587 pa-

595 596 758 675 trem.
809 615 877 671 Et
902 628 1008 671 non
1039 627 1255 686 semper
1284 619 1438 684 pater
1460 618 1585 680 est,
1616 610 1706 682 qui
1746 620 1869 666 ante
1905 610 1957 665 in
1985 609 2199 667 adoles-

597 710 832 769 centiam
860 723 958 781 per
994 706 1371 778 pueritiam,et
1394 704 1447 760 in
1478 703 1761 775 pueritiam
1791 719 1887 775 per
1918 704 2196 760 infantiam

598 811 832 874 ereptam
861 799 1169 873 profecerit.
1212 798 1354 869 Ergo
1386 798 1475 869 qui
1503 812 1611 852 non
1639 812 1856 869 semper
1895 805 2046 868 pater
2077 806 2160 853 est
2183 838 2197 867 ,

599 910 707 952 non
733 909 951 966 semper
977 901 1033 949 et
1059 893 1264 965 genuit.
1298 891 1399 949 Ubi
1430 901 1615 948 autem
1651 906 1865 963 semper
1894 901 2047 964 pater
2074 901 2155 947 est
2183 934 2198 960 ,

598 1005 813 1062 semper
853 1000 908 1046 et
938 988 1081 1045 [ilius
1110 996 1214 1047 est.
1244 986 1301 1044 Si
1347 986 1526 1057 itaque
1570 985 1737 1041 habes
1777 986 1831 1041 in
1877 985 2201 1058 cogitatione

593 1084 685 1141 vel
710 1099 874 1141 sensu
895 1084 1090 1151 Deum,
1119 1083 1170 1139 iu
1195 1083 1347 1152 cujus
1362 1081 1688 1154 cognitionis
1712 1091 2050 1138 sacramento
2077 1097 2203 1154 pro-

597 1182 775 1253 prium
813 1188 897 1236 est
943 1178 1087 1252 quod
1126 1186 1280 1248 pater
1307 1186 1419 1244 est,
1449 1191 1554 1233 non
1583 1190 1800 1247 semper
1844 1184 2051 1248 patrem
2079 1190 2203 1234 esse

598 1274 695 1331 ﬁlii
719 1275 799 1349 (a)
822 1275 1019 1347 geniti;
1051 1271 1219 1329 babes
1250 1281 1305 1328 et
1333 1272 1386 1329 in
1419 1271 1768 1342 intelligentia
1792 1278 1845 1326 et
1871 1271 1926 1326 in
1952 1271 2199 1342 scientia,

600 1386 708 1428 non
733 1385 949 1441 semper
973 1370 1142 1426 tilium
1172 1383 1294 1426 esse
1324 1368 1413 1440 qui
1443 1370 1655 1439 genitus
1677 1376 1781 1424 est.
1813 1366 1967 1436 Quod
1994 1367 2038 1423 si
2060 1382 2205 1423 sem-

602 1480 701 1538 per
734 1464 879 1520 Patri
914 1465 1189 1537 proprium
1219 1472 1304 1518 est
1332 1462 1474 1535 quod
1516 1476 1733 1533 semper
1757 1469 1841 1517 est
1884 1470 2066 1532 pater;
2110 1478 2205 1519 ue-

598 1572 754 1615 Cesse
783 1567 1114 1630 estsemper
1151 1556 1290 1613 Filio
1340 1557 1615 1628 proprium
1657 1571 1779 1614 esse
1819 1556 1963 1628 quod
1988 1572 2205 1630 semper

604 1661 687 1707 est
712 1650 901 1707 Filius.
933 1650 1003 1707 Et
1032 1649 1307 1735 quomodo
1340 1651 1393 1706 in
1420 1665 1729 1706 sermonem
1761 1659 2003 1706 nostrum
2043 1660 2204 1723 atque

2302 517 2656 589 telligentiam
2687 519 2803 591 ejus
2828 521 2919 591 qui
2947 530 3032 577 est
3058 522 3138 596 (2)
3177 523 3244 579 de
3273 540 3338 581 eo
3364 526 3435 600 (g)
3468 528 3516 585 id
3552 532 3693 603 ipsum
3713 546 3792 592 tau-

2303 619 2413 667 tum
2440 655 2456 681 ,
2509 613 2650 683 quod
2683 622 2764 670 est
2791 611 2894 687 (It),
2931 615 2983 672 ei
3006 631 3222 686 semper
3247 622 3476 677 anterius
3497 633 3568 679 est
3604 629 3735 698 :quia
3759 632 3796 690 id

2301 705 2452 776 quod
2483 704 2752 761 inﬁnitum
2783 707 2835 763 in
2867 709 2976 764 Deo
2999 719 3100 776 est,
3219 726 3431 784 semper
3448 729 3503 770 se
3525 715 3683 775 inﬁniti
3705 737 3798 779 sen-

2302 816 2395 855 sus
2428 801 2599 857 nostri
2631 804 2870 860 recursui
2900 805 3182 862 subtrahat
3214 824 3228 861 :
3258 816 3317 862 ut
3345 817 3463 865 ante
3487 810 3551 879 id,
3573 813 3688 883 quod
3708 831 3799 885 pro-

2301 894 2477 967 prium
2512 895 2622 951 Deo
2643 905 2746 965 est,
2776 912 2990 967 semper
3014 900 3256 974 esse,{(j)
3284 902 3473 974 aliquid
3495 905 3617 961 aliud
3636 909 3799 968 intentio

2303 998 2573 1046 retroacta
2618 1007 2727 1047 non
2776 992 2982 1063 capiat;
3013 994 3136 1065 quia
3183 994 3316 1051 nihil
3355 995 3489 1051 aliud
3517 998 3634 1054 ultra
3666 1001 3724 1074 (Ιε)
3756 1004 3801 1060 ad

2305 1082 2717 1156 intelligentiam
2767 1085 2903 1155 Dei,
2962 1088 3263 1143 aeternitate
3314 1090 3642 1159 procedendi,
3688 1112 3802 1165 quam

2306 1175 2476 1234 Deum
2508 1194 2725 1251 semper
2758 1195 2879 1236 esse
2912 1196 3125 1253 seraper
3168 1195 3434 1239 occurrat.
3464 1185 3600 1253 Quod
3627 1188 3750 1258 igitur
3769 1201 3806 1247 et

2307 1289 2401 1344 per
2428 1272 2648 1345 Moysen
2676 1273 2742 1330 de
2783 1275 2893 1331 Deo
2922 1276 3284 1347 signiﬁcatum
3315 1320 3330 1345 ,
3363 1288 3413 1333 et
3437 1294 3523 1348 per
3546 1296 3805 1339 communem

2307 1381 2526 1422 sensum
2556 1367 2688 1422 nihil
2725 1368 2870 1424 aliud
2907 1369 3063 1425 nobis
3099 1371 3503 1443 intelligendum
3529 1376 3805 1448 pennittitur,

2306 1458 2358 1515 id
2404 1460 2575 1529 ipsum
2606 1460 2883 1533 unigenito
2913 1462 3025 1518 Deo
3055 1477 3176 1519 esse
3208 1466 3479 1543 proprium
3507 1466 3561 1539 (Ι)
3591 1467 3804 1540 Evangelia

2309 1563 2574 1610 testantur
2620 1572 2633 1610 :
2668 1570 2793 1611 cum
2839 1556 2891 1611 in
2937 1556 3202 1627 principio
3242 1568 3362 1614 erat
3400 1558 3635 1630 Verbum,
3669 1571 3810 1619 etcum

2329 1663 2411 1704 IOC
2437 1648 2577 1719 apud
2603 1648 2772 1704 Deum
2804 1659 2921 1705 erat
2951 1648 3131 1722 (Joan.
3154 1668 3192 1719 ι,
3228 1653 3310 1722 1),
3342 1661 3392 1709 et
3424 1669 3538 1708 cum
3561 1663 3662 1710 erat
3685 1656 3810 1713 lumen

601 1745 1012 1818 intelligentiam
1031 1746 1206 1816 cadet,
1233 1755 1291 1802 ut
1313 1760 1421 1801 non
1440 1744 1600 1801 fuerit
1617 1753 1742 1800 ante
1763 1760 1925 1816 quam
1949 1736 2495 1833 nascere-verum
2516 1743 2697 1833 ’ρ
2717 1745 2902 1818 Met
2937 1762 3058 1801 cum
3084 1748 3389 1819 unigenitus
3412 1750 3547 1807 Deus
3568 1752 3614 1807 in
3632 1753 3727 1809 sinu
3746 1753 3814 1809 Pa-

605 1848 710 1908 tur,
740 1802 828 1896 cui
848 1838 1118 1910 praprium
1145 1848 1230 1896 est
1259 1854 1474 1910 semper
1499 1853 1621 1895 esse
1638 1838 1776 1911 quod
1806 1837 1879 1911 (b)
1909 1846 2065 1893 natus
2082 1802 2289 1896 est?’B'
2312 1837 2407 1893 tris
2433 1802 2769 1939 est%i'):um
2801 1839 2959 1897 Jesus
2987 1802 3235 1899 Christiis
3262 1858 3425 1917 super
3448 1846 3612 1902 omnia
3636 1846 3744 1905 Deus
3760 1857 3813 1906 est

675 1933 768 1988 24.
798 1928 850 1985 Γ
850 1931 970 1987 ilius
999 1941 1055 1986 ut
1077 1931 1248 1986 omnia
1274 1947 1393 1985 cum
1427 1928 1586 1985 Patre
1612 1930 1761 1985 liabet
1783 1929 2103 1996 communia,
2130 1929 2202 1984 ita

602 2035 651 2081 et
676 2041 876 2099 semper
897 2041 1024 2081 esse.
1056 2022 1208 2080 Patri
1231 2024 1495 2098 proprium
1516 2032 1593 2079 est
1620 2041 1745 2079 esse.
1775 2021 1914 2078 Filio
1938 2023 2202 2097 proprium

601 2127 750 2175 estet
780 2134 907 2174 esse.
940 2147 1009 2160 -—
1053 2116 1306 2174 Formam
1344 2118 1523 2189 itaque
1546 2126 1708 2190 atque
1736 2117 2025 2189 imaginem
2067 2116 2205 2172 invi-

599 2214 774 2272 sibilis
811 2214 904 2271 Dei
936 2214 1244 2286 unigenitus
1277 2213 1330 2269 in
1358 2228 1418 2269 se
1444 2214 1585 2269 Deus
1614 2213 1921 2280 continens,
1950 2213 2003 2268 in
2029 2211 2206 2267 omni-

603 2310 703 2391 bus
734 2311 820 2368 his
866 2327 986 2384 qua:
1023 2310 1240 2384 propria
1279 2311 1393 2369 Deo
1423 2312 1563 2382 patri
1607 2322 1769 2375 sunt,
1818 2326 1915 2382 per
1965 2309 2202 2382 plenitu-

604 2403 785 2460 dinem
814 2402 884 2479 (ε)
913 2420 1054 2461 verre
1079 2405 1133 2460 iu
1156 2419 1218 2462 se
1244 2404 1539 2463 divinitatis
1573 2413 1833 2477 sequatur.
1866 2403 2021 2472 Nam,
2047 2410 2206 2460 utsu-

604 2501 908 2572 perioribus
937 2500 1091 2556 libris
1116 2500 1418 2567 docuimus,
1446 2516 1542 2573 per
1564 2502 1815 2558 virtutem
1842 2511 1897 2558 et
1942 2500 2205 2576 (l)vene-

601 2596 867 2651 rationem
901 2596 981 2668 (ά)
1006 2638 1022 2664 ,
1070 2596 1210 2653 sicut
1250 2596 1431 2665 Pater,
1463 2606 1518 2652 et
1547 2596 1896 2655 honorandus
1929 2609 1984 2654 et
2017 2606 2207 2671 potens

604 2696 689 2744 est
719 2706 732 2742 :
768 2688 838 2744 ita
875 2697 930 2745 et
960 2688 1013 2744 in
1040 2704 1106 2746 eo
1141 2690 1285 2762 quod
1315 2690 1473 2746 Pater
1503 2706 1721 2763 semper
1749 2701 1865 2762 est,
1890 2692 1941 2751 ei
1969 2708 2204 2766 quoque,

606 2780 661 2837 in
689 2795 754 2837 eo
780 2780 922 2852 quod
952 2780 1089 2838 illius
1118 2790 1222 2851 est,
1248 2784 1386 2840 Filio
1411 2800 1626 2857 semper
1647 2801 1770 2842 esse
1791 2802 2077 2845 commune
2101 2798 2205 2845 est.

603 2874 737 2933 Nam
765 2878 1060 2934 secundum
1085 2879 1153 2935 ad
1183 2879 1403 2954 Moysen
1431 2882 1658 2951 dictum,
1682 2882 1847 2959 422
1867 2885 2010 2942 Misit
2031 2905 2110 2942 me
2139 2889 2209 2942 ad

604 2986 693 3027 vos
727 2972 770 3027 is
801 2973 890 3044 qui
916 2982 987 3029 est
1017 2972 1215 3048 (Exod.
1258 2991 1316 3030 ιιι
1342 3018 1355 3040 ,
1388 2975 1497 3048 14),
1524 2977 1636 3033 Deo
1678 2980 1952 3050 proprium
2002 2996 2123 3036 esse
2154 2980 2206 3036 id

604 3063 748 3137 quod
796 3074 915 3134 est,
949 3081 1059 3123 non
1099 3068 1376 3140 ambigens
1407 3084 1600 3127 sensus
1630 3080 1715 3128 est
1758 3088 1770 3127 :
1802 3073 1927 3143 quia
1971 3073 2021 3129 id
2064 3075 2206 3146 quod

607 3166 730 3225 est,
784 3174 891 3215 non
942 3171 1117 3231 potest
1164 3163 1389 3235 intelligi
1449 3163 1665 3238 dicique
1717 3181 1823 3221 non
1877 3182 2021 3225 esse.
2077 3169 2209 3227 Esse

605 3251 751 3308 enim
774 3261 959 3310 etnon
991 3270 1111 3312 esse
1136 3257 1407 3313 contraria
1437 3267 1564 3314 sunt
1597 3279 1610 3315 :
1641 3275 1815 3332 neque
1861 3261 1946 3317 ha:
1976 3262 2206 3319 diversa:

609 3344 1028 3416 signiﬁcationes
1082 3349 1134 3403 in
1180 3366 1343 3405 unum
1387 3359 1546 3422 atque
1596 3352 1737 3408 idem
1787 3365 2023 3422 coeunt;
2077 3356 2200 3428 quia

609 3445 863 3495 manente
896 3439 1025 3509 alia,
1068 3439 1237 3499 altera
1266 3457 1370 3498 non
1398 3442 1519 3499 erit.
1569 3443 1709 3516 Ergo
1738 3446 1825 3502 ubi
1856 3446 1929 3520 (e)
1956 3457 2048 3515 est,
2094 3464 2202 3506 non

608 3538 790 3602 potest
842 3533 926 3590 vel
974 3547 1193 3591 sensum
1237 3534 1325 3592 vel
1379 3550 1687 3595 sermonem
1734 3538 1873 3597 inire
1917 3555 2024 3597 non
2059 3555 2201 3600 esse.

685 3672 765 3745 (i)
795 3675 1207 3735 Generationem.

2310 1930 2489 2004 (Itoni.
2521 1930 2598 2002 is,
2629 1931 2709 2005 5).

2382 2024 2473 2080 9.5.
2508 2025 2603 2082 Est
2632 2043 2853 2085 terernus
2888 2030 2949 2086 ab
2975 2043 3166 2088 (eterna
3193 2049 3213 2089 :
3245 2034 3470 2105 adeoque
3496 2051 3590 2090 non
3609 2052 3662 2091 es
3686 2035 3813 2103 nihilo,

2311 2130 2400 2177 aut
2434 2139 2537 2177 non
2568 2124 2846 2195 aliquando
2888 2127 3009 2197 fuit.
3053 2157 3125 2168 -—
3170 2127 3302 2184 Erat
3345 2129 3540 2202 igitur,
3580 2140 3713 2201 atque
3736 2139 3815 2186 est:

2312 2219 2434 2289 quia
2465 2219 2533 2273 ab
2562 2233 2629 2275 eo
2658 2228 2742 2276 est
2763 2262 2776 2286 ,
2826 2222 2916 2293 qui
2944 2222 3087 2293 quod
3114 2232 3198 2279 est
3233 2239 3450 2297 semper
3474 2235 3572 2283 est.
3597 2226 3669 2282 Ab
3690 2241 3817 2281 eoae

2314 2320 2421 2367 tem
2451 2326 2573 2368 esse
2596 2355 2610 2378 ,
2645 2314 2697 2368 id
2735 2324 2849 2381 cst,
2878 2331 2943 2372 ex
2986 2325 3140 2389 patre
3166 2332 3329 2387 esse,
3365 2318 3604 2375 nativitas
3628 2328 3710 2375 est.
3731 2318 3818 2375 Esse

2310 2423 2491 2472 autem
2533 2432 2751 2489 semper
2778 2417 2846 2472 ab
2875 2433 2941 2473 eo
2971 2419 3061 2489 qui
3092 2427 3176 2475 est
3202 2433 3452 2490 semper,
3483 2417 3719 2475 :eternitas
3734 2424 3817 2472 est:

2311 2512 2584 2567 aeternitas
2614 2526 2743 2568 vero
2770 2527 2876 2567 non
2907 2527 2973 2569 ex
3001 2526 3083 2580 se,
3118 2512 3212 2568 sed
3242 2513 3311 2569 ab
3341 2520 3561 2569 aeterno.
3588 2511 3656 2567 Ex
3679 2518 3819 2566 aeterno

2311 2613 2491 2662 autem
2519 2606 2657 2662 nihil
2680 2605 2846 2676 aliud,
2865 2622 3025 2678 quam
3055 2617 3342 2664 mternum.
3367 2607 3519 2677 Quod
3537 2608 3577 2664 si
3601 2622 3690 2663 non
3708 2615 3818 2662 :etee

2311 2713 2476 2765 num;
2521 2699 2632 2771 jam
2666 2714 2768 2756 nec
2807 2708 2962 2772 pater
3006 2701 3095 2772 qui
3142 2702 3512 2773 generationis
3556 2708 3631 2756 est
3663 2707 3818 2764 auctor,

2311 2805 2546 2851 aeternus
2576 2804 2681 2852 est.
2717 2794 2979 2869 (leuod
3008 2810 3129 2851 cum
3163 2796 3239 2851 illi
3272 2804 3480 2867 patrem
3509 2808 3695 2865 semper
3715 2805 3817 2857 esse,

2311 2897 2471 2960 atquc
2501 2890 2660 2959 hujus
2697 2888 2863 2945 tilium
2907 2905 3124 2962 semper
3166 2906 3288 2948 esse
3327 2893 3402 2948 sit
3445 2891 3692 2965 proprium
3712 2902 3819 2951 esse.

2312 2992 2367 3038 et
2393 2984 2445 3037 in
2475 2998 2540 3039 eo
2569 2970 2713 3055 quod
2745 2993 2850 3051 est,
2879 2984 3215 3056 signiﬁcatur
3243 2985 3547 3052 mternitas;
3571 2998 3654 3054 per
3675 2980 3715 3035 id
3735 2993 3823 3049 quo-

2309 3091 2412 3148 que
2431 3118 2445 3143 ,
2475 3081 2559 3131 cui
2588 3076 2730 3147 quod
2757 3086 2842 3134 est
2877 3078 3155 3149 preprium
3184 3087 3286 3145 est,
3323 3077 3406 3152 (η)
3438 3078 3689 3150 proprium
3711 3078 3825 3128 estet

2311 3178 2595 3227 alternum.
2624 3170 2837 3228 Nemini
2863 3181 3044 3229 autem
3081 3172 3304 3229 dubium
3333 3182 3441 3241 est,
3483 3172 3599 3243 quin
3626 3165 3824 3242 generatio

2311 3262 2577 3334 signiticet
2604 3263 2938 3322 nativitatem
2961 3309 2977 3333 ,
3018 3265 3181 3340 5,23
3225 3275 3280 3322 et
3316 3265 3568 3322 nativitas
3597 3268 3826 3319 manentem

2311 3355 2502 3412 doceat
2523 3359 2662 3429 (cum
2683 3359 2798 3415 scil.
2824 3376 2887 3414 ea:
2914 3375 3014 3433 quo
3034 3370 3203 3415 ortum
3226 3360 3372 3415 ducit
3394 3359 3581 3430 natus),
3608 3372 3695 3412 non
3711 3352 3823 3410 etiam

2314 3468 2421 3509 non
2450 3464 2779 3511 manentem.
2807 3455 2977 3511 Porro
3006 3464 3184 3511 autem
3214 3455 3416 3528 ambigi
3445 3471 3550 3511 non
3577 3460 3742 3526 potest,
3764 3461 3829 3502 ne-

2313 3545 2513 3604 minem
2542 3549 2633 3621 qui
2671 3556 2792 3605 erat
2835 3549 3006 3609 nasci.
3039 3548 3173 3605 Nam
3223 3548 3490 3607 nascendi
3530 3547 3592 3603 ad
3628 3559 3727 3603 eum
3757 3553 3825 3596 non

680 3746 758 3820 (2)
789 3747 920 3817 Deo,
937 3750 1186 3821 subinde,
1211 3752 1352 3825 quod
1373 3762 1447 3810 est
1474 3753 1594 3824 Dei,
1625 3756 1783 3828 paulo
1810 3766 1957 3831 post,
1980 3758 2266 3829 subtrahit;
2301 3769 2435 3826 tum,
2466 3761 2521 3817 id
2548 3760 2742 3833 aliquid
2770 3758 2934 3816 aliud.

607 3902 738 3945 mss.
772 3888 977 3947 addunt
1002 3907 1129 3947 esse.
1164 3891 1281 3971 iam
1324 3893 1552 3971 legimus
1574 3911 1628 3950 ιι.
1657 3895 1725 3951 21
1762 3912 1777 3950 :
1811 3894 1996 3971 Neque
2032 3896 2088 3952 id
2121 3898 2201 3971 ip-

608 3977 720 4038 sum
745 3970 826 4038 est
852 3980 955 4018 non
976 3974 1153 4038 natum
1178 3965 1321 4038 (sine
1341 3966 1472 4038 esse)
1502 3977 1652 4036 atque
1677 3969 1843 4024 nasci.

682 4032 763 4109 (a)
811 4034 883 4090 lta
916 4052 1049 4091 mss.
1094 4032 1213 4093 Vat.
1263 4038 1418 4102 bas.,
1453 4032 1655 4106 'Colb.,
1701 4039 1938 4104 Martin.,
1989 4040 2201 4109 Germ.,

608 4105 791 4185 Rem},
820 4117 928 4185 etc.
975 4109 1032 4185 In
1060 4110 1263 4185 aliquot
1300 4110 1440 4180 aliis,
1472 4112 1568 4184 ﬁlii
1596 4105 1707 4167 a’se
1725 4113 1905 4185 geniti.
1931 4114 2000 4168 At
2023 4116 2077 4168 in
2106 4105 2202 4169 ex;

605 4178 898 4251 cusis,ﬁtii
929 4178 1199 4251 unigeniti.
1426 4178 1433 4180 “
1472 4178 1481 4184 ’
1522 4206 1538 4223 -

679 4249 755 4321 (b)
785 4250 911 4324 Mss.
948 4249 1125 4318 Colb.,
1169 4254 1379 4310 Martin.
1412 4264 1466 4311 et
1490 4256 1701 4323 Germ.,
1726 4258 1863 4324 quod
1903 4268 2081 4313 natum
2109 4266 2201 4314 est.

684 4323 760 4392 (ε)
791 4322 977 4380 Codex
1001 4324 1124 4380 Vat.
1156 4325 1300 4390 bas.,
1331 4327 1384 4381 in
1414 4345 1469 4382 se
1498 4345 1629 4384 uerte
1654 4322 1957 4384 nativitatis.

613 4393 650 4470 ‘_
688 4393 773 4470 (d)
804 4394 858 4449 ln
882 4408 1011 4451 mss.
1044 4395 1165 4452 Vat.
1188 4397 1330 4470 bas,
1361 4400 1480 4455 aliis
1507 4401 1678 4455 tribus
1703 4399 2000 4470 Vaticanis,
2028 4400 2211 4470 Mart.,

609 4463 772 4543 Corb}
799 4473 975 4543 ,_e_t_e_.,
1008 4463 1386 4543 generationem
1417 4480 1743 4543 :icorrupte.

610 4548 623 4584 ι
687 4537 772 4612 (e)
803 4537 970 4604 Editi,
1116 4555 1224 4595 esse
1244 4549 1317 4595 est
1349 4558 1368 4597 :
1397 4542 1581 4599 addito
1606 4537 1736 4615 esse,
1756 4544 1959 4617 absque
1979 4545 2213 4603 auctori-

614 4610 726 4666 tate
751 4620 993 4667 veterum
1024 4610 1332 4668 librorum..

681 4681 749 4809 ([3
775 4682 935 4738 Solus
955 4682 1127 4739 codex
1153 4683 1361 4756 Remig.
1390 4700 1514 4743 cum
1536 4686 1774 4757 Thcod.,
1797 4704 1971 4744 sensu.
1995 4688 2207 4762 Agnos-

681 4771 709 4808 ιι
754 4770 815 4809 us
845 4756 931 4809 hic
973 4754 1345 4809 hebraismus.
1380 4775 1488 4809 nuo
1516 4760 1780 4809 redundat
1819 4775 2053 4809 sentiens
2080 4778 2207 4809 nm—

611 4754 815 4810 cendus
845 4756 931 4840 hic
973 4754 1346 4827 hebraismus',
1380 4775 1488 4832 quo
1516 4754 1782 4821 redundat
1819 4754 2207 4833 sequens'pro-

610 4840 808 4882 nomen
834 4843 902 4882 ει.

684 4898 1028 4980 (φῃᾼίξᾳιιρῑ
1056 4914 1199 4980 m_ss._
1233 4902 1593 4980 recentiores,
1631 4907 1758 4980 dum
1799 4905 2050 4980 idipsum.
2100 4907 2205 4963 Alii

614 4970 893 5045 vero_libri
910 5010 926 5037 ,
958 4972 1073 5045 Deo
1097 4972 1152 5027 id
1180 4974 1369 5043 ipsum.
1398 4970 1599 5033 Probet
1627 4979 1797 5035 lector
1823 4970 2001 5036 utrum
2032 4989 2202 5045 recte,

610 5040 1433 5137 ιςεξέζςοο,εξιιὲξὲιυςεῐφυῖείε
1462 5066 1540 5137 eo.
1565 5040 2208 5137 e3!.-.qu1eswmimé

610 5114 822 5200 collatis
867 5115 932 5171 iis
963 5129 1085 5187 qua:
1129 5132 1279 5175 num.
1327 5121 1434 5189 51,
1465 5120 1534 5178 de
1575 5123 1699 5180 Filii
1729 5114 1994 5180 inﬁnitate
2039 5138 2210 5179 enun-

613 5197 835 5243 tiantur.

682 5258 761 5330 (Ii)
783 5260 976 5338 Excusi
1000 5276 1122 5338 eum
1152 5262 1427 5338 plerisque
1451 5279 1609 5338 mss.,
1632 5267 1768 5338 quod
1789 5279 1861 5322 est
1882 5266 1997 5323 Dei.
2023 5267 2207 5324 Codex

613 5331 759 5412 γυὲ
787 5331 928 5412 bas_.,
952 5332 1110 5412 'quod
1137 5331 1210 5389 est
1254 5331 1413 5412 Deus.
1446 5331 1614 5408 Magis
1643 5331 1816 5409 placet
1844 5356 1963 5396 cum
1996 5340 2203 5412 Remig.

611 5419 675 5460 ac
697 5403 934 5478 Thetim,
962 5403 1102 5478 quod
1136 5417 1233 5469 est,
1265 5408 1329 5474 ei,
1369 5417 1494 5477 puta
1526 5403 1705 5465 s'ens'ui
1735 5420 2026 5469 retroacto.

684 5477 748 5550 (i)
792 5476 929 5536 Male
958 5476 1120 5549 apud.
1165 5478 1296 5535 Bad.
1321 5523 1335 5545 ,
1375 5497 1574 5550 semper
1611 5483 1876 5550 inﬁnitum
1921 5501 1974 5538 se
2003 5500 2202 5539 sensus.

612 5547 734 5604 Nec
762 5552 955 5627 melius
994 5547 1049 5610 in
1091 5553 1212 5610 aliis
1252 5553 1384 5611 edit.
1430 5547 1628 5626 semper
1654 5547 1971 5627 inﬁnitatem
2000 5573 2054 5610 se
2095 5573 2210 5611 sen-

614 5638 734 5684 sus,
771 5631 878 5678 etc.
914 5626 1170 5682 Erasinus
1198 5641 1480 5698 perperam
1525 5626 1848 5696 conjectavit
1880 5627 2162 5698 legendum
2189 5669 2205 5695 ,

611 5709 808 5766 semper
838 5713 929 5760 per
955 5699 1262 5766 infinitatem
1307 5700 1349 5754 si
1400 5716 1579 5756 sensus
1616 5701 1778 5755 nostri
1826 5701 2051 5754 reversui
2091 5700 2211 5754 sub-

611 5765 808 5845 trahitL
815 5766 1019 5845 Veram
1055 5770 1338 5845 lectionem
1394 5786 1589 5845 magno
1625 5771 2212 5845 Aconsensn‘eshibent

609 5837 981 5966 ἃεΐξείὲειιςιιε
1007 5839 1247 5899 infinitus
1276 5837 1522 5918 vocatur,
1551 5843 1707 5916 cuius
1735 5856 1818 5902 est
1846 5842 2088 5904 inﬁnitus
2116 5859 2210 5902 re-

686 5924 823 5967 Γειιις.

2382 3900 2452 3973 (j)
2484 3899 2769 3973 inaliquot
2789 3899 2975 3973 probro
3005 3907 3146 3973 nota:
3174 3912 3305 3955 mss.
3330 3896 3434 3973 hic
3461 3896 3753 3973 prteponitur
3772 3888 3830 3951 ad.

2309 3968 2452 4042 qudd
2499 3968 3028 4041 adjectum—videtur
3070 3972 3138 4027 ob
3191 3968 3498 4040 proximum
3556 3968 3743 4024 verbum
3780 3977 3833 4014 τε·

2314 4054 2537 4108 troacta,
2588 4043 2885 4101 Sententiae
2939 4043 3096 4110 hujus
3123 4044 3334 4097 nativus
3367 4043 3456 4097 hic
3484 4056 3662 4115 sensus
3678 4044 3783 4115 est}.
3799 4043 3832 4115 εξ

2314 4103 2535 4170 intentio
2558 4116 2900 4184 quantumvis
2930 4103 3185 4170 retroacta
3213 4132 3316 4169 non
3344 4116 3517 4185 capiat
3543 4110 3716 4184 aliquid
3734 4103 3833 4160 aliud

2309 4196 2427 4264 ante
2446 4188 2519 4264 id,
2535 4188 2671 4256 quod
2687 4188 2956 4264 prapriunt
2968 4185 3079 4264 Deo
3099 4198 3190 4252 est,
3213 4187 3426 4264 scilicet
3441 4202 3630 4264 semper
3647 4197 3747 4264 esse.
3764 4186 3833 4264 eli}

2314 4260 2468 4328 Quod
2508 4253 2560 4314 in
2599 4253 2894 4328 generatim
2925 4258 2992 4313 de
3017 4261 3129 4317 Deo
3156 4301 3170 4322 .
3205 4260 3522 4314 nominatim
3549 4253 3626 4312 'de
3661 4253 3767 4309 Filio
3783 4253 3834 4301 sic

2317 4331 2550 4388 habetur
2592 4332 2726 4388 infra
2774 4347 2922 4387 num.
2964 4331 3035 4387 52
3078 4350 3090 4386 :
3125 4331 3185 4388 Si
3210 4331 3337 4403 quid
3367 4333 3433 4385 de
3478 4328 3614 4384 Filio
3645 4340 3756 4403 mea:
3782 4335 3835 4375 rr-

2315 4413 2515 4459 troacta
2538 4403 2871 4469 scrutabitur,
2905 4402 3035 4459 nihil
3061 4404 3205 4458 aliud
3223 4398 3510 4458 scrutantis
3534 4398 3706 4469 sensui,
3733 4407 3837 4465 quam

2314 4487 2492 4532 natum
2521 4493 2630 4533 esse
2660 4486 2705 4532 et
2727 4493 2926 4549 semper
2945 4492 3073 4544 esse,
3097 4491 3295 4548 semper
3321 4483 3598 4531 occurret..

2387 4573 2462 4643 (lt)
2513 4570 2655 4627 Editi
2675 4614 2690 4638 ,
2736 4570 2804 4625 ad
2835 4570 3220 4643 intelligendam
3253 4569 3693 4643 Deiteternitat‘em
3715 4573 3841 4635 procer

2315 4639 2403 4701 dat
2430 4639 2453 4700 ε’
2481 4653 2591 4699 ιιιιη
2615 4643 2769 4710 Bad.,
2800 4659 2952 4712 quam
2978 4639 3142 4697 Deum
3176 4660 3188 4696 :
3221 4643 3311 4697 Er.
3346 4641 3498 4709 Lips.
3528 4649 3582 4697 et
3613 4639 3735 4699 Par.,
3761 4644 3837 4712 rum

2235 4734 2289 4796 D
2316 4715 2503 4796 Deum.
2546 4705 2905 4796 corriguntur
2952 4728 3068 4796 o_pe_
3107 4728 3240 4769 mss.
3284 4705 3461 4769 Porro
3493 4712 3591 4796 ⁵Ιιὶςι
3622 4705 3837 4796 fraterni!“

2313 4787 2653 4863 procedendi,
2671 4781 2831 4863 idest
2850 4781 3004 4863 quod
3021 4787 3192 4863 aiunt,
3218 4802 3461 4857 processu
3480 4787 3539 4863 in
3560 4781 3789 4863 inﬁnitum.

2386 4862 2453 4932 (ll
2479 4860 2535 4915 In
2568 4860 2820 4932 vulgatis,
2868 4855 3197 4930 Evangelista
3220 4855 3455 4913 testatur.
3480 4857 3661 4932 Verius
3683 4855 3727 4905 in
3748 4859 3837 4932 ms}:

2318 4918 2623 5006 Evangelia,
2652 4918 2752 5006 sub
2780 4918 2888 5003 q'uo
2919 4918 3138 5006 nomine
3167 4931 3329 5006 etiam
3354 4918 3840 5006 apostolorum-geriﬁ

2313 4987 2844 5072 conipi'ehendunttir
2868 5045 2883 5070 ,
2913 5018 2977 5058 ac
3017 5002 3245 5071 proinde
3286 4987 3620 5073 sigriilicatur
3644 4987 3839 5073 quidqui!

2314 5076 2382 5132 ad
2421 5063 2627 5133 Novum
2655 5063 3061 5131 Testamentum
3108 5063 3380 5145 pertinet”:
3432 5082 3489 5128 ut
3540 5080 3682 5125 antea
3719 5063 3839 5132 Moysi

2314 5150 2536 5206 nomine
2563 5147 2727 5204 totius
2752 5146 2949 5204 veteris
2981 5147 3121 5217 legis
3142 5145 3275 5202 ﬁdes
3298 5145 3587 5225 ind'watttr.

2389 5242 2489 5315 (in)
2522 5241 2658 5298 Editi
2687 5285 2701 5309 ,
2733 5241 2884 5308 Quod
2924 5241 2969 5295 si
3007 5240 3085 5294 illi
3130 5249 3328 5315 patrem
3353 5255 3553 5315 semper
3579 5249 3711 5315 esse,
3735 5237 3843 5315 αιφιξέ

2317 5315 2436 5389 huic
2463 5311 2630 5389 [ilium
2656 5330 2855 5386 semper
2880 5328 2988 5367 esse
3015 5311 3281 5385 proprium
3310 5320 3481 5389 e_st,_e_t
3504 5311 3557 5365 in
3577 5324 3659 5389 σιξ,⁸
3672 5312 3759 5360 etc.
3784 5313 3843 5389 re;

2318 5367 2622 5443 nitentibus
2641 5367 2835 5456 magno
2872 5367 3141 5456 consensit
3172 5398 3301 5439 mss.
3333 5367 3504 5439 ln'his
3527 5367 3844 5456 verbis,er

2316 5475 2434 5514 cum
2472 5458 2594 5522 illi,
2631 5451 2932 5528 pronomen
2976 5455 3058 5511 illi
3085 5457 3245 5528 etiam
3278 5457 3344 5513 ad
3385 5456 3577 5528 Filium
3605 5451 3665 5528 ab
3690 5454 3844 5528 :eternti

2318 5541 2502 5585 natum
2529 5522 2874 5586 referendum
2897 5528 3130 5595 videtur,
3150 5529 3203 5583 in
3228 5527 3368 5584 hunc
3391 5527 3507 5583 fere
3523 5522 3845 5580 modnmzcnm

2317 5602 2455 5660 Filio
2496 5604 2548 5658 in
2581 5618 2647 5657 eo
2671 5602 2811 5672 quod
2840 5616 3059 5669 semper
3085 5609 3169 5656 est
3204 5600 3279 5655 illi
3309 5608 3477 5672 pater,
3509 5599 3650 5667 cujus
3671 5602 3717 5648 et
3740 5599 3827 5645 sem

2316 5690 2417 5748 per
2441 5685 2525 5731 εει,
2549 5674 2712 5741 ﬁlius,
2747 5674 3022 5744 preprium
3050 5674 3121 5728 sit
3146 5687 3269 5729 esse
3290 5715 3304 5740 ,
3333 5681 3439 5729 etc.

2390 5768 2472 5844 (η)
2504 5768 2682 5840 Apud.
2716 5767 2840 5824 Par.
2873 5777 2937 5846 et
2950 5767 3003 5822 in
3037 5767 3279 5839 pluribus
3305 5761 3699 5846 antiquislibfis
3720 5751 3845 5846 semel

2321 5825 2731 5916 tat-inim'exstat
2758 5825 3179 5916 propr-iugulat;
3208 5839 3350 5916 ίιυρά
3376 5825 3457 5916 ίὲί
3475 5834 3721 5916 βτίεπίβιξξ
3742 5825 3845 5885 an"

2255 5969 2259 5973 .
2319 5900 2580 5983 fercliltit‘
2611 5904 2664 5969 ὸι
2692 5900 2901 5970 in'n‘isii.
2929 5900 3114 5977 Vinii”
3138 5900 3368 5983 fiet-nim.
3394 5900 3621 5969 Τῑιῖἳῦάη
3647 5908 3735 5965 etc.
