3996 6330
125 376 219 439 .uo
1291 366 1380 424 DE
1419 364 1789 424 TRINITATE
1821 365 2028 424 LIBER
2068 367 2184 426 xu.
3279 372 3388 433 450

126 492 306 568 proiicit
352 501 535 555 causa,
571 485 648 560 (ιι)
695 485 784 558 qui
831 499 928 557 per
957 497 1015 540 se
1048 483 1126 558 (i)
1176 494 1391 540 maneat
1418 493 1674 540 aeternus.
1707 485 1763 547 Λ
1787 492 1897 540 tate
1922 500 2141 541 sensum
2173 485 2421 542 humana:
2452 487 2673 543 rationis
2715 487 3043 553 extollimus,
3079 497 3134 543 ut
3161 504 3258 561 per
3299 490 3384 546 in-'

126 589 214 646 Sed
256 583 544 655 tutigenitus
595 581 767 644 Deus,
809 581 898 650 qui
941 590 994 633 et
1041 579 1136 634 Dei
1169 579 1443 650 Sapientia
1493 589 1546 634 ct
1591 577 1685 632 Dei
1792 576 2142 648 telligcntiam
2174 579 2361 633 mundi
2403 595 2508 634 non
2551 579 2713 636 fuerit
2751 592 2876 638 ante
2909 598 3066 653 quam
3098 584 3381 651 nascitur,

127 683 284 737 Virtus
308 688 358 734 et
385 675 613 731 Verbum
644 684 758 742 εει,
791 691 912 728 cum
947 682 1103 728 natus
1139 672 1246 740 sit,
1291 681 1492 742 patrem
1524 681 1687 727 testa-
1790 688 1910 726 cum
1937 672 2078 727 ultra
2106 689 2322 730 scnsmn
2357 673 2649 731 humanum
2676 685 2730 732 et
2758 675 3165 749 intelligentiam
3200 676 3387 733 mundi

129 782 492 833 turauctorem.
531 769 662 824 Cum
704 784 769 824 ex
802 777 1054 823 manente
1096 775 1254 822 natus
1299 776 1380 821 est
1407 808 1420 831 ,
1470 781 1574 820 non
1607 772 1692 820 cst
1792 777 2047 821 naseatur
2087 776 2373 825 mternum.
2419 767 2704 826 Aiternum
2736 780 2916 828 autem
2958 781 3082 842 cst,
3125 769 3386 843 quidquid

127 881 260 928 natus
297 882 360 922 ex
404 862 590 918 nihilo.
643 860 778 917 Cum
829 869 954 916 ante
999 870 1243 932 tempora
1291 869 1491 914 aeterna
1532 866 1690 914 natus
1793 865 2005 929 tempus
2031 860 2264 917 excedit.

127 972 213 1028 εει,
242 972 444 1016 omnem
491 970 708 1011 sensum
758 969 984 1010 necesse
1033 963 1114 1009 est
1159 953 1432 1008 nascendo
1482 967 1689 1023 przeve-
1863 951 1956 1007 27.
1986 953 2066 1008 De
2107 966 2228 1010 nato
2262 967 2379 1011 ante
2409 966 2636 1029 tempora
2662 957 2764 1013 dici
2802 959 3008 1029 nequit,
3041 958 3196 1016 ANTE
3246 973 3391 1024 ουΛιι

127 1055 236 1110 niat.
267 1049 339 1122 (2)
379 1048 493 1103 Non
528 1046 748 1118 reliquit
787 1046 842 1101 in
870 1046 1048 1101 verbis
1073 1087 1088 1114 ,
1132 1056 1188 1100 ttt
1238 1060 1348 1100 non
1380 1045 1540 1100 fuerit
1568 1055 1692 1102 ante
1794 1060 1965 1102 turus
1992 1062 2110 1114 esr,
2147 1066 2237 1104 nec
2265 1065 2367 1105 non
2390 1067 2513 1106 rurr
2545 1052 3217 1125 “Iovinum—Tempora
3246 1054 3389 1110 enim

127 1161 262 1220 quam
289 1151 614 1200 nasceretur.
648 1140 706 1197 Si
736 1141 878 1196 enim
910 1139 1095 1198 sensui
1124 1149 1309 1195 nostro
1337 1140 1603 1210 subiacet,
1634 1151 1693 1196 ut
1795 1141 1975 1195 omnia
2002 1142 2089 1198 vel
2119 1143 2373 1214 opinione
2399 1145 2840 1218 complectimur,
2891 1147 2973 1202 vel
3003 1148 3227 1204 scientia
3268 1167 3279 1203 :
3314 1145 3392 1221 (θ)

127 1257 218 1300 non
257 1237 413 1295 fuerit
441 1246 565 1292 ante
595 1250 753 1307 quam
785 1246 942 1291 natus
968 1243 1084 1302 est;
1116 1235 1225 1304 jam
1257 1233 1538 1290 nativitate
1572 1235 1692 1305 ejus
1799 1248 1921 1288 cum
1953 1234 2096 1304 quod
2123 1252 2267 1292 nunc
2295 1247 2376 1294 est
2398 1281 2413 1308 ,
2447 1239 2648 1295 scimus
2671 1255 2776 1296 non
2807 1241 2968 1296 etiam
2995 1241 3166 1311 pridie
3191 1243 3388 1310 fuisse,

129 1348 173 1393 et
209 1349 388 1391 sensus
427 1331 500 1405 (li)
544 1341 728 1388 noster
751 1341 804 1387 et
852 1340 1064 1401 tempus
1108 1330 1347 1385 anterius
1393 1338 1477 1384 est
1521 1345 1534 1383 :
1567 1329 1692 1400 quia
1799 1326 1921 1397 quia
1966 1327 2106 1399 quod
2139 1330 2312 1401 pridie
2356 1333 2550 1402 fuerit,
2584 1349 2726 1389 nunc
2758 1351 2865 1389 non
2899 1335 3003 1390 sit:
3038 1335 3179 1406 quod
3207 1345 3393 1392 autem

129 1445 297 1498 omne,
340 1426 480 1500 quod
513 1443 618 1483 non
649 1426 748 1481 fuit
771 1468 784 1492 ,
828 1425 939 1496 jam
983 1436 1036 1480 et
1067 1423 1251 1480 sensui
1303 1423 1696 1479 obnoxium‘et
1794 1418 1886 1490 '(It)
1916 1435 2054 1475 nunc
2083 1431 2196 1489 est,
2231 1439 2372 1480 nunc
2414 1433 2620 1480 tantum
2661 1426 2764 1495 sit,
2798 1443 2902 1482 non
2932 1437 2988 1483 et
3011 1427 3184 1498 pridie
3215 1428 3395 1484 fuerit.

130 1523 330 1592 tempori
372 1527 453 1576 est
491 1520 544 1574 in
577 1535 639 1576 ea
682 1519 797 1590 ipsa
839 1516 1236 1589 signiﬁcatione
1280 1533 1384 1590 qua
1424 1534 1529 1572 non
1559 1515 1692 1586 fuit;
1799 1510 2066 1582 Opinione
2094 1530 2226 1571 vero
2258 1516 2330 1573 ita
2363 1519 2633 1589 prmterita
2664 1523 2938 1587 metimur,
2972 1533 3028 1577 ut
3054 1532 3178 1579 ante
3211 1524 3399 1580 urbem

130 1619 233 1690 quia
270 1632 368 1672 non
399 1615 605 1684 fuisse,
653 1631 777 1687 pars
808 1617 1066 1686 temporis
1112 1624 1214 1671 est,
1412 1625 1590 1670 autem
1625 1616 1694 1672 ab
1801 1606 2032 1677 aliquam
2083 1607 2384 1665 inStitutam
2435 1627 2544 1667 non
2593 1612 2897 1685 ambigatur
2941 1623 3154 1688 tempus
3205 1613 3396 1687 ΐυίεεε,

133 1722 305 1768 {etet-no
348 1708 418 1782 (c)
450 1719 534 1766 est.
557 1752 569 1775 ,
600 1718 654 1765 et
689 1725 904 1780 semper
933 1709 1030 1764 fuit
1057 1751 1071 1777 ,
1121 1725 1218 1764 nec
1248 1719 1330 1764 est
1361 1709 1478 1764 sine
1506 1707 1698 1763 nativi-
1802 1714 1909 1770 (tuo
1937 1699 2067 1755 urbs
2098 1699 2344 1758 instituta
2373 1720 2480 1760 non
2514 1705 2692 1760 fuerit.
2723 1703 2858 1762 Cum
2887 1723 3018 1779 ergo
3048 1707 3128 1764 vel
3157 1708 3401 1764 scientia:

134 1816 241 1874 tate,
265 1821 358 1862 nec
390 1820 495 1860 non
528 1804 667 1872 fuit;
695 1805 820 1860 dum
850 1815 901 1860 et
931 1819 1147 1874 semper
1177 1804 1341 1859 fuisse
1371 1818 1531 1875 supra
1565 1813 1700 1859 tem-
1805 1795 2156 1866 ve10pinioni
2209 1807 2408 1854 nostrre
2455 1800 2737 1872 subjacent
2781 1811 3022 1873 tempora
3051 1845 3065 1870 ,
3097 1817 3263 1859 sensu
3303 1801 3403 1858 hu-

134 1916 216 1974 pus
242 1911 337 1967 est,
369 1910 422 1956 οι
447 1910 631 1956 narum
666 1916 788 1956 esse
814 1901 1067 1955 “auritas
1095 1909 1198 1956 ρει,
1729 1891 1775 1952 Β
1806 1906 1977 1947 mana:
2019 1890 2387 1966 intelligentia:
2422 1895 2767 1966 judicamus;
2823 1905 2878 1952 ut
2930 1897 2992 1971 (i)
3019 1898 3086 1954 de
3113 1899 3294 1971 aliqua
3341 1913 3402 1954 re

191 1998 269 2053 26.
313 1995 499 2051 εοηινα
551 1997 864 2050 nativitatem
911 2005 1152 2050 τειρνηαηι
1192 1995 1346 2067 impie
1386 1995 1566 2050 nititur
1608 1995 1704 2048 Im-
1809 1985 2018 2042 ratione
2065 1989 2269 2045 dixisse
2317 1990 2733 2062 existimemur,
2776 2009 2880 2049 non
2934 1992 3036 2048 fuit
3078 2003 3202 2050 ante
3244 2009 3405 2065 quam

139 2107 264 2144 mana
285 2089 432 2143 ratio.
466 2119 539 2128 ——
571 2086 764 2144 Natum
797 2089 978 2158 itaque
1010 2087 1343 2158 unigenitum
1376 2088 1540 2143 Deum
1561 2131 1573 2153 ,
1607 2087 1701 2142 sed
1810 2083 2068 2149 nascitur,
2094 2084 2216 2155 quia
2251 2085 2671 2159 uniuscujusque
2693 2088 2955 2160 originem
2988 2099 3228 2160 tempora
3259 2104 3404 2146 scm-

140 2191 293 2238 natum
317 2190 438 2237 ante
470 2189 673 2237 aeterna
711 2190 948 2250 tempora
989 2180 1345 2246 conﬁtemur;
1385 2181 1507 2251 quia
1537 2179 1705 2235 conii-
1810 2191 1908 2246 per
1935 2177 2164 2232 antelata
2201 2181 2549 2249 prmveniant.
2584 2184 2653 2236 At
2683 2198 2808 2238 vero
2831 2199 2953 2238 cum
2986 2183 3038 2238 in
3080 2185 3168 2239 Dei
3205 2185 3364 2240 rebus
3387 2224 3406 2251 ,

145 2276 223 2331 teri
257 2290 466 2331 necesse
513 2284 632 2343 est,
683 2273 762 2346 (ά)
792 2274 843 2329 in
891 2290 996 2344 quo
1043 2289 1140 2329 nos
1189 2273 1612 2344 apostolicarum
1643 2289 1707 2330 ac
1811 2268 1864 2324 id
1894 2280 1996 2340 est,
2032 2271 2084 2325 in
2113 2272 2203 2327 Dei
2230 2272 2527 2342 nativitate,
2562 2274 2695 2329 nihil
2729 2291 2832 2330 non
2863 2285 2990 2332 ante
3015 2285 3221 2349 tempus
3248 2285 3408 2333 mter-

142 2369 538 2442 prophcticarum
609 2368 1069 2439 prmdicationum,
1116 2368 1256 2424 dicta
1307 2367 1638 2424 concludunt
1689 2383 1703 2420 :
1813 2379 1939 2419 num
1971 2363 2071 2431 sit;
2102 2382 2206 2421 non
2239 2365 2382 2421 cadit
2413 2367 2463 2422 in
2493 2367 2566 2437 id,
2601 2380 2656 2423 ut
2681 2368 2754 2441 (j)
2787 2381 2911 2425 ante
2936 2386 3093 2441 quam
3121 2381 3277 2426 natus
3302 2377 3408 2438 est,

144 2479 244 2517 cum
273 2470 438 2519 tamen
473 2479 669 2518 sensus
701 2461 968 2518 humanus
997 2461 1407 2532 intelligentiam
1440 2463 1708 2531 intempo-
1813 2459 2007 2530 cuique
2046 2470 2172 2516 ante
2210 2471 2450 2533 tempora
2497 2473 2695 2519 mterna
2736 2462 2816 2536 (5)
2850 2466 3172 2536 promissum
3219 2465 3296 2537 (Is)
3328 2475 3416 2522 est

145 2556 248 2611 ralis
270 2557 554 2613 nativitatis
586 2573 692 2612 non
718 2556 1113 2627 apprehendat,
1153 2557 1272 2627 quia
1308 2555 1508 2628 aliquid
1535 2556 1584 2610 in
1611 2570 1708 2609 na-
1816 2561 2098 2623 aeternum,
2129 2553 2200 2610 sit
2229 2555 2523 2612 secundum
2557 2557 2695 2613 beati
2728 2557 2971 2628 Apostoli
3001 2559 3200 2615 dictum
3232 2562 3284 2614 in
3314 2575 3410 2632 spe

147 2650 256 2704 turis
277 2650 341 2722 (c)
374 2650 608 2707 terrenis
639 2660 763 2705 ante
793 2659 1034 2717 tempora
1064 2659 1247 2704 natum
1295 2664 1415 2705 esse
1451 2666 1554 2704 non
1583 2661 1714 2704 con-
1816 2648 1940 2703 vitae
1975 2657 2214 2719 mternze,
2246 2667 2404 2722 quam
2442 2651 2690 2722 promisit
2719 2668 2824 2709 non
2855 2654 3083 2710 mendax
3116 2656 3257 2711 Deus
3288 2665 3414 2714 ante

147 2747 286 2802 venit.
315 2748 463 2816 Quod
487 2763 614 2802 cum
651 2747 720 2802 ita
750 2762 778 2802 a
808 2747 960 2802 nobis
997 2745 1408 2815 praedicabitur;
1440 2744 1714 2816 quomodo
1820 2753 2062 2814 tempora
2089 2753 2288 2798 mlerna
2321 2745 2450 2814 (Tit.
2483 2763 2520 2811 ι,
2551 2745 2634 2816 2),
2666 2746 2728 2820 (Ι)
2777 2749 3068 2820 aliquando
3101 2764 3206 2806 uou
3234 2731 3411 2807 fuisse

149 2855 328 2894 rursum
370 2841 616 2910 ejusdem
670 2839 1036 2911 intelligentia:
1080 2838 1364 2909 complexu
1392 2855 1500 2893 non
1549 2838 1716 2894 fuisse
1822 2836 2077 2894 dicatur:
2112 2840 2236 2911 quia
2280 2839 2501 2913 intelligi
2545 2859 2652 2897 non
2687 2852 2863 2913 potest
2901 2845 3135 2916 caspisse
3164 2854 3286 2918 post
3315 2846 3418 2902 ali-

148 2942 249 2989 antc
275 2950 424 3005 quam
468 2936 717 2990 nascitur
744 2935 1022 2998 dicemus,
1055 2949 1177 2989 cum
1223 2933 1517 2988 secundum
1564 2932 1709 3004 Apo—
1823 2932 1969 3002 quid,
1999 2933 2088 3004 qui
2114 2949 2235 2989 esse
2265 2935 2337 2989 sit
2376 2943 2499 2990 ante
2542 2942 2744 2991 aeterna
2781 2946 3022 3009 tempora
3052 2929 3414 2996 coniitendus.

146 3029 308 3083 stolam
361 3038 484 3085 ante
545 3039 792 3100 tempora
847 3038 1048 3083 :eterna
1102 3027 1171 3082 sit
1222 3027 1530 3097 unigenitus
1577 3028 1716 3083 Deus
1895 3026 1985 3081 28.
2026 3025 2105 3080 De
2139 3025 2265 3081 Filii
2294 3028 2556 3084 nativitate
2595 3029 2802 3084 credere
2844 3039 3072 3106 tenemur
3095 3032 3323 3088 aliterue
3355 3032 3420 3088 de

147 3121 203 3190 (ll
226 3122 347 3191 Tim,
376 3141 412 3193 ι,
443 3125 498 3191 9,
529 3134 589 3180 et
615 3122 720 3179 Tit;
745 3140 783 3190 ι,
816 3123 917 3185 9.)?
943 3122 998 3178 Si
1032 3123 1190 3194 igitur
1218 3129 1399 3176 natum
1430 3131 1553 3177 ante
1586 3132 1720 3176 tcm-
1825 3119 2038 3176 nostris.
2074 3120 2287 3192 Semper
2320 3131 2495 3175 natum
2524 3122 2803 3190 audientes,
2833 3141 3106 3196 numquam
3129 3141 3230 3180 non
3259 3125 3422 3199 fuisse

146 3230 250 3285 pora
292 3230 510 3286 mterna,
573 3235 678 3274 non
705 3218 843 3273 ratio
883 3218 1130 3272 humanae
1165 3215 1575 3288 intelligentia),
1622 3215 1717 3272 sed
1826 3218 2088 3272 sentimus.
2119 3249 2189 3256 —
2235 3217 2289 3274 Si
2342 3233 2472 3290 ergo
2535 3220 2682 3274 nasci
2734 3219 2936 3290 aliquid
2999 3230 3124 3278 ante
3177 3231 3422 3293 tempora

145 3313 409 3382 prudentia:
446 3312 633 3371 ﬁdelis
666 3312 931 3384 professio
959 3321 1075 3378 est;
1108 3312 1231 3382 quia
1260 3322 1313 3367 et
1344 3311 1596 3366 nativitas
1629 3327 1722 3381 per
1749 3301 1793 3365 C
1828 3321 2025 3367 retenta
2053 3353 2068 3378 ,
2100 3326 2273 3382 neque
2305 3311 2358 3366 in
2392 3311 2598 3367 naturis
2628 3311 2878 3369 humanis
2905 3322 2988 3370 est.
3012 3359 3028 3383 ,
3061 3331 3236 3386 neque
3263 3315 3315 3370 in
3341 3317 3424 3371 in-

150 3416 388 3464 auctorem
419 3416 524 3473 est,
569 3417 622 3462 et
648 3405 790 3477 quod
819 3415 1062 3475 tempora
1087 3404 1299 3460 excedit
1328 3415 1588 3459 retentum
1615 3413 1718 3472 est,
1829 3405 2161 3476 telligentia;
2191 3417 2242 3462 et
2271 3415 2445 3462 tamen
2478 3407 2530 3462 in
2562 3405 2664 3464 hoc
2695 3407 3123 3478 professionibus
3151 3408 3217 3466 de
3242 3423 3300 3466 se
3330 3407 3426 3466 Dei

148 3509 190 3554 et
226 3500 375 3575 424.
396 3514 550 3558 extra
587 3515 809 3556 sensum
841 3511 1112 3554 terrenum
1137 3506 1220 3553 cst
1252 3498 1390 3569 quod
1435 3507 1560 3552 autc
1589 3509 1723 3552 tcm-
1759 3568 1769 3578 .
1829 3499 2067 3555 creditur
2097 3517 2110 3553 ε
2142 3499 2410 3571 quomodo
2453 3499 2504 3554 id
2547 3499 2690 3572 quod
2719 3501 2834 3558 sine
2872 3516 3034 3557 sensu
3085 3502 3181 3576 (in)
3223 3501 3423 3558 intelli-

154 3605 257 3660 pora
285 3606 480 3650 aeterna
509 3595 586 3648 sit
626 3602 810 3648 natum
841 3607 858 3646 :
888 3599 1034 3648 certe
1060 3592 1170 3663 jam
1215 3589 1288 3664 (f‘)
1331 3590 1494 3662 impia
1524 3591 1716 3648 volun-
1828 3594 2024 3666 gentico
2051 3604 2268 3650 aeternae
2297 3604 2478 3651 natum
2510 3611 2748 3666 semper,
2790 3596 2842 3653 id
2873 3604 2956 3654 cst
2976 3639 2991 3667 ,
3021 3605 3147 3655 ante
3177 3609 3417 3670 tempora

214 3711 280 3853 ξι)
313 3713 508 3769 Manet.
1907 3709 1986 3784 (5)
2020 3708 2343 3765 Promissum
2371 3721 2617 3767 (uernum
2642 3712 2725 3766 sit.

236 3784 283 3853 2)
311 3784 428 3840 Non
452 3786 725 3853 relinquit.

236 3784 283 3853 2)
311 3784 428 3840 Non
452 3786 725 3856 relinquit.

214 3898 278 3970 (τι)
304 3899 356 3954 lu
389 3901 583 3955 codice
637 3899 758 3954 Vat.
805 3899 923 3954 has.
953 3939 968 3965 ,
1014 3897 1097 3964 qui
1137 3913 1335 3970 semper
1366 3904 1581 3970 maneat
1611 3913 1628 3952 :
1671 3894 1723 3951 in
1837 3902 1983 3970 tores
2004 3893 2300 3970 obtendere
2326 3913 2338 3950 :
2368 3893 2670 3966 cujnsmodi
2700 3905 2860 3970 sunt,
2895 3896 2983 3968 qui
3016 3915 3108 3968 per
3135 3896 3432 3970 intelligen-

159 3967 337 4024 ilartin.
362 3975 449 4042 qui
473 3981 774 4044 permaneat
807 3987 824 4024 :
849 3987 1011 4042 grave
1035 3967 1309 4026 mendum.
1336 3969 1504 4024 Filius
1527 3971 1726 4039 quippe
1835 3968 1958 4022 tiam
1986 3968 2163 4022 mumli
2184 4010 2198 4033 ,
2231 3968 2332 4044 hoc
2353 3979 2457 4044 est.
2489 3984 2555 4022 ex
2575 3969 2883 4044 cognitione
2915 3967 3100 4026 rerum
3133 3967 3432 4026 mundana-

158 4055 338 4112 semper
364 4040 549 4100 manet
576 4056 836 4109 aeternus,
857 4040 1103 4112 quamvis
1134 4057 1237 4096 non
1272 4057 1361 4112 per
1384 4058 1454 4109 se,
1485 4057 1581 4095 seu
1609 4057 1636 4095 a
1668 4055 1728 4095 se
1838 4055 1976 4113 rum,
2010 4041 2309 4109 comparari
2339 4040 2529 4095 volunt
2555 4041 2662 4095 nati
2685 4052 2810 4096 ante
2839 4049 3081 4113 tempora
3112 4053 3313 4099 aeterna
3336 4057 3432 4098 no-

161 4111 376 4179 maneat,
407 4117 504 4172 sed
535 4134 564 4171 a
595 4116 759 4172 Patre
793 4133 806 4169 :
841 4111 946 4185 quo
974 4115 1190 4169 nomine
1219 4115 1270 4168 in
1294 4113 1444 4168 ἱΙΙιιιιι
1473 4113 1730 4168 convenit
1839 4111 2034 4185 titiam.

161 4188 378 4242 nascendi
401 4190 562 4243 ratio.
858 4179 873 4185 ’
1505 4255 1511 4256 γ
1598 4255 1601 4256 ν
1911 4179 1990 4256 (ῃ)
2023 4181 2390 4256 supplendum
2421 4183 2528 4249 hic,
2551 4184 2764 4239 scientia
2791 4185 3015 4256 quidem.

214 4257 277 4328 (ὁ)
304 4263 468 4316 Αειιιε
495 4261 692 4322 docet,
727 4275 942 4314 sensum
976 4269 1240 4322 nostrum,
1265 4257 1307 4311 si
1340 4255 1554 4330 quando
1585 4255 1725 4330 illius
1913 4254 1995 4326 (Ii)
2031 4254 2294 4310 i‘a‘rticuta
2321 4271 2458 4310 nunc
2478 4297 2492 4323 ,
2525 4258 2578 4311 in
2608 4254 2834 4328 vulgatis
2857 4261 3054 4314 omissa
3075 4298 3088 4324 ,
3114 4273 3178 4315 ex
3218 4257 3435 4330 scriptis

161 4343 244 4382 nun
270 4331 419 4387 fuerit
445 4375 460 4400 ,
509 4348 578 4388 eo
613 4333 732 4400 ipso
759 4332 1082 4386 anteriorem
1133 4330 1286 4384 fore:
1321 4329 1443 4397 quia
1473 4329 1727 4382 nimirum
1835 4337 2144 4400 revocatur.

162 4404 412 4475 [agitando
434 4398 776 4459 nativitatem
807 4404 948 4458 illius
972 4402 1202 4473 quodam
1233 4401 1727 4475 modoprmvertct.
1910 4398 1973 4469 (i)
2002 4401 2138 4475 Edtti
2161 4441 2175 4475 ,
2202 4398 2266 4454 de
2288 4400 2704 4475 aliquaratione.
2752 4400 2974 4457 Rectius
3007 4417 3138 4475 mss.
3173 4403 3236 4457 de
3265 4402 3439 4475 aliqua

161 4471 220 4525 Ex
244 4492 338 4543 quo
366 4478 616 4546 sequitur
645 4477 888 4531 eamdem
919 4471 1250 4528 nativitatem
1275 4489 1383 4546 non
1407 4472 1730 4546 iuetl‘abilem
1835 4487 1892 4526 re
1918 4473 2135 4546 ratione,
2163 4473 2266 4546 hoc
2293 4471 2513 4546 est,de
2539 4488 2600 4546 re
2647 4489 2766 4542 quat
2797 4474 3126 4544 temporibus
3158 4471 3438 4546 subjacet,

162 4542 277 4619 esse,
302 4549 389 4602 sed
421 4542 612 4604 sensui
645 4558 830 4602 nostro
851 4547 1155 4614 subiacere,
1185 4544 1484 4600 secundum
1513 4545 1564 4600 id
1593 4542 1733 4616 quod
1837 4544 2032 4619 merito
2061 4559 2125 4598 ac
2156 4544 2367 4600 ratione
2391 4545 2707 4612 dixerimus,
2735 4545 2864 4600 Ante
2891 4542 3045 4619 quam
3074 4542 3303 4603 nascitur
3331 4542 3434 4603 non

161 4614 236 4670 lib.
258 4634 324 4683 ιιι,
351 4637 404 4675 ιι.
433 4619 506 4676 46
535 4631 593 4674 ει
623 4619 714 4684 47,
755 4629 1022 4674 assertum
1054 4629 1159 4673 est.
1611 4614 1622 4616 ⁷

391 4664 404 4675 .
433 4619 506 4676 46
535 4631 593 4674 ει
623 4619 714 4684 47,
755 4629 1022 4674 assertum
1054 4629 1159 4673 est.
1611 4614 1622 4616 ⁷
1842 4615 1963 4686 fuit.

219 4689 279 4760 (c)
303 4691 539 4747 Verbum
566 4701 642 4745 est
671 4693 758 4746 hic
779 4707 882 4746 non
911 4691 1280 4745 exsistentiam
1306 4698 1485 4763 sonat,
1509 4688 1602 4763 sed
1627 4688 1736 4763 οιξὶτ
1767 4737 1817 4763 η
1844 4756 1855 4763 _
1879 4688 1988 4763 _(j)
2018 4686 2075 4763 Id
2106 4697 2190 4763 est
2216 4730 2231 4755 ,
2252 4688 2317 4763 _i_u
2362 4687 2454 4744 Dei
2484 4689 2738 4763 unigeniti
2778 4690 3112 4748 nativitatem
3157 4707 3265 4748 non
3296 4691 3441 4749 cadit

165 4737 640 4836 εξιςέίηῖιςιῑίξλῑιῖέ
668 4737 1303 4836 grus";"eius;2...
1336 4737 1574 4816 sane.
1607 4760 1735 4814 cuiu
1766 4737 1817 4798 D
1842 4737 2008 4836 ίαςιςι
2034 4737 3070 4836 geauspicatur,4.1:";iizntme:

165 4829 512 4906 excepto'Par;
546 4829 806 4889 omittunt
833 4851 923 4888 nec
953 4844 1024 4888 est
1057 4834 1492 4906 sinenativitate,
1523 4849 1614 4886 nec
1638 4848 1740 4885 non
1916 4829 1990 4904 (k)
2034 4831 2191 4898 Bad.,
2227 4832 2318 4885 Er.
2359 4841 2414 4906 et
2455 4831 2607 4902 Lips.
2647 4829 2770 4891 cum
2799 4837 3002 4906 aliquot
3051 4851 3158 4891 non
3205 4834 3447 4892 melioris

168 4905 241 4967 [ait
268 4923 283 4959 :
311 4924 425 4976 qua:
463 4908 634 4962 verba
667 4907 924 4962 Erasmus
970 4908 1023 4960 in
1055 4905 1286 4976 quodam
1337 4905 1524 4961 codice
1569 4919 1628 4958 se
1657 4919 1743 4959 re-
1844 4915 1987 4976 noue
2016 4919 2172 4976 mss.,
2200 4904 2508 4976 promissum
2536 4917 2785 4961 ceternum
2814 4904 2906 4974 sit,
2927 4907 3128 4963 omisso
3152 4909 3316 4963 verbo
3345 4917 3441 4963 est.

169 4974 341 5042 perisse
380 4980 666 5036 admonet.
695 4978 1006 5050 Reperisset
1031 4974 1160 5032 sane
1187 4978 1238 5031 in
1261 4978 1520 5050 pluribus,
1555 4976 1598 5030 si
1623 4976 1742 5045 plu-
1849 4974 1961 5030 Hoc
2003 4975 2106 5031 sibi
2155 4974 2267 5029 vult
2307 4993 2320 5028 :
2359 4977 2448 5050 qui
2481 4980 2809 5048 promissum
2849 4990 3114 5035 aeternum
3162 4989 3287 5036 ante
3314 4989 3450 5034 tem-

167 5062 235 5122 res
263 5052 498 5121 legisset.
535 5051 652 5105 Nec
697 5047 985 5120 possumus
1027 5049 1175 5122 illitis
1212 5049 1593 5122 negligentiam
1639 5063 1743 5122 non
1850 5063 1981 5116 pora
2013 5056 2214 5102 :eterna
2247 5047 2518 5122 possidet,
2553 5053 2686 5120 (non
2721 5061 2926 5106 tantum
2958 5067 3051 5120 per
3083 5051 3452 5122 participatio-

168 5117 385 5179 incusare
412 5167 426 5188 ,
481 5124 578 5193 qui
628 5117 708 5177 vel
747 5131 958 5186 reperta
999 5137 1064 5175 an
1117 5121 1181 5175 ad
1211 5117 1494 5194 sententia:
1524 5119 1746 5189 integri-
1851 5135 1971 5194 neut
2005 5129 2211 5194 naturae
2245 5118 2462 5194 divinte,
2496 5117 2591 5177 sed
2627 5137 2724 5194 per
2755 5117 3194 5194 plenitudinem),
3224 5117 3327 5178 non
3359 5137 3451 5194 cae

169 5198 304 5250 tatem
329 5189 649 5252 necessaria
673 5205 874 5261 essent,
898 5194 1165 5248 tantillum
1188 5193 1501 5264 expendere
1526 5205 1631 5246 non
1657 5207 1750 5245 cu-
1851 5190 1930 5244 dit
1959 5191 2011 5267 ιιι
2044 5190 2211 5267 id,_ut
2243 5190 2313 5244 sit
2353 5189 2528 5248 adhuc
2553 5195 2606 5249 in
2628 5189 2732 5266 spe
2755 5189 3002 5267 ejusdem
3035 5189 3326 5266 promissi;
3363 5193 3451 5250 cui

169 5267 299 5338 mit.
1416 5336 1426 5338 μ
1489 5337 1495 5338 ί
1690 5336 1696 5338 _
1853 5263 2150 5338 conditioni
2176 5276 2262 5338 res
2287 5272 2498 5338 creatas
2518 5263 2803 5338 subja’cere
2834 5284 2984 5322 num.
3012 5263 3068 5333 ὅ,
3092 5274 3452 5322 monstratum

230 5336 299 5411 (ό)
331 5340 505 5407 Editi;
539 5343 598 5397 id
630 5340 786 5407 quod.
828 5341 897 5394 At
938 5354 1066 5394 mss.
1102 5338 1152 5391 in
1181 5353 1315 5411 quo,
1345 5336 1450 5411 vel.
1481 5337 1532 5389 in
1560 5336 1698 5411 quod
1710 5349 1751 5411 _:
1854 5342 1940 5389 est.
1969 5335 2052 5389 his
2076 5333 2259 5411 verbis
2288 5334 2396 5411 :_Si
2423 5336 2581 5404 igitur
2604 5333 2838 5394 Christus
2864 5349 3103 5394 creatura
3125 5348 3222 5402 est,
3255 5353 3458 5394 necesse

171 5406 209 5459 id
235 5405 336 5477 est,
372 5405 660 5470 confessio
688 5422 869 5468 nostra
901 5411 1143 5466 terminis
1175 5405 1242 5463 iis
1271 5408 1435 5464 debet
1457 5407 1748 5472 contineri,
1856 5410 2068 5480 estisutr
2081 5405 2488 5480 spelonginqua:
2517 5413 2884 5480 expectationis
2908 5412 3129 5465 incertus
3159 5411 3248 5464 sit.

171 5494 282 5554 quos
305 5484 553 5553 Apostoli
584 5492 643 5540 et
670 5485 944 5554 propheta:
969 5484 1122 5537 nobis
1153 5481 1510 5554 constituunt.
1890 5550 1902 5554 _
1930 5479 1994 5551 (ι)
2043 5477 2408 5554 Particula‘et
2458 5481 2545 5538 hie
2586 5477 2975 5539 desideratur.
3004 5481 3175 5554 Mox,
3208 5481 3301 5554 qui
3347 5496 3457 5554 esse

229 5552 290 5623 (ε)
319 5550 446 5614 Mss.
476 5550 700 5614 Martio.
740 5550 794 5612 et
833 5555 974 5623 Vat.,
1007 5555 1147 5620 bas.,
1177 5553 1375 5608 naturis
1399 5569 1568 5607 rerum
1597 5560 1756 5606 terre-
1857 5550 1946 5617 sit,
1971 5561 2076 5606 etc.
2111 5550 2190 5607 sic
2212 5551 2452 5624 intellige
2482 5556 2632 5624 quasi
2665 5556 2896 5626 legeres,
2922 5553 3010 5626 qui
3043 5550 3367 5622 conﬁtendus
3391 5553 3458 5610 sit

174 5639 351 5684 narum.
1861 5638 1990 5688 esse,
2027 5635 2131 5680 etc.

232 5699 297 5770 if)
329 5701 383 5755 In
416 5701 587 5756 Corb.
634 5709 685 5755 et
715 5697 900 5770 paucis
931 5698 1053 5753 aliis
1081 5713 1238 5761 mss.,
1275 5696 1485 5770 impiam
1515 5695 1755 5770 volunta-
1867 5765 1915 5770 μ
1936 5693 2033 5766 (m)
2061 5696 2331 5770 Vaticana:
2354 5698 2807 5770 basilicaeicodex,
2834 5696 3460 5770 inteiligentiwhumame.

175 5765 422 5842 {consensu
453 5790 472 5829 :
506 5775 692 5828 minus
717 5765 958 5827 sincere.
993 5771 1176 5840 lmpiae
1205 5769 1623 5842 voluntatiscos
1655 5767 1752 5822 lii-
1861 5765 2141 5826 Sincerius
2167 5770 2288 5836 alii,
2323 5781 2550 5826 teterme.
2592 5765 2952 5842 Intelligentia
2984 5765 3196 5839 creata,
3239 5772 3291 5826 ni
3326 5771 3467 5826 falli-

176 5836 316 5915 larius
340 5861 577 5917 arguere
607 5845 769 5909 solet,
789 5845 879 5915 qui
919 5836 1103 5917 aperte
1128 5842 1387 5897 resistunt
1413 5840 1626 5917 veritati
1652 5882 1665 5906 ,
1698 5849 1754 5896 et
1863 5857 2007 5917 mur,
2032 5853 2221 5917 caterua
2253 5854 2613 5917 nuncupatur,
2645 5836 3079 5917 quia'teternitate
3106 5836 3418 5917 procedendi
3443 5856 3465 5901 :

177 5912 509 5982 ignorantiam
537 5933 651 5974 non
683 5912 907 5988 possunt
932 5912 1072 5988 apud
1097 5928 1283 5986 aequos
1311 5929 1489 5970 rerum
1512 5912 1752 5970 aestima-
1863 5913 1932 5972 ad
1959 5914 2369 5986 intelligentiam
2395 5914 2490 5973 Dei
2519 5916 2615 5974 niti
2638 5912 3468 5992 potesttlicetcomprehenderq
