3996 6330
628 325 737 382 455

1843 327 2089 389 SANCTI
2132 329 2384 391 iliLARll
2414 333 2723 394 EPISCOPI
3774 351 3850 408 156

629 454 690 495 se
717 452 858 495 nunc
898 445 1132 495 creatam
1161 435 1213 495 in
1262 437 1471 496 initium
1505 438 1714 497 viarum
1750 441 1841 498 Dei
1881 453 1936 500 et
1982 445 2032 500 in
2064 461 2228 516 opera
2257 450 2312 512 Α
2336 449 2514 518 dium;
2565 431 2689 508 eu'm
2736 451 2853 522 ipsa
2899 451 3180 510 exordium
3225 457 3518 529 temporale
3553 461 3716 518 sortita
3755 466 3848 522 sint.

632 532 750 603 ejus
776 548 806 587 a
834 534 1032 588 saeculo
1059 532 1284 600 dixerit;
1320 550 1389 590 ne
1411 533 1550 590 forte
1578 545 1702 592 ante
1730 537 1948 592 Mariam
1980 555 2087 594 non
2115 555 2226 595 ma-

630 643 763 686 nere
793 630 1193 686 existimaretur
1226 648 1238 684 :
1271 646 1444 702 neque
1473 641 1649 689 tamen
1681 642 1920 689 creatam
1953 651 2010 690 se
2043 635 2108 691 ad
2133 652 2228 692 na-

628 720 850 778 tivitatis
889 721 1305 794 intelligentiam
1335 723 1595 792 referret;
1629 726 1755 796 quia
1795 727 1848 782 in
1888 727 2093 784 viarum
2127 729 2228 784 ini-

623 819 756 874 tium
787 826 842 874 et
870 817 922 873 itt
969 834 1133 889 opera
1178 819 1252 875 sit
1278 829 1496 888 creata;
1537 829 1592 876 at
1620 837 1751 877 vero
1784 837 1852 878 ne
1883 821 1986 878 hoc
2013 821 2225 879 viarum

623 909 859 979 initium,
886 912 1030 984 quod
1061 913 1246 985 utique
1270 913 1340 970 de
1365 913 1562 971 divinis
1584 915 1743 971 rebus
1766 915 2015 972 humanae
2040 917 2226 988 cogni-

622 1007 785 1063 tionis
816 1008 1096 1065 exordium
1144 1018 1251 1076 est,
1294 1010 1523 1082 quisque
1555 1011 1620 1067 ad
1653 1010 2042 1080 subjiciendam
2091 1021 2228 1068 tem-

619 1103 737 1176 pori
751 1104 1084 1160 nativitatem
1109 1103 1372 1160 inlinitam
1391 1104 1676 1176 deputaret
1703 1103 2004 1176 (Prov.vut,
2031 1104 2105 1160 ‘22
2119 1123 2222 1163 sec.

622 1197 1113 1272 LXX),lundatam
1145 1213 1203 1254 se
1232 1208 1356 1256 ante
1377 1199 1573 1255 saecula
1587 1199 1656 1254 sit
1685 1198 1927 1270 professa
1964 1217 1978 1255 :
2005 1208 2062 1255 ut
2095 1199 2224 1256 dum

621 1291 768 1347 aliud
791 1301 872 1347 est
891 1290 943 1346 in
973 1291 1176 1347 viarum
1197 1292 1406 1348 initium
1427 1300 1482 1348 et
1511 1292 1562 1347 itt
1593 1307 1758 1363 opera
1781 1292 2051 1361 creari,fet
2079 1292 2223 1349 aliud

620 1396 705 1443 est
735 1395 860 1443 ante
887 1386 1083 1442 saecula
1114 1386 1323 1443 fundari
1353 1429 1366 1454 ,
1397 1387 1636 1444 anterior
1659 1386 2052 1459 intelligeretur
2103 1401 2225 1444 esse

621 1481 895 1538 creatione
931 1481 1210 1538 fundatio:
1251 1481 1433 1538 ethoc
1480 1481 1680 1553 ipsum,
1713 1481 1856 1554 quod
1903 1480 2126 1538 fundata
2168 1479 2222 1536 in

618 1590 782 1647 opera
809 1585 936 1634 ante
965 1575 1226 1634 saeculum
1248 1586 1353 1643 est,
1384 1576 1460 1649 (α)
1492 1588 1888 1634 sacramentum
1931 1576 2224 1634 creationis

616 1671 968 1738 ostenderet;
1000 1671 1124 1740 quia
1153 1670 1395 1727 lundatio
1441 1679 1566 1727 ante
1607 1671 1890 1740 smculum,
1933 1680 1989 1728 et
2017 1673 2222 1728 creatio

616 1765 672 1822 in
700 1765 906 1821 viarum
933 1765 1144 1821 initium
1170 1773 1331 1836 atque
1358 1766 1409 1820 in
1435 1779 1597 1834 opera
1627 1772 1746 1832 post
1766 1764 2022 1820 saeculum
2054 1764 2145 1820 sit.

2333 543 2470 611 Quid
2517 545 2662 600 enim
2715 561 2967 616 magnum
3017 557 3122 614 est,
3172 557 3232 602 ut
3274 560 3401 605 ante
3450 559 3632 608 terram
3655 556 3724 627 (5)
3748 556 3850 615 Deus

2334 638 2619 694 Dominum
2669 639 2942 696 Christum
2988 643 3273 712 genuerit;
3307 658 3429 700 cum
3458 645 3749 718 Angelorum
3774 651 3852 706 ori-

2334 745 2403 802 go
2456 731 2526 803 (c)
2574 741 2732 789 terra:
2776 734 3052 790 creatione
3119 735 3421 807 reperiatur
3461 738 3736 810 antiquior?
3774 741 3852 798 Aut

2329 841 2428 881 cur
2452 827 2542 898 qui
2573 834 2698 882 ante
2743 835 2942 884 terram
2985 829 3202 900 genitus
3248 829 3540 898 diceretur,
3587 833 3725 888 etiam
3760 846 3852 893 ante

2330 926 2567 986 montes,
2598 934 2772 990 neque
2813 921 2987 976 solum
3031 928 3158 978 ante
3183 932 3418 991 montes,
3463 925 3556 980 sed
3599 925 3736 982 etiam
3760 939 3851 986 ante

2329 1012 2498 1068 colles
2526 1023 2682 1068 natus
2720 1014 3199 1071 manifestarctur:
3231 1032 3353 1073 cum
3399 1018 3607 1076 collium
3643 1021 3850 1092 signiﬁca-

2331 1104 2407 1160 tio
2437 1113 2557 1176 post
2606 1114 2820 1162 montes
2845 1109 2936 1175 sit,
2973 1109 3232 1164 montium
3267 1124 3398 1166 vero
3421 1110 3740 1184 intelligentia
3765 1127 3850 1184 post

2330 1205 2529 1255 terram
2561 1197 2668 1254 sit?
2699 1198 2803 1256 Per
2829 1199 2972 1271 quod
3019 1201 3315 1258 existimari
3348 1217 3454 1259 non
3487 1213 3668 1273 potest,
3701 1205 3848 1263 idcirco

2330 1293 2447 1348 h:ec
2475 1307 2599 1348 esse
2624 1291 2793 1361 dicta,
2827 1303 2886 1348 ut
2927 1303 3052 1350 ante
3079 1295 3251 1352 colles
3297 1305 3351 1352 et
3400 1307 3603 1354 montes
3626 1306 3676 1354 et
3699 1307 3844 1355 terram

2327 1399 2450 1442 esse
2477 1385 2871 1460 intelligeretur
2891 1387 2994 1461 (d),
3027 1391 3116 1459 qui
3163 1404 3247 1458 ea,
3302 1406 3424 1462 quae
3452 1404 3573 1450 ante
3614 1403 3776 1450 terram
3809 1404 3846 1451 et

2328 1488 2542 1536 montes
2607 1489 2661 1536 et
2708 1481 2878 1538 colles
2924 1491 3070 1550 sunt,
3122 1484 3401 1541 inlinitatis
3462 1502 3571 1543 sua:
3613 1489 3847 1546 aeternitate

2327 1575 2687 1646 praecelleret.

2400 1667 2491 1724 58.
2537 1666 2860 1738 lnfinilatem
2901 1687 3049 1726 suam
3091 1681 3337 1744 quantum
3365 1672 3482 1729 licet
3521 1676 3752 1744 explicuit,
3785 1694 3845 1748 per

2326 1774 2500 1819 creata
2546 1765 2913 1836 comprehendi
2940 1783 3043 1821 non
3073 1769 3260 1838 potuit.
3308 1797 3382 1809 —
3411 1769 3517 1826 Sed
3558 1785 3745 1827 sensum
3779 1787 3846 1827 no-

681 1859 771 1916 57.
981 1858 1100 1913 Νοη
1121 1857 1458 1930 tempore,sed
1473 1856 1754 1912 aeternitate
1771 1857 2226 1928 sceculumprazce-
2253 1862 2303 1924 B
2328 1868 2498 1916 strum
2527 1875 2708 1916 sermo
2739 1859 2956 1915 divinus
2983 1877 3090 1916 non
3133 1862 3352 1934 inopem
3398 1863 3616 1920 rationis
3659 1865 3841 1934 reliquit;

621 1952 718 2007 dit.
749 1943 964 2008 —‘Jam
997 1967 1124 2008 vero
1151 1967 1220 2008 ne
1248 1951 1452 2007 creatio
1481 1958 1536 2006 et
1566 1949 1810 2005 lundatio
1838 1949 1995 2006 tidem
2023 1949 2219 2006 divina:

615 2045 914 2102 nativitatis
942 2045 1278 2112 offenderet,
1311 2044 1596 2115 sequitur:
1632 2040 1791 2098 Prius
1831 2060 1989 2114 quam
2031 2053 2220 2098 terram

2323 1970 2448 2009 nam
2496 1969 2713 2010 causam
2763 1953 2890 2009 dicti
2921 1971 3015 2025 per
3055 1955 3170 2011 haec
3214 1971 3336 2028 quae
3381 1970 3752 2029 consequuntur
3781 1973 3842 2013 os-

2325 2046 2496 2104 tendit
2526 2063 2539 2102 :
2577 2045 2716 2102 Deus
2745 2047 2864 2118 fecit
2891 2048 3144 2120 regiones,
3179 2057 3226 2103 et
3253 2048 3624 2113 inhabitabilia,
3666 2060 3706 2103 et
3736 2066 3840 2103 cacat.

616 2143 830 2210 faceret,
855 2139 1000 2212 prius
1028 2155 1183 2210 quant
1210 2147 1406 2194 montes
1434 2136 1706 2202 stabiliret,
1738 2146 1856 2191 ante
1891 2153 2066 2192 omnes
2113 2136 2222 2192 col-
2322 2143 2462 2196 mina
2503 2156 2617 2213 qua:
2669 2141 2968 2195 habitantur
3013 2140 3106 2196 sub
3134 2142 3283 2196 creto.
3314 2141 3449 2196 Cum
3473 2151 3661 2214 pararet
3685 2142 3838 2208 calum,

617 2234 693 2290 les
739 2234 918 2307 genuit
963 2249 1044 2288 me
1090 2231 1252 2305 (Ibid.
1279 2232 1351 2289 25
1377 2244 1421 2287 et
1453 2231 1564 2305 26).
1599 2230 1716 2287 Jam
1744 2231 1955 2303 genitus
1979 2239 2063 2287 est
2091 2239 2220 2286 ante

618 2335 838 2396 terram,
871 2325 952 2402 (l)
983 2325 1074 2399 qui
1099 2337 1225 2383 ante
1254 2323 1512 2382 saeculum
1555 2325 1808 2381 fundatus
1837 2335 1923 2383 est
1973 2341 1989 2380 :
2040 2340 2217 2396 neque

614 2423 789 2479 solum
835 2431 962 2478 ante
1008 2431 1232 2489 terram,
1279 2421 1375 2478 sed
1424 2422 1586 2477 etiam
1633 2427 1759 2477 ante
1801 2429 2012 2475 montes
2053 2428 2214 2491 atque

613 2516 799 2574 colles.
833 2516 903 2572 Et
931 2517 985 2573 in
1017 2516 1101 2572 his
1126 2513 1346 2587 quidem
1376 2514 1499 2585 quia
1532 2513 1600 2570 de
1648 2527 1706 2570 se
1734 2510 2009 2583 Sapientia
2039 2512 2212 2582 loqui-

613 2618 724 2679 tur,
757 2611 879 2682 plus
911 2611 1147 2683 loquitur
1170 2625 1329 2681 quam
1359 2607 1594 2665 auditur.
1627 2608 1819 2664 Omnia
1846 2608 2011 2673 enim,
2059 2623 2208 2678 qure-

614 2718 844 2776 cumque
909 2704 976 2759 ad
1035 2701 1316 2759 inﬁnitatis
1363 2701 1767 2774 intelligentiam
1817 2700 2206 2773 signiﬁcantur,

609 2795 768 2853 istius
798 2796 942 2853 modi
973 2810 1094 2853 esse
1119 2802 1353 2866 oportet,
1386 2811 1454 2851 ne
1494 2796 1571 2850 rei
1617 2794 1864 2866 cuiquam
1888 2804 1980 2848 aut
2022 2792 2207 2864 generi

611 2891 847 2948 secunda
899 2893 952 2948 in
1003 2901 1247 2962 tempore
1293 2892 1421 2946 sint.
1467 2890 1737 2946 Caeterum
1783 2889 1849 2945 ad
1894 2887 2211 2945 aeternitatis

608 2984 1130 3043 demonstrationem
1160 2998 1500 3055 nequaquam
1528 2983 1611 3056 (2)
1642 2982 1957 3054 temporalia
1994 2981 2071 3055 (ὁ)
2120 2995 2212 3037 co-

604 3082 930 3154 aptabnntur
957 3098 970 3138 :
1000 3081 1123 3154 quia
1162 3095 1259 3152 per
1285 3078 1362 3148 id,
1397 3078 1538 3150 quod
1590 3077 1890 3150 posteriora
1937 3086 2064 3133 sunt
2105 3091 2212 3133 cae-

2321 2233 2395 2308 (e)
2412 2251 2552 2290 eram
2577 2251 2693 2289 cum
2714 2235 2826 2301 illo,
2857 2233 3038 2306 etzcum
3066 2235 3466 2307 (l)'segregabat
3487 2252 3624 2291 suam
3642 2234 3772 2308 430
3786 2251 3838 2290 se-

2321 2328 2458 2383 dem.
2495 2327 2714 2394 Quanda
2743 2343 2896 2399 super
2921 2337 3095 2383 uentos
3133 2328 3332 2384 ualidas
3363 2330 3579 2402 faciebat
3620 2331 3666 2384 in
3697 2344 3837 2384 summa

2317 2423 2494 2490 nubes,
2539 2434 2587 2479 et
2631 2440 2748 2479 cum
2787 2435 2948 2480 certos
3002 2427 3216 2495 ponebat
3249 2423 3323 2499 (f)
3355 2429 3524 2499 fontes
3569 2425 3650 2480 sub
3675 2426 3837 2490 eale,et

2315 2531 2434 2570 cum
2484 2516 2644 2587 fortia
2685 2517 2903 2586 faciebat
2926 2517 3262 2588 fundamenta
3291 2530 3465 2586 terra’,
3493 2534 3581 2590 ego
3604 2534 3722 2572 erant
3739 2516 3836 2587 apud

2311 2608 2463 2664 illum
2489 2607 3082 2681 componens(Prouerb.
3112 2625 3226 2678 vttt,
3256 2609 3346 2679 26,
3364 2611 3573 2666 secund.
3602 2608 3726 2681 tu).
3747 2610 3834 2678 Quis

2314 2701 2402 2758 hic
2440 2712 2741 2772 temporum
2783 2703 2934 2758 locus
2965 2703 3088 2758 est?
3118 2705 3224 2758 Aut
3253 2718 3361 2774 quo
3391 2719 3454 2760 se
3495 2703 3751 2760 extendere
3781 2703 3832 2756 ul-

2312 2802 2394 2850 tra
2419 2793 2494 2868 (g)
2549 2793 2810 2849 inﬁnitam
2841 2795 3100 2867 unigeniti
3131 2795 3225 2851 Dei
3274 2795 3626 2860 nativitatem,
3652 2795 3828 2850 humana:

2313 2890 2687 2962 intelligentiae
2722 2905 2917 2946 sensus
2948 2891 3314 2962 permittitur?
3345 2890 3468 2948 Non
3495 2893 3628 2948 cnim
3649 2906 3723 2963 per
3737 2888 3827 2954 hac,

2313 2999 2543 3056 quorum
2569 2985 2906 3041 creationem
2933 2996 3118 3040 mente
3139 2984 3500 3054 concipimus,
3530 2979 3827 3054 comprehendi

2312 3078 2592 3150 generatio
2618 3077 2736 3149 ejus
2766 3085 2965 3149 potest,
2996 3077 3088 3149 qui
3132 3079 3373 3133 anterior
3429 3078 3511 3134 his
3538 3079 3746 3134 omnibus
3774 3079 3829 3129 est

603 3176 752 3243 teris,
786 3192 881 3248 per
909 3191 969 3233 se
1018 3177 1133 3247 ipsa
1177 3190 1284 3231 non
1328 3172 1678 3231 manifestam
1719 3171 2004 3230 inﬁnitatis
2045 3186 2206 3228 exor—
2235 3162 2280 3228 C
2313 3169 2394 3245 (h)
2445 3180 2503 3227 ut
2531 3169 2777 3241 quamvis
2808 3177 3054 3241 praestet,"
3078 3169 3133 3224 in
3162 3178 3433 3240 tempore,
3479 3186 3580 3227 non
3610 3167 3827 3226 tamenin-
3924 3215 3925 3248 ἢ

704 3292 757 3358 1)
787 3292 888 3358 Qui
913 3301 1030 3346 ante
1052 3293 1263 3348 saecula.

704 3293 726 3346 1
787 3292 888 3358 Qui
913 3301 1030 3346 ante
1052 3307 1144 3348 stet

675 3291 758 3436 ΣΞ)
791 3362 1144 3435 Temporaria.

599 3501 770 3577 uteris
787 3501 883 3577 _ad
928 3501 1376 3577 exstinguendum
1427 3500 1696 3577 Judreum,
1752 3512 1856 3560 etc.
1905 3503 2199 3577 Sapientiae

599 3584 726 3630 ante
757 3574 974 3631 Mariam
1019 3575 1362 3632 subsistentia
1404 3575 1698 3632 efﬁcaciam
1739 3591 1802 3631 ac
1841 3574 2096 3632 virtutem
2143 3577 2196 3631 in

596 3647 857 3773 lqperibus
889 3663 952 3704 ac
988 3647 1248 3704 doctrinis
1273 3647 1386 3703 fuse
1416 3657 1732 3711 prosecutus
1758 3657 1842 3704 est
1866 3649 2101 3704 Hilarius
2132 3648 2196 3704 li-

637 3735 710 3773 rts
733 3735 784 3773 tv
808 3727 864 3773 et
889 3735 943 3773 v.

637 3727 710 3773 ris
733 3735 784 3774 tv
808 3727 864 3776 et
889 3735 943 3776 ν.

669 3790 746 3874 (α)
775 3791 831 3874 id
860 3802 963 3874 est,
992 3791 1060 3874 ad
1087 3800 1486 3874 sacramentum
1517 3807 1580 3874 ac
1603 3791 1917 3874 mysterium
1955 3792 2196 3874 (dispen-

593 3862 818 3920 sationis
838 3862 1067 3937 scilicet)
1097 3867 1369 3936 pertinere
1391 3862 1724 3930 ostenderet,
1749 3863 1894 3936 quod
1923 3862 2109 3922 eadem
2133 3880 2196 3922 se

593 3944 832 3992 creatam
866 3937 1204 3993 testiﬁcatur.

663 4008 1049 4081 (b)zEr.7Lips.
1098 4018 1155 4066 et
1195 4009 1345 4073 Par.,
1392 4009 1718 4076 temporaria.
1752 4007 1851 4064 Ms.
1897 4008 2020 4066 Vat.
2049 4011 2190 4077 bas.,

590 4080 842 4151 tempora.
871 4080 977 4137 Alii
1008 4098 1131 4138 cum
1164 4081 1322 4146 Bad.,
1351 4081 1674 4150 temporalia.

663 4152 734 4225 (ε)
775 4153 920 4225 Nihil
951 4153 1002 4209 in
1031 4155 1112 4209 his
1139 4153 1318 4209 verbis
1347 4161 1594 4223 apparet,
1621 4151 1789 4225 quod?
1811 4152 2058 4225 'concilip
2089 4151 2193 4208 La-

590 4223 762 4281 teran.
794 4224 886 4291 ιν,
915 4225 1253 4291 adversetur,
1285 4240 1338 4280 c.
1371 4225 1420 4290 1,
1453 4225 1520 4280 de
1561 4223 1666 4279 ﬁde
1693 4223 1994 4289 deﬁnientl,
2020 4223 2188 4279 Deum

588 4295 649 4349 ab
682 4297 825 4351 initio
852 4297 1092 4364 temporis
1122 4307 1388 4366 utramque
1417 4297 1480 4350 de
1514 4296 1676 4350 nihilo
1705 4296 2001 4350 condidisse
2043 4313 2189 4350 crea-

591 4376 782 4434 turam,
824 4368 1109 4438 spiritalem
1155 4377 1202 4422 et
1243 4369 1582 4438 corporalem,
1627 4369 1912 4438 angelicam
1957 4367 2186 4422 uidelicet

591 4448 639 4492 et
661 4439 996 4494 mundanam.
1027 4439 1254 4494 Planum
1287 4439 1428 4494 enim
1460 4451 1566 4503 est,
1599 4440 1714 4493 haec
1740 4438 1968 4495 Genesis
1995 4443 2184 4507 verba,

589 4507 660 4564 In
688 4512 941 4580 principio
967 4512 1152 4566 creavit
1181 4509 1319 4564 Deus
1353 4512 1537 4566 caelum
1566 4521 1611 4564 et
1639 4520 1846 4573 terram,
1881 4512 1952 4564 ita
1981 4527 2011 4565 a
2054 4527 2186 4567 con-

589 4531 660 4564 ιιι
688 4531 853 4580 ρηηα
894 4531 941 4565 ιο
967 4531 1152 4566 creavit
1181 4531 1319 4564 ueus
1353 4531 1537 4566 castum
1566 4531 1611 4564 ει
1639 4531 1846 4573 terram,
1881 4531 1952 4564 ιω
1981 4531 2011 4565 ἃ
2054 4531 2184 4567 0011·

589 4583 714 4638 cilio
740 4531 1014 4639 inteiiecta
1048 4597 1188 4648 esse,
1220 4593 1276 4636 ut
1305 4583 1370 4636 ad
1403 4581 1702 4652 angelicam
1732 4593 1976 4637 naturam
2003 4584 2184 4638 caelum

591 4663 780 4710 terram
809 4654 876 4710 ad
915 4656 1240 4710 mundanam
1273 4655 1525 4726 referret.
1546 4653 1708 4723 Atqui
1739 4655 1951 4726 Moyses
1981 4655 2179 4710 coelum
2208 4662 2260 4722 1)

585 4738 716 4782 ante
762 4736 960 4783 terram
1010 4737 1292 4791 memorat,
1336 4725 1671 4797 proindeque
1713 4742 1742 4781 a
1791 4725 2030 4781 Concilio
2069 4741 2176 4783 non

589 4797 860 4867 dissentit,
893 4798 985 4870 qui
1005 4799 1224 4872 angelos
1254 4808 1379 4872 ante
1409 4797 1655 4872 eamdem
1689 4797 2181 4872 prtedicat.‘Neque

589 4871 761 4942 magis
813 4869 1100 4942 repugnat,
1144 4869 1285 4941 quod
1333 4871 1406 4926 ait
1455 4870 1687 4925 Hilarius
1734 4879 1922 4942 contra
1961 4869 2182 4926 Auxen-

588 4941 721 4998 tium
753 4959 808 4998 η.
840 4944 925 5009 10,
956 4941 1216 4997 diabolum
1253 4952 1368 4996 ante
1411 4953 1638 5014 tempora
1664 4951 1714 5014 et
1752 4941 1943 4996 sarcula
1985 4943 2179 5014 substie

587 5015 723 5070 tisse.
759 5016 891 5070 Nam
932 5029 1052 5069 eum
1095 5015 1182 5069 hic
1205 5013 1439 5084 disputet
1467 5025 1654 5068 contra
1680 5013 1960 5076 Arianum,
1990 5013 2178 5069 Ariani

586 5099 768 5144 autem
799 5089 977 5143 solent
1006 5096 1235 5155 tempora
1265 5087 1326 5140 de
1349 5087 1474 5140 solis
1499 5101 1559 5138 ac
1605 5085 1742 5139 luna:
1786 5087 2040 5140 creatione
2083 5102 2179 5140 nu-

584 5176 804 5228 merare,
837 5167 896 5214 ut
922 5158 1221 5213 audivimus
1266 5172 1427 5228 supra
1455 5174 1508 5212 n.
1540 5157 1632 5222 54,
1679 5156 1808 5212 hinc
1852 5165 2058 5212 tantum
2085 5171 2176 5213 se-

583 5231 767 5302 quitur
812 5230 1056 5302 angelos,
1091 5227 1419 5302 proindeque
1444 5228 1742 5302 diabolum,
1773 5238 1898 5284 ante
1923 5230 2094 5302 solem
2124 5237 2179 5285 et

585 5299 768 5359 lunam
799 5299 1127 5359 substitisse.
1160 5301 1313 5370 Quod
1338 5299 1808 5372 noninﬁciandium
1831 5310 2018 5357 censet
2048 5301 2175 5372 Epi-

584 5374 813 5500 phanius
839 5377 972 5431 haec.
1003 5372 1093 5438 65,
1147 5389 1202 5459 n_.
1255 5375 1323 5439 ὅ,
1355 5381 1571 5443 pr0pter
1598 5371 1729 5426 illud
1759 5371 1914 5426 Joan.
1947 5387 2173 5438 xxxvttt,

643 5466 656 5500 :
687 5447 815 5500 Cum
842 5452 976 5500 facta
1004 5455 1123 5500 sunt
1142 5444 1332 5500 sidera.
1363 5445 1697 5498 laudauerunt
1738 5459 1817 5497 me
1857 5460 2029 5499 omnes
2074 5461 2170 5498 an-

643 5466 656 5504 :
687 5447 815 5502 Cum
841 5452 976 5519 facta
1004 5455 1123 5501 sunt
1142 5444 1332 5519 sidera,
1363 5445 1697 5519 laudauerunt
1738 5459 1817 5497 me
1857 5460 2029 5519 omnes
2074 5461 2170 5498 an-

583 5520 685 5590 geli
704 5521 802 5574 mei
827 5515 849 5575 ἑ
874 5520 1118 5590 quamvis
1147 5518 1262 5589 ipse
1289 5531 1394 5571 non
1428 5517 1618 5590 probet
1644 5531 1762 5580 eos,
1794 5515 1886 5590 qui
1923 5515 2172 5585 aliquan-

582 5586 693 5644 tum
725 5586 984 5662 temporis
1012 5599 1138 5645 ante
1167 5586 1426 5662 mundum
1455 5587 1675 5662 angelos
1700 5586 1947 5662 conditos
1987 5601 2172 5644 sense-

580 5672 738 5728 runt;
781 5658 1048 5718 et'contra
1071 5678 1165 5718 eos
1205 5676 1354 5716 num.
1385 5661 1442 5724 8,
1474 5659 1671 5714 acriter
1697 5658 2010 5726 contendat,
2053 5674 2172 5714 cer-

579 5740 687 5787 tam
738 5733 882 5789 illam
932 5750 1053 5790 esse
1101 5741 1156 5788 et
1202 5730 1589 5786 immutabilem
1653 5729 2001 5796 sententiam,
2055 5741 2173 5785 ante

578 5804 762 5860 cretum
787 5818 836 5862 et
860 5817 1048 5860 terram
1075 5805 1203 5860 nihil
1248 5804 1456 5859 omnino
1494 5817 1663 5857 rerum
1711 5801 2034 5856 conditarum
2085 5819 2170 5858 ea;-

579 5877 736 5946 ritisse
765 5895 784 5934 :
811 5877 1054 5953 quoniam
1083 5877 1136 5933 in
1180 5875 1436 5950 principio
1475 5874 1664 5931 creavit
1706 5870 1850 5931 Deus
1895 5876 2079 5931 cretum
2124 5885 2172 5932 et

2383 3290 2463 3433 23)
2493 3287 2632 3345 Deus
2665 3288 2827 3346 Deum
2851 3288 3111 3345 Christum
3137 3297 3359 3362 generet.

2408 3361 2468 3433 4)
2508 3363 2838 3420 Secernebat.

2408 3361 2468 3435 4)
2508 3363 2838 3420 Secernebat.

2304 3511 2524 3571 terram;
2570 3513 2626 3558 ut
2671 3504 2803 3560 illud
2849 3505 2915 3560 sit
2958 3505 3166 3561 creandi
3217 3503 3549 3576 principium,
3598 3513 3696 3560 ante
3735 3501 3824 3571 quod
3909 3561 3917 3576 _,

2304 3577 2488 3631 creatis
2537 3593 2599 3631 ea:
2645 3577 2792 3632 rebus
2839 3578 3045 3632 omnino
3098 3577 3242 3632 nulla
3269 3578 3446 3647 fuerit.
3480 3577 3659 3649 Aperta
3697 3585 3818 3649 tamen

2303 3657 2388 3704 est
2435 3664 2496 3704 ea
2539 3649 2608 3703 de
2652 3664 2711 3704 re
2757 3650 3028 3705 Ambrosii
3080 3644 3344 3706 sententia
3395 3652 3487 3706 Iih.
3519 3644 3556 3716 t,
3600 3644 3817 3709 liene-lt

2301 3735 2358 3774 η.
2386 3720 2480 3795 19,
2513 3719 2745 3795 dicentis
2793 3738 2805 3775 :
2850 3722 3032 3794 Angeli
3082 3722 3458 3778 dominationes
3504 3733 3548 3777 et
3594 3721 3816 3795 Ροιεξωιςξι

2301 3793 2396 3846 etsi
2428 3792 2707 3868 aliquando
2729 3788 3007 3860 crepet-unt,
3039 3805 3181 3868 erant
3209 3803 3380 3848 tamen
3413 3797 3529 3868 jam
3568 3790 3734 3868 quando
3764 3788 3817 3838 hic

2300 3862 2522 3936 mundus
2551 3875 2624 3918 est
2647 3868 2812 3935 factus
2839 3887 2850 3919 :
2879 3873 2933 3919 et
2959 3864 3111 3936 praef.
3146 3865 3196 3919 itt
3230 3881 3309 3935 ps.
3335 3882 3376 3934 ι,
3404 3862 3460 3922 it.
3481 3865 3516 3919 2
3541 3862 3815 3936 :Anteipum

2297 3935 2500 3989 initium
2529 3932 2705 3990 mundi
2737 3932 3011 3992 Cherubim
3059 3945 3104 3990 et
3154 3932 3438 4006 Seraph'int
3486 3953 3596 3991 cunt
3632 3932 3812 4008 suaritatt

2296 4023 2500 4062 canora:
2540 4008 2676 4080 vocis
2720 4008 2918 4080 dicunt,
2965 4008 3208 4070 Sanctus,
3252 4003 3362 4063 etc.
3411 4003 3812 4080 Eamdemiiilario

2297 4091 2484 4134 nostro
2514 4079 2826 4150 Opinionem
2875 4079 3132 4134 Erasmus
3162 4081 3247 4134 hic
3295 4080 3600 4149 adscripsit,
3631 4077 3811 4150 subscri-

2296 4147 2565 4206 bentibus‘
2598 4151 2648 4207 ei
2696 4161 2962 4222 quotquot
3009 4161 3196 4222 postea
3241 4152 3343 4206 hos
3388 4147 3553 4206 libros
3586 4147 3808 4222 ediderunt.

2295 4221 2439 4278 Nihil
2481 4233 2659 4279 tamen
2692 4220 3043 4286 advertimus,
3093 4237 3190 4276 cur
3235 4221 3309 4276 illi
3358 4233 3508 4278 certo
3549 4220 3808 4278 attribuatur.

2297 4293 2467 4370 lm_mo
2495 4294 2548 4348 in
2577 4309 2660 4370 ps.
2689 4310 2980 4370 cxxxv,_n_.
3009 4297 3062 4359 8,
3086 4294 3285 4370 ducere
3308 4295 3540 4370 videtur,
3579 4291 3808 4370 angelorum

2289 4364 2447 4438 sedes
2472 4367 2868 4436 anteipsosmet
2896 4366 3061 4422 fuisse
3088 4365 3382 4422 institutas.
3398 4366 3698 4436 Quamquam
3721 4364 3807 4438 itte:

2289 4437 2543 4508 Opinione
2592 4431 2726 4494 nihil
2771 4438 3100 4494 discriminis
3143 4440 3388 4508 agnoscit
3424 4431 3806 4508 'Angu'stinuslip.

2288 4499 2363 4573 xi,
2397 4509 2464 4565 de
2494 4509 2610 4566 Civ.
2645 4509 2740 4566 Dei
2769 4526 2818 4566 c.
2863 4510 2955 4576 32,
2991 4509 3078 4565 ubi
3112 4499 3285 4579 prima
3331 4499 3559 4566 Genesis
3587 4499 3805 4579 verbazhf

2290 4568 2564 4651 principio,
2594 4598 2698 4653 non
2729 4581 2797 4637 de
2820 4568 3079 4653 temporis
3103 4568 3275 4648 initio,
3308 4583 3406 4638 sed
3429 4583 3496 4638 de
3521 4568 3803 4648 Verbo,qu‘ld,

2287 4653 2450 4725 etiam
2508 4652 2785 4725 Scriptura
2837 4652 3161 4724 principium
3212 4655 3479 4720 nominat,
3544 4654 3804 4725 interpretari

2288 4724 2476 4798 licere,
2526 4720 2697 4798 eaque
2735 4720 3186 4798 interpretatione
3212 4740 3288 4798 se
3318 4726 3596 4795 plurimum
3622 4720 3802 4798 delectat

2285 4787 2543 4852 declarat.
2575 4787 2689 4852 Hoc
2715 4787 2995 4852 dumtaxat
3015 4787 3525 4866 cavendum'docet,
3569 4809 3627 4850 ne
3647 4787 3801 4860 angelos

2285 4867 2732 4943 Deacomternos
2761 4870 3110 4943 agbitrentur.
3331 4939 3342 4943 Α

2357 4939 2438 5012 (ιι)
2467 4941 2575 4996 Sic.
2609 4939 2768 5007 Bad.,
2796 4941 2889 4997 Er.
2924 4954 2977 4996 et
3005 4940 3155 5008 Lips.
3187 4955 3252 4995 ac
3280 4939 3477 5012 plures
3504 4953 3623 5012 mss.
3650 4932 3801 5012 Aliquot

2284 5005 2467 5082 proba:
2496 5023 2637 5068 notze
2661 5005 2780 5068 cum
2811 5013 2958 5076 Par.,
2996 5005 3116 5082 quia
3159 5028 3238 5067 ea.
3275 5005 3330 5066 lit
3362 5014 3546 5069 codice
3573 5009 3672 5066 Vat.
3705 5005 3797 5062 ιηεη

2280 5085 2404 5153 quia
2431 5085 2518 5154 qui
2541 5094 2659 5139 ante
2686 5094 2875 5140 terram
2902 5095 2948 5140 et
2974 5091 3169 5138 montes
3194 5093 3242 5137 et
3267 5084 3426 5140 colles
3454 5086 3536 5140 sit.

2356 5146 2454 5228 (e)'
2481 5157 2698 5213 Martin.
2749 5173 2879 5224 ms.,
2932 5157 3142 5212 aderam
3191 5155 3271 5210 illi
3298 5195 3314 5224 ,
3348 5165 3396 5210 et
3439 5172 3550 5213 cum
3588 5146 3798 5209 secernat!

2283 5243 2431 5282 suam
2456 5229 2648 5283 sedem.

2356 5299 2427 5368 (ί)
2454 5299 2511 5354 In
2543 5315 2700 5365 mss.,
2730 5312 2948 5358 montes.
3737 5354 3772 5368 ..

2356 5368 2432 5443 (9)
2462 5371 2771 5446 Ιῆεϐθυάιιπι
2802 5387 3052 5443 putamus
3081 5375 3138 5429 in
3161 5373 3421 5446 inﬁnitam
3443 5387 3463 5429 :
3489 5378 3546 5427 ut
3564 5368 3797 5446 ρτωροςιιξο

2279 5444 2333 5498 in
2380 5441 2649 5500 exciderit
2691 5441 2910 5517 propter
2952 5446 3187 5503 similem
3219 5441 3495 5520 syllabam
3540 5441 3796 5503 subsequen‘

2280 5525 2408 5571 tem.

2350 5587 2432 5659 (h)
2465 5587 2638 5644 Verus
2686 5586 2858 5665 codex
2902 5587 3058 5645 Colb.
3092 5605 3214 5665 cum
3245 5589 3454 5665 Remig.
3493 5593 3546 5642 et
3567 5577 3794 5665 ﬁermﬂ‘

2276 5644 2430 5730 quem
2452 5669 2676 5730 prazstet,
2706 5661 2843 5733 Silv.
2876 5671 2931 5715 ut
2961 5644 3439 5733 quamuisprresitu;
3467 5672 3569 5713 non
3593 5656 3651 5708 ita
3678 5644 3791 5733 ntali:-

2279 5733 2570 5806 Eclipticus
2595 5741 2677 5788 est
2705 5731 2795 5786 hic
2820 5730 3022 5806 sermo,
3057 5730 3232 5806 coque
3252 5732 3608 5806 lttereticorutn
3632 5730 3791 5806 sentiri:

2279 5805 2353 5858 tia
2379 5798 2616 5881 notatur,
2651 5820 2755 5881 qua
2781 5804 3000 5860 Christo
3025 5806 3103 5881 ita
3123 5798 3348 5876 primum
3380 5806 3431 5860 in
3473 5798 3791 5881 οτιῌηεὟ-ιζφ

2280 5871 2872 5948 ῑθωροῐίιιίωιιίοευω
2901 5871 3206 5937 concedunt
3235 5895 3250 5935 :
3283 5885 3339 5936 ut
3366 5872 3596 5951 quamvis
3618 5871 3672 5922 iis
3692 5871 3792 5933 pm-
