3996 6330
162 297 272 354 457

1363 307 1451 364 DE
1492 305 1862 366 TRINITA'I'E
1902 309 2101 369 LIBER
2132 311 2249 370 XII.

3369 322 3475 379 458

167 411 355 468 ﬁnitus
383 414 479 480 sit,
505 415 591 471 cui
623 416 726 472 hoc
752 417 927 473 solum
957 418 1216 475 tributum
1246 420 1336 486 sit,
1372 431 1430 477 ut
1458 434 1585 481 ante
1635 433 1768 480 tem-
1795 426 1842 484 Λ
1873 425 2069 482 riorem
2107 444 2166 483 se
2198 442 2305 482 non
2335 427 2510 485 solum
2539 429 2636 486 his
2658 444 2775 502 qua:
2802 441 2984 490 creata
3015 443 3143 492 sunt
3165 435 3345 505 docet,
3375 439 3473 496 sed

167 507 377 576 poralia
426 518 583 563 natus
636 511 727 565 sit.
773 509 908 567 Nam
935 527 1058 567 cum
1096 510 1169 584 (τι)
1219 513 1305 569 illa
1341 516 1571 586 tempori
1603 517 1653 570 in
1687 516 1768 571 sui

165 600 562 658 constitutione
586 602 922 674 subjaceant,
975 605 1066 662 ille
1109 614 1316 675 tamen,
1361 607 1488 664 licet
1531 609 1771 665 anterior

165 691 256 749 his
282 695 537 752 omnibus
562 697 654 765 sit,
687 713 792 755 non
817 698 888 755 sit
911 699 1053 757 liber
1082 716 1112 756 a
1156 709 1398 772 tempore
1423 719 1436 755 :
1466 702 1588 773 quia
1631 712 1769 759 tem-

167 787 376 858 poralis
419 787 612 847 borum
661 791 977 849 constitutio
1024 801 1236 862 tempus
1284 794 1582 851 nativitatis
1624 794 1763 865 ejus,

163 881 261 952 qui
285 890 415 938 ante
436 881 509 938 sit
536 893 714 953 natus,
745 883 1028 953 ostendat;
1053 886 1181 943 dum
1208 885 1310 944 hoc
1342 887 1517 958 ipsum
1545 887 1596 943 ei
1637 896 1771 944 tem-

164 987 273 1043 pus
301 983 408 1041 est,
431 973 577 1044 quod
608 976 1000 1047 temporalibus
1030 977 1350 1037 antefertur.

240 1067 335 1124 59.
385 1067 459 1123 ΛΕ
464 1070 622 1126 ternis
648 1087 704 1126 se
737 1080 1043 1127 cowternam
1081 1073 1276 1128 docuit.
1302 1102 1374 1114 —
1400 1072 1508 1131 Sed
1539 1073 1632 1130 Dei
1660 1088 1774 1131 ser-

167 1176 262 1217 mo
291 1170 345 1218 et
374 1178 519 1220 vera:
544 1165 829 1233 sapientiae
855 1164 1100 1223 doctrina
1136 1165 1212 1241 (ὁ)
1244 1167 1482 1240 loquitur
1507 1168 1767 1240 perfecta,

166 1265 227 1313 ct
274 1256 520 1313 absoluta
557 1259 846 1331 signiﬁcat,
876 1261 1078 1318 docens
1116 1277 1175 1318 se
1226 1279 1333 1319 non
1386 1265 1771 1337 temporalibus

166 1366 295 1419 esse
320 1353 676 1422 anteriorem,
706 1355 801 1411 sed
843 1356 1091 1413 infinitis.
1141 1360 1275 1416 Cum
1320 1359 1463 1416 enim
1496 1377 1771 1433 praepara-

142 1456 322 1503 .rctur
347 1449 566 1517 ctelum,
594 1449 786 1508 aderat
819 1450 951 1508 Deo.
978 1452 1251 1527 Numquid
1288 1455 1412 1512 coeli
1445 1456 1772 1528 prmparatio

168 1547 288 1604 Deo
314 1557 396 1605 est
427 1550 739 1621 temporalis
765 1551 843 1626 (ι)
881 1551 952 1626 (ε)
984 1562 1040 1610 ιιι
1067 1567 1265 1625 repens
1292 1554 1631 1626 cogitationis
1657 1569 1773 1610 mo-

168 1649 261 1696 tus
291 1640 471 1698 subito
495 1638 551 1698 in
585 1655 819 1701 mentem
852 1656 1122 1719 tamquam
1147 1656 1306 1704 antea
1350 1648 1619 1720 torpidam
1659 1658 1774 1705 stu-

167 1742 497 1806 pentemque
517 1737 872 1809 subrepserit,
907 1738 1251 1812 humanoque
1278 1740 1441 1797 modo
1468 1741 1767 1799 fabricandi

1876 521 2094 573 :eternis
2121 527 2904 594 comternam,‘pr:eparationi
2953 529 3163 585 scilicet
3211 532 3371 599 cteli,
3417 542 3475 588 et

1873 611 2183 669 discretioni
2216 615 2363 672 sedis
2382 615 2498 670 Dei.
2533 616 2648 674 Non
2681 619 2824 674 enim
2863 628 2974 675 tum
3024 622 3259 680 discreta
3312 623 3474 681 sedes

1873 713 1976 770 cst,
2013 720 2136 761 eum
2185 706 2375 763 effecta
2423 717 2509 764 est
2553 726 2566 763 :
2606 710 2729 782 quia
2774 711 2920 768 aliud
2969 723 3054 770 est
3097 714 3335 772 discerni
3380 732 3472 773 sc-

1873 797 2018 867 dem,
2037 799 2179 855 aliud
2203 802 2475 873 componi.
2506 802 2693 876 Neque
2722 813 2832 861 tum
2861 817 3106 879 paratum
3138 808 3335 866 ctelum
3366 820 3472 878 est,

1873 904 1995 947 cum
2024 905 2383 964 praeparatum
2411 904 2535 953 est:
2567 912 2691 954 nam
2738 912 2854 955 erat
2894 900 3033 972 apud
3077 913 3473 974 praeparantem

1874 983 1956 1059 (5)
1980 984 2042 1059 (i)
2064 987 2554 1048 etdiscerncntem.
2588 990 2783 1049 Postea
2804 1008 2936 1050 vero
2964 997 3324 1067 componebat
3344 1014 3473 1055 cum

1875 1077 1946 1154 (j)
1969 1089 2187 1149 parante
2214 1099 2227 1135 :
2247 1084 2604 1141 aeternitatem
2628 1099 2780 1140 suam
2803 1101 2925 1142 eum
2949 1090 3273 1160 prteparanti
3294 1090 3473 1161 adest,

1875 1179 1929 1226 et
1957 1171 2315 1229 ministerium
2362 1176 2580 1247 quando
2618 1193 2738 1234 cum
2785 1189 3014 1250 parante
3061 1183 3339 1254 componit
3384 1198 3476 1241 os-

1876 1265 2126 1323 tendens.
2162 1268 2366 1325 Idcirco
2410 1285 2554 1328 nunc
2588 1273 2747 1329 etiam
2777 1282 2905 1330 ante
2938 1285 3135 1331 terram
3166 1286 3222 1333 et
3260 1286 3474 1335 montes

1875 1368 1930 1416 et
1955 1361 2122 1417 colles
2149 1363 2382 1434 genitam
2411 1380 2535 1422 esse
2572 1382 2632 1422 se
2656 1367 2810 1435 dixit,
2845 1370 2968 1440 quia
2998 1379 3051 1426 et
3092 1372 3477 1444 prarparationi

1875 1453 1997 1509 οωιί
2025 1454 2262 1510 adfuisse
2279 1471 2339 1512 se
2360 1456 2582 1514 doceret
2607 1476 2621 1510 τ
2648 1468 2706 1514 ιιι
2731 1461 2847 1516 haec
2867 1461 2980 1531 jam
3012 1470 3158 1532 tunc,
3184 1479 3305 1520 cum
3335 1479 3476 1537 prte-

1876 1555 2158 1617 pararetur
2206 1549 2423 1616 coelum,
2475 1565 2641 1621 penes
2692 1551 2858 1609 Deum
2890 1551 3029 1610 facta
3078 1570 3200 1613 esse
3249 1572 3346 1628 per
3395 1556 3474 1627 id,

1876 1643 2021 1714 quod
2050 1644 2187 1700 nihil
2229 1647 2339 1702 Deo
2365 1660 2561 1702 novum
2582 1657 2683 1715 est,
2718 1648 3134 1708 demonstraret.

1945 1738 2035 1794 40.
2069 1737 2327 1794 Mundam
2366 1738 2505 1796 Deus
2528 1740 2594 1795 ab
2623 1751 2817 1798 aeterno
2840 1744 2998 1800 simul
3035 1761 3098 1799 ac
3126 1745 3283 1801 semet
3331 1760 3471 1817 prte-

166 1828 296 1885 ctnli
343 1828 644 1900 impensam
690 1841 746 1887 et
809 1832 1163 1890 instrumenta
1212 1835 1523 1906 quaesierit?
1571 1836 1770 1909 Atquin
1802 1823 1851 1884 Β
1882 1833 2482 1905 paravit—Perpetua
2510 1834 2654 1891 enim
2703 1845 2758 1893 ct
2807 1846 3008 1894 aeterna
3056 1855 3239 1896 rerum
3285 1855 3479 1897 crean-

166 1920 314 1976 alius
338 1920 616 1992 prophetae
643 1923 712 1980 de
734 1924 1139 1995 operationibus
1170 1927 1267 1983 Dei
1294 1941 1488 1984 sensus
1517 1939 1621 1997 est,
1649 1944 1769 1985 cum

165 2015 291 2069 ait:
332 2014 495 2071 Verbo
539 2015 745 2073 Domini
789 2021 901 2075 caeli
944 2020 1140 2091 ﬁrmati
1180 2031 1315 2089 sunt,
1366 2033 1414 2078 et
1438 2024 1627 2095 spiritu
1665 2025 1773 2080 oris

169 2111 291 2182 ejus
332 2110 499 2166 omnis
540 2110 701 2168 virtus
745 2130 920 2169 eorum
950 2114 1126 2186 (Psal.
1156 2132 1327 2182 xxxii,
1360 2117 1439 2184 6).
1487 2119 1768 2191 Przrcepto

174 2211 362 2259 tamen
396 2203 492 2261 Dei
534 2205 659 2262 ρωιί
709 2215 766 2263 ιιι
808 2207 1155 2265 firmarentur
1184 2221 1479 2282 eguerunt;
1512 2228 1634 2269 nam
1676 2227 1773 2286 ap-

164 2304 394 2367 paratus
424 2304 479 2353 et
528 2297 701 2356 virtus
743 2315 931 2357 eorum
961 2301 1014 2358 in
1061 2300 1165 2358 hac
1215 2302 1619 2375 imperturbatte
1641 2322 1776 2364 con-

164 2389 470 2447 stitutiouis
499 2391 579 2466 (2)
625 2408 740 2450 suae
788 2394 1065 2464 firmitate,
1117 2412 1223 2452 non
1265 2396 1336 2454 de
1380 2399 1772 2470 temperatione

167 2484 404 2556 alicujus
428 2485 509 2559 (ά)
539 2496 594 2543 et
641 2488 1000 2559 permixtione
1044 2488 1306 2557 materiae,
1349 2490 1511 2566 531
1562 2494 1658 2550 sed
1703 2510 1770 2550 ex

161 2580 365 2651 spiritu
388 2580 554 2638 divini
580 2582 695 2640 oris
715 2585 944 2641 exsistit.
975 2585 1113 2655 Quid
1145 2601 1274 2660 ergo
1295 2598 1400 2656 est,
1446 2591 1768 2661 praeparanti

159 2674 284 2731 Deo
326 2675 523 2733 caelum
563 2677 800 2750 genitam
830 2679 899 2736 ab
926 2694 993 2737 eo
1023 2680 1214 2739 adesse
1243 2683 1600 2754 sapientiam;
1646 2699 1770 2741 cum

165 2782 348 2840 neque
384 2768 588 2826 creatio
615 2769 736 2828 eteli
768 2786 833 2828 ex
862 2773 1254 2843 praeparatione
1281 2775 1565 2844 consistat,
1594 2791 1771 2848 neque

162 2873 381 2920 naturae
412 2865 505 2922 Dei
557 2865 650 2933 sit,
701 2865 754 2921 in
803 2877 1064 2938 apparatu
1109 2884 1232 2925 eum
1282 2870 1552 2940 cogitandi
1588 2871 1770 2943 operis

158 2955 244 3030 (ὃ)
283 2958 353 3028 (e)
393 2960 758 3015 commorari?
786 2959 931 3016 Nihil
953 2961 1098 3018 enim
1128 2977 1235 3018 non
1267 2978 1486 3035 semper
1507 2979 1629 3022 cum
1658 2966 1768 3024 Deo

157 3049 293 3118 fuit,
322 3051 581 3125 quidquid
614 3053 668 3110 in
694 3054 857 3111 rebus
886 3064 972 3113 est
1001 3072 1013 3109 :
1055 3072 1176 3129 quae
1206 3057 1308 3114 etsi
1336 3057 1401 3114 ad
1431 3058 1764 3117 creationem

155 3144 247 3198 sui
278 3152 457 3215 coepta
488 3156 634 3212 sunt,
670 3162 779 3204 non
807 3155 935 3205 sunt
960 3156 1139 3207 tamen
1169 3148 1235 3224 (Γ)
1265 3149 1334 3207 ad
1364 3150 1457 3208 Dei
1484 3152 1566 3210 vel
1588 3153 1768 3211 scien-

1875 1924 2065 1980 darum
2097 1935 2181 1981 est
2209 1926 2536 1997 praeparatio
2566 1946 2579 1982 :
2613 1944 2790 2001 neque
2816 1931 3060 2001 partibus
3081 1930 3470 2003 cogitationum

1874 2017 2243 2076 universitatis
2269 2018 2428 2091 hujus
2453 2034 2652 2092 corpus
2679 2021 2930 2081 effectum
2971 2032 3078 2089 est,
3123 2032 3183 2080 ut
3226 2024 3465 2094 primum

1873 2111 1944 2168 de
1977 2112 2118 2169 etelo
2161 2113 2229 2168 sit
2278 2116 2594 2184 cogitatum,
2645 2123 2758 2170 tum
2809 2126 2996 2186 postea
3042 2125 3204 2174 terrae
3249 2133 3377 2174 cura
3419 2125 3476 2175 et

1872 2195 2133 2265 iractatus
2177 2207 2347 2264 Deum
2388 2207 2594 2275 inierit,
2631 2208 2706 2282 (Ic)
2765 2211 3165 2285 cogitatumque
3207 2227 3305 2283 per
3361 2212 3476 2268 sin-

1873 2300 1996 2372 gula
2023 2299 2115 2367 sit,
2153 2309 2212 2354 ut
2241 2297 2404 2373 E32
2431 2301 2665 2371 primum
2710 2303 2763 2356 in
2812 2304 3086 2373 planitiem
3132 2303 3472 2363 diffundere-

1874 2400 1983 2463 tur,
2012 2391 2209 2448 deinde
2239 2402 2424 2462 postea
2457 2393 2682 2449 meliore
2707 2394 2937 2450 consilio
2985 2396 3257 2453 montibus
3284 2397 3474 2454 eleva-

1874 2494 2067 2554 retur,
2122 2500 2340 2542 rursum
2389 2494 2568 2542 autem
2620 2488 2783 2542 etiam
2850 2488 3078 2545 collibus
3141 2490 3468 2558 variaretur,

1872 2589 2069 2652 quarto
2096 2580 2294 2637 deinde
2344 2579 2655 2636 habitabilis
2691 2582 2852 2637 etiam
2904 2583 2957 2637 in
3007 2583 3139 2653 ipsis
3174 2584 3474 2640 cacumini-

1873 2674 1974 2731 bus
2020 2673 2360 2741 redderetur,
2408 2672 2475 2745 (ι)
2509 2683 2975 2745 praeparatumque
3002 2676 3200 2732 emtum
3228 2691 3293 2733 ac
3317 2676 3477 2734 sedes

1873 2766 1970 2823 Dei
2001 2774 2399 2838 segregaretur,
2433 2777 2827 2839 ventorumque
2871 2767 3246 2825 exhalatioues
3294 2769 3469 2826 nubes

1872 2858 1926 2915 in
1951 2874 2166 2916 summo
2210 2858 2403 2915 valida:
2459 2860 2840 2927 continerent;
2908 2871 3034 2917 tunc
3096 2861 3293 2919 deinde
3340 2864 3476 2920 certi

1866 2953 1973 3011 'sub
2017 2953 2158 3010 ctelo
2186 2952 2366 3009 fontes
2395 2962 2661 3021 mearent,
2694 2968 2758 3009 ac
2785 2964 3058 3025 postremo
3103 2954 3470 3014 fundamentis

1875 3055 2019 3103 terra
2067 3047 2295 3104 fortibus
2321 3048 2753 3104 confirmaretur.
2788 3048 3021 3119 Singulis
3049 3050 3194 3106 enim
3242 3051 3325 3106 his
3356 3066 3477 3107 om-

1874 3142 2034 3199 nibus
2067 3144 2391 3200 anteriorem
2432 3159 2491 3199 se
2520 3142 2794 3215 Sapientia
2843 3159 2963 3201 csse
3010 3145 3313 3216 profitetur.
3367 3147 3477 3205 Sed

158 3235 295 3293 tiam
344 3237 430 3294 vel
482 3247 807 3310 potestatem
851 3241 1126 3298 inchoata.
1176 3243 1244 3300 Et
1290 3244 1443 3302 testis
1483 3253 1568 3302 est
1610 3246 1771 3303 nobis
1795 3224 1842 3288 Ο
1874 3254 2001 3297 cum
2033 3239 2214 3294 omnia
2245 3254 2343 3311 per
2369 3239 2536 3294 "eum
2565 3254 2686 3309 qme
2715 3239 2816 3295 $01)
2843 3239 2983 3295 οωιο
3014 3250 3140 3295 sum
3171 3240 3307 3297 T3013
3337 3241 3474 3308 είηῑ,

154 3332 427 3401 propheta
473 3330 703 3389 dicens:
747 3332 889 3390 Deus
915 3335 1003 3406 qui
1032 3336 1197 3407 fecisti
1242 3337 1414 3393 omnia
1453 3354 1568 3405 qua:
1593 3338 1772 3409 futura

152 3434 293 3479 sunt
339 3422 494 3498 (Esa.
547 3441 676 3489 ιιν,
720 3426 812 3493 li,
858 3444 961 3482 sec.
1007 3426 1353 3500 LXX).Qu:B
1402 3431 1546 3486 enim
1593 3430 1771 3488 futura

153 3527 314 3588 sunt,
347 3516 478 3574 licet
509 3518 562 3574 in
588 3533 657 3576 eo
681 3519 825 3589 quod
854 3520 1086 3576 creanda
1104 3504 1239 3578 sunt
1264 3522 1440 3579 adhuc
1482 3524 1632 3592 fient,
1660 3524 1771 3583 Deo

159 3619 375 3679 tamen,
422 3612 510 3669 cui
555 3613 608 3667 in
635 3614 884 3671 creandis
913 3614 1075 3672 rebus
1104 3615 1238 3672 nihil
1271 3633 1467 3674 novum
1494 3634 1558 3674 ac
1579 3619 1654 3691 (g)
1684 3635 1773 3677 re-

151 3718 298 3775 pens
323 3711 432 3773 est,
459 3704 571 3774 jam
603 3703 744 3761 facta
789 3715 915 3762 sunt
960 3724 973 3760 :
1018 3706 1147 3763 dum
1199 3716 1255 3764 et
1304 3717 1604 3783 temporum
1659 3710 1771 3767 dis-

148 3793 415 3867 pensatio
458 3803 544 3851 est
582 3805 640 3852 ut
686 3810 965 3865 creentur,
1003 3811 1058 3856 et
1097 3799 1209 3871 jam
1253 3801 1306 3857 in
1337 3801 1534 3857 divium
1553 3802 1771 3860 virtutis

152 3886 241 3962 (4)
278 3887 364 3959 (h)
406 3890 723 3960 praeseiente
767 3890 1060 3948 efﬁcientia
1088 3894 1198 3949 sint
1224 3905 1426 3950 creata.
1461 3895 1527 3950 Et
1567 3894 1770 3952 idcirco

149 3994 308 4039 nunc
353 3980 632 4052 Sapientia
671 3991 855 4040 natam
880 4000 941 4042 se
967 3995 1093 4042 ante
1123 3986 1320 4042 sarcula
1365 3987 1586 4057 docens,
1618 3997 1771 4045 aute-

261 4143 289 4200 Ι
362 4140 431 4198 Et
453 4157 535 4200 res
562 4144 908 4217 cogitationis.
940 4145 1103 4220 Tum,
1133 4147 1407 4220 subrepsit.

230 4140 324 4288 $2;
363 4213 785 4288 Consuetudinis.

257 4213 324 4272 2)
363 4213 785 4272 Consuetudinis.

234 4286 321 4362 ('5)
364 4286 791 4344 Commemorari.

151 4436 297 4494 stet;
328 4442 425 4493 seu
457 4427 733 4502 praecellat
759 4442 823 4486 ac
866 4428 1157 4501 prtesistat,
1201 4428 1255 4484 in
1298 4438 1544 4502 tempore
1587 4438 1770 4488 tamen

149 4507 251 4565 sit,
287 4509 345 4554 et
370 4514 475 4555 non
506 4499 765 4555 infinitus.

238 4571 326 4645 (α)
348 4570 485 4645 Mss.
514 4570 837 4645 Retuig.g_ac
864 4571 1097 4645 Theod.,
1140 4572 1219 4627 illi
1255 4580 1503 4644 tempora.
1538 4574 1766 4643 Quidam

1876 3339 1932 3387 et
1970 3331 2348 3403 componendo
2398 3332 2540 3389 coelo
2586 3330 2835 3388 Christus
2896 3332 3150 3401 adfuerit,
3198 3342 3255 3390 et
3299 3334 3475 3405 ipsam

1877 3424 2164 3495 praeparati
2214 3424 2335 3480 cceli
2385 3423 2681 3495 praeveniat
2710 3424 3101 3490 aeternitatem;
3130 3440 3237 3483 non
3269 3427 3474 3496 patitur

1874 3515 1980 3573 hoc
2005 3517 2302 3573 existimari
2334 3519 2387 3574 in
2417 3518 2529 3575 Deo
2558 3519 2885 3574 minutarum
2909 3534 3092 3575 rerum
3122 3520 3472 3591 particulatas

1872 3611 2248 3682 cegitationes,
2283 3611 2407 3682 quia
2440 3611 2617 3669 omnis
2649 3610 2840 3667 horum
2869 3618 3194 3682 praeparatio
3231 3612 3348 3668 Deo
3394 3621 3482 3669 est

1877 3715 2169 3763 coaeterua.
2216 3704 2350 3761 Nam
2384 3705 2596 3761 tametsi
2629 3703 2822 3761 habeat
2860 3703 3322 3776 diSpcusationcm
3369 3705 3480 3771 sui,

1882 3799 2177 3857 secundum
2223 3797 2443 3869 Moysen
2491 3795 2647 3870 (Gen.
2698 3798 2763 3867 1),
2816 3797 3139 3852 ﬁrmamenti
3202 3796 3482 3864 solidatio,

1877 3892 2046 3947 aridae
2087 3890 2326 3958 nudatio,
2375 3890 2539 3944 maris
2570 3887 2937 3960 congregatio,
2972 3895 3241 3944 astrorum
3270 3888 3480 3945 consti-

1880 3987 2035 4052 tutio,
2079 3998 2337 4057 aquarum
2368 3991 2633 4053 terraeque
2663 3981 2715 4036 iu
2738 3980 3020 4052 ejiciendis
3049 3997 3115 4039 ex
3145 3997 3206 4039 se
3236 3981 3317 4056 (6)
3363 3981 3485 4040 ani-

1953 4149 2037 4218 (4)
2076 4148 2427 4205 Praescientia:
2454 4144 2742 4218 elﬁcientia.

1979 4220 2036 4277 5i
2076 4220 2145 4275 Et
2173 4220 2541 4275 decernentem.

1979 4222 2036 4293 5)
2076 4222 2145 4275 Et
2173 4222 2420 4275 decernen

1954 4222 2038 4366 $6)
2080 4291 2420 4347 Animalibus.

1878 4435 2062 4486 suerat
2088 4444 2122 4481 a
2146 4425 2246 4499 Dei
2280 4426 2358 4481 vel
2383 4425 2707 4499 prwscientia
2731 4424 2811 4481 vel
2837 4431 3103 4499 potestate.
3136 4425 3295 4499 Apud
3341 4427 3476 4487 Bad.

1877 4509 1933 4556 et
1965 4499 2081 4565 Er.,
2111 4498 2177 4555 ad
2206 4496 2303 4552 Dei
2322 4495 2406 4569 rvet
2434 4497 2961 4569 prtescientiam,etc.
3009 4495 3301 4569 Sequimur
3341 4517 3474 4560 mss.

1880 4572 1979 4627 ilic
2005 4572 2167 4627 rebus
2195 4568 2451 4636 conditis,
2496 4579 2756 4642 quantum
2793 4568 2857 4622 ad
2885 4568 3166 4625 scientiam
3199 4586 3263 4628 ac
3300 4581 3483 4642 potes-

151 4641 282 4703 alii.
306 4641 428 4717 illa
452 4641 702 4714 tempora.
737 4643 853 4699 Vat.
904 4644 1020 4700 ωε.
1054 4658 1122 4717 ac
1164 4641 1402 4710 Martin.,
1444 4647 1537 4702 illa
1563 4641 1773 4717 Vtempo—
1797 4642 1850 4703 D
1879 4651 2041 4699 tatetn
2074 4642 2170 4698 Dei
2199 4643 2413 4717 attinet,
2446 4641 2940 4717 negaturiuitium;
2975 4655 3131 4717 secus
3163 4658 3316 4707 vero,
3349 4645 3394 4700 si
3424 4647 3479 4702 in

149 4718 337 4773 raria.
389 4713 514 4769 Haec
558 4713 773 4770 rursum
812 4732 880 4771 ex
940 4715 1314 4771 hmreticorum
1362 4719 1628 4774 sententia
1677 4713 1773 4773 ex-

148 4792 534 4862 primuntur:
583 4802 705 4857 quae
752 4788 927 4862 verbo
960 4786 1145 4843 addito
1171 4788 1258 4861 .sic
1299 4787 1539 4859 planiora
1592 4790 1769 4846 fient:

157 4858 317 4917 Nam
340 4858 396 4912 id
422 4858 617 4923 volunt,
645 4869 702 4912 ut
731 4875 846 4912 cum
866 4858 981 4925 illa,
1012 4868 1118 4914 etc.

235 4930 336 5005 (1))Δ
368 4929 444 5005 lu_
476 4930 723 5000 vulgatis,
770 4930 1005 4985 doctrina
1047 4947 1163 4997 quae
1187 4931 1433 5001 loquitur.
1465 4930 1636 4989 Abest
1659 4947 1775 5004 qua:

150 5021 189 5061 a
216 5001 533 5075 potioribus
564 5012 693 5075 mss.

235 5073 318 5149 (ι’)
361 5073 493 5128 Batl.
523 5084 575 5149 et
605 5073 723 5149 En,
756 5084 802 5127 et
828 5076 1254 5149 res_c0gitationis
1297 5083 1439 5149 motu
1479 5074 1666 5149 subito.
1700 5074 1776 5133 U-

148 5143 271 5205 nus
296 5143 328 5201 e
354 5160 485 5218 mss.
523 5143 695 5218 vatio.
727 5143 1117 5218 ctthariin.,
1145 5156 1202 5201 ut
1239 5148 1624 5218 recogitatianis
1664 5163 1774 5201 mo-

151 5230 249 5276 tus
281 5233 302 5274 :
332 5216 530 5287 quibus
557 5215 736 5272 favent
764 5217 1035 5287 antiquior
1059 5216 1238 5286 Colb.,
1263 5215 1473 5277 eam.
1503 5218 1668 5275 Corb.
1708 5233 1775 5274 ac

149 5289 410 5367 plurimi
426 5289 540 5356 alii,
573 5289 625 5343 in
657 5288 851 5367 quibus
880 5299 1054 5345 exstat
1080 5306 1160 5345 res
1189 5291 1532 5367 cogitationis.

237 5360 332 5435 (ά)
366 5358 493 5416 Haec
532 5358 824 5435 reSpiciunt
849 5375 1090 5435 errorem
1119 5358 1270 5435 saepe
1290 5361 1358 5416 ab
1383 5361 1591 5435 Hilario
1622 5360 1775 5435 refu-

152 5433 368 5515 talum,
409 5447 509 5515 quo
536 5434 779 5515 fortuitis_
793 5433 1124 5515 concursibus
1153 5434 1290 5515 hunc
1320 5433 1498 5515 niundi
1520 5433 1773 5515 “habitum

150 5509 221 5563 in
271 5521 332 5560 se
356 5504 539 5577 coisse,
584 5515 735 5577 atque
762 5506 836 5559 ita
855 5520 922 5559 ea:
944 5505 1325 5577 inordinatione
1352 5507 1407 5560 in
1437 5504 1617 5560 ordine
1645 5521 1773 5559 con-

150 5578 386 5642 stitisse,
409 5576 618 5703 quid;th
648 5577 763 5632 ausi
791 5584 914 5632 sunt
941 5576 1168 5648 apinari,
1200 5585 1261 5633 ut
1286 5577 1523 5649 loquitur
1545 5578 1598 5632 itt
1632 5577 1768 5647 psal.

153 5663 399 5703 curm.
434 5663 488 5703 η.
559 5691 572 5703 .

153 5663 399 5710 CXLVIII.
434 5663 488 5704 η.
516 5663 572 5703 ο.

241 5720 320 5794 (ε)
362 5718 641 5794 Yetustior
689 5736 722 5777 e
766 5734 899 5778 mss.
951 5717 1108 5777 Colb.
1139 5734 1260 5776 cum
1310 5719 1525 5776 Martia.
1558 5735 1779 5776 comme-

155 5808 398 5851 πτοῖαι-ι.

243 5862 323 5939 (Ῑ)
350 5863 586 5937 Lipsius,
614 5863 755 5934 apud
788 5862 913 5919 Par.
944 5877 1055 5921 non
1077 5871 1374 5935 correctus,
1410 5879 1574 5940 prave
1614 5879 1775 5939 repo-

510 5962 786 6025 ΡΛτιιοι..
868 5960 951 6022 Χ.

1878 4732 1939 4772 se
1985 4723 2324 4787 spectantur.
2372 4712 2502 4787 Post
2541 4714 2803 4768 orationis
2834 4713 2979 4782 leges
3009 4713 3258 4771 videntur
3286 4726 3479 4787 postuo

1875 4787 1993 4844 lare
2020 4783 2200 4854 empta:
2224 4795 2278 4840 et
2306 4783 2581 4838 inchoatae.

1952 4855 2028 4928 (ῃ)
2055 4857 2146 4913 Sic
2175 4872 2303 4911 mss.
2338 4854 2481 4910 Editi
2506 4869 2880 4928 vero,_recen_s.

1955 4925 2035 5001 (Ii)
2086 4928 2251 4993 Editi,
2301 4936 2348 4980 et
2390 4925 2725 4998 prcescientia:
2769 4925 3035 4996 e/jicienlia
3076 4943 3095 4982 :

1881 5001 2199 5056 auctoritate
2228 5014 2360 5054 mss.

1952 5071 2017 5146 (ἱ)
2048 5072 2250 5146 Qmues
2279 5085 2445 5146 prope
2466 5084 2617 5146 _mss._
2647 5078 2693 5123 et
2718 5068 3096 5146 declamantem.

1951 5139 2023 5217 ('j)
2051 5142 2113 5217 ln_
2139 5139 2437 5217 exemplari
2464 5142 2681 5217 Martio.
2716 5139 2804 5196 hic
2834 5152 2889 5197 et
2920 5142 3075 5207 inl‘ra,
3114 5155 3440 5217 prteparanle
3460 5163 3483 5204 ,-

1878 5212 2286 5271 con'f'unduntnr
2326 5212 2515 5280 verba,
2563 5214 2761 5284 quibus
2804 5230 2909 5269 non
2963 5212 3122 5269 unam
3155 5212 3259 5272 vim
3293 5219 3482 5275 tribuit

1877 5286 2133 5342 Hilarius.
2176 5285 2310 5341 Nam
2358 5300 2597 5369 prtcparo
2636 5292 2896 5341 aeternam
2945 5300 3125 5372 rerum
3167 5286 3484 5372 dispositio-

1877 5373 2027 5426 nem,
2081 5357 2464 5429 temporariam
2519 5365 2699 5413 autem
2745 5356 3058 5412 earumdem
3112 5356 3482 5419 conditionem

1878 5447 2008 5502 paro
2040 5429 2139 5502 hic,
2150 5438 2330 5502 sonat.

1955 5501 2030 5575 (k)
2061 5501 2228 5569 Editi,
2260 5508 2497 5572 excepto
2546 5499 2700 5567 Bad.,
2730 5499 3176 5572 consultatnmque
3198 5514 3220 5557 :
3248 5503 3487 5563 reniten-

1880 5573 2024 5629 tibus
2056 5589 2190 5629 mss.

1957 5645 2021 5718 (ι)
2069 5645 2217 5716 Lips.
2263 5654 2329 5721 et_
2363 5644 2512 5707 Par.,
2543 5642 2747 5713 absque
2769 5642 2875 5699 ulla
2898 5643 3244 5721 auctoritate,
3277 5663 3486 5721 ρτωρα-

1883 5715 2184 5785 raretui'que
2235 5717 2451 5791 cretum;
2478 5724 2539 5791 et
2576 5730 2722 5791 mox,
2774 5715 3156 5791 continerentur
3192 5732 3213 5774 :
3259 5715 3314 5775 et
3364 5715 3487 5791 post

1886 5805 2052 5860 pauca
2080 5806 2149 5847 ex
2176 5788 2292 5845 sola
2332 5787 2541 5844 Erasmi
2590 5786 2933 5858 cenjectura,
2979 5787 3146 5859 [antes
3195 5786 3485 5865 manarent,

1886 5877 1985 5934 pro
2015 5871 2261 5919 mearent.

3138 4929 3480 5003 corriguntur
