3996 6330
568 320 680 380 465

1762 318 2012 378 SANCTI
2052 316 2307 378 lllLARll
2346 319 2654 379 EPISCOPI
3718 337 3794 399 ibi

571 453 797 509 operum
826 447 910 494 est
941 435 1244 509 professus.
1277 435 1507 493 Creatus
1532 442 1715 492 autem
1742 444 1829 493 est
1847 436 1901 492 in
1926 438 2042 492 vias
2068 437 2165 493 Dei
2193 439 2242 500 Α
2272 436 2478 494 tionem
2501 438 2709 495 scilicet
2739 436 2831 493 Dei
2869 446 2926 495 et
2955 445 3155 495 nostrm
3196 441 3510 501 aeternitatis
3537 450 3796 518 protectum.

572 546 603 584 a
631 531 835 586 sacculo
880 549 894 585 :
932 544 1055 586 eum
1085 528 1151 585 ad
1183 529 1602 600 conspicabilem
1641 529 1881 601 speciem
1924 529 2170 587 subditus
2274 530 2411 599 Quid
2443 530 2530 588 hic
2559 545 2701 588 nunc
2731 530 2847 588 haec
2892 530 3147 589 humanae
3173 535 3362 592 salutis
3400 537 3697 609 dispensatio
3722 556 3798 604 tam

571 634 862 691 creaturae,
894 622 1136 680 habitum
1164 622 1463 679 creationis
1492 622 1807 694 assumpsit.

643 716 735 773 46.
777 716 889 771 Vite
936 715 1035 772 Dei
1074 733 1107 771 a
1135 716 1347 785 saeculo,
1378 716 1572 788 species
1602 724 1787 771 creatae
1813 731 1845 769 ιι
1876 713 2045 770 Verbo
2086 730 2172 769 as-

573 820 813 882 sumpta.
845 806 951 864 Cur
987 810 1159 864 varias
1185 808 1537 880 assumpserit.
1565 796 1958 864 —7Videamus
1996 806 2175 879 itaque

569 904 629 961 in
657 917 789 974 quas
819 901 917 959 Dei
945 902 1058 959 vias
1079 944 1094 971 ,
1125 911 1179 958 et
1222 903 1275 958 in
1323 916 1443 973 qum
1490 917 1655 974 opera
1681 917 1711 957 a
1741 901 1957 957 saeculis
1992 908 2175 957 creata

573 999 681 1065 sit,
716 1006 841 1053 nata
883 1005 1013 1054 ante
1035 997 1235 1053 stccula
1278 1010 1345 1053 ex
1387 995 1502 1053 Deo
1539 996 1838 1067 Sapientia.
1868 995 2070 1052 Vocem
2098 992 2177 1069 (α)

576 1090 975 1147 deambulantis
1006 1090 1060 1145 in
1085 1089 1342 1162 paradiso
1367 1087 1539 1145 Adam
1561 1088 1767 1145 audivit
1793 1088 1946 1161 (Gen.
1976 1103 2068 1157 ιιι,
2094 1089 2174 1160 8).

578 1182 821 1239 Putasne
857 1181 1261 1238 deambulantis
1298 1185 1569 1237 incessum
1612 1180 1717 1237 nisi
1758 1180 1810 1235 in
1859 1182 2042 1253 specie
2091 1194 2181 1236 as-

575 1286 809 1348 sumpta:
855 1275 1149 1332 creationis
1187 1274 1430 1331 auditum
1462 1291 1476 1329 :
1510 1282 1570 1330 ut
1609 1275 1663 1330 in
1694 1273 1873 1346 aliqua
1904 1273 2182 1330 creatione

575 1369 1088 1444 Meconsiueret,
1103 1370 1194 1442 qui
1214 1368 1294 1442 (l)
1310 1368 1390 1442 (b)
1406 1370 1745 1425 inambulans
1760 1369 1920 1425 fuerit
1941 1369 2184 1425 auditus?

573 1465 693 1523 Non
735 1464 956 1538 requiro
985 1465 1163 1537 qualis
1191 1465 1259 1519 ad
1288 1462 1419 1520 Cain
1451 1474 1504 1520 et
1548 1463 1684 1521 Abel
1729 1473 1783 1521 et
1813 1462 1928 1520 Noe
1971 1465 2185 1521 locutus

574 1558 684 1624 sit,
716 1567 771 1614 et
791 1557 1119 1613 benedicens
1141 1571 1354 1628 quoque
1384 1555 1568 1611 Enoch
1596 1555 1667 1629 (ε)
1701 1556 1883 1627 qualis
1916 1556 2179 1614 adfuerit.

576 1650 815 1722 Angelus
858 1649 925 1706 ad
983 1650 1127 1722 Agar
1171 1649 1407 1721 loquitur
1440 1647 1608 1721 (Gen.
1656 1664 1782 1714 χιιι,
1830 1649 1886 1716 9,
1922 1649 2025 1722 l5)
2077 1667 2092 1705 :
2132 1661 2188 1707 et

577 1746 764 1817 utique
793 1744 936 1801 idem
958 1744 1102 1801 Deus
1130 1753 1235 1801 est.
1278 1742 1549 1814 Numquid
1591 1743 1792 1816 speciei
1823 1743 2068 1815 ejusdem
2100 1753 2188 1803 est

2276 627 2495 699 impiam
2548 636 2772 684 aeterna:
2818 628 3114 685 nativitatis
3143 628 3309 703 437
3336 635 3686 694 contumeliam
3721 659 3805 697 ιιιο-

2277 720 2451 778 litur?
2477 721 2694 779 Creatio
2737 723 2838 779 ista
2876 738 2905 778 a
2929 724 3145 781 saeculis
3166 733 3248 780 est
3281 742 3297 780 :
3325 737 3568 785 caeterum
3609 743 3713 790 ante
3731 751 3805 791 sa:-

2277 816 2396 871 cula
2428 816 2639 872 inﬁnita
2669 818 2922 875 nativitas
2953 828 3057 875 est.
3089 817 3209 876 Vim
3265 836 3395 878 sane
3441 823 3510 896 (f)
3558 841 3646 883 nos
3689 828 3806 887 dictis

2278 909 2474 967 alierre
2500 911 2792 975 contende,
2824 912 2868 967 si
2897 900 3162 984 PrOpheta
3187 956 3202 980 ,
3242 914 3286 971 si
3323 915 3607 986 Dominus,
3642 919 3680 974 si
3701 919 3808 992 Apo-

2279 1004 2452 1061 stolus
2476 1046 2490 1072 ,
2532 1003 2581 1060 si
2604 1019 2787 1061 sermo
2815 1006 2962 1062 ullus
2990 1006 3056 1063 ad
3084 1005 3382 1065 divinitatis
3422 1018 3630 1068 πίει-πω
3662 1013 3810 1070 nativi-

2283 1103 2446 1153 tatem
2491 1109 2756 1154 creatura:
2784 1099 2972 1156 retulit
2998 1114 3216 1157 nomen.
3249 1101 3305 1158 ln
3334 1100 3415 1159 his
3449 1104 3584 1161 enim
3619 1107 3812 1165 omnibus

2284 1189 2427 1247 Deus
2450 1234 2466 1259 ,
2496 1192 2585 1263 qui
2610 1192 2749 1264 ignis
2777 1208 3104 1251 consumens
3133 1206 3216 1252 est
3238 1239 3253 1265 ,
3292 1196 3362 1253 ita
3393 1209 3598 1256 creatus
3619 1200 3756 1272 inest,
3775 1211 3816 1260 ut

2283 1285 2615 1343 creationem
2644 1302 2704 1343 ea
2734 1287 2938 1346 virtute
2960 1306 3064 1362 qua
3091 1293 3388 1365 assumpsit
3410 1294 3696 1355 absumeret
3716 1317 3727 1352 :
3746 1315 3813 1371 po-

2288 1389 2406 1437 tens
2435 1380 2657 1439 abolere
2701 1398 2913 1440 rursum
2935 1426 2951 1453 ,
2981 1386 3125 1457 quod
3153 1395 3360 1443 tantum
3408 1389 3474 1445 ad
3502 1404 3697 1447 causam
3720 1409 3817 1450 εοιι⁴

2288 1472 2657 1544 templationis
2688 1476 2991 1533 exstiterat.

2359 1563 2450 1621 48.
2470 1563 2731 1622 Christum
2754 1576 2810 1624 ut
2834 1568 3089 1627 hominem
3113 1571 3244 1629 dixit
3269 1571 3474 1632 Paulus
3500 1575 3694 1648 factum.
3715 1577 3819 1634 Dicit

2288 1669 2334 1714 et
2359 1662 2898 1720 creatum—Beatam
2924 1675 3107 1723 autem
3152 1667 3299 1725 illam
3320 1678 3378 1727 et
3397 1686 3577 1727 veram
3603 1684 3818 1743 concepta:

2289 1751 2428 1808 intra
2450 1754 2710 1827 virginem
2735 1756 2917 1813 carnis
2944 1759 3302 1831 nativitatem,
3326 1763 3454 1835 quia
3488 1772 3595 1820 tum
3623 1774 3820 1822 creatura

578 1852 702 1894 cum
724 1837 950 1910 angelus
978 1837 1211 1904 videtur,
1233 1835 1390 1908 cujus
1418 1835 1580 1893 estin
1604 1851 1670 1893 ea
1690 1846 1880 1892 natura
1897 1852 1999 1909 qua
2034 1838 2177 1894 Deus
2207 1845 2256 1909 Β
2285 1854 2483 1902 nostra:
2523 1855 2580 1903 et
2626 1858 2833 1906 natura:
2877 1861 2932 1908 et
2967 1853 3175 1924 species
3218 1857 3560 1925 nascebatur,
3589 1868 3819 1916 creaturam

580 1933 696 1988 est?
721 1931 888 1989 Certe
915 1931 1129 2003 species
1155 1930 1336 2003 angeli
1367 1930 1677 1987 ostenditur
1701 1972 1714 1995 ,
1748 1931 1838 1987 ubi
1867 1941 2056 2002 postea
2088 1932 2183 1988 Dei

581 2036 773 2085 natura
797 2033 1151 2084 memoratur.
1179 2025 1287 2082 Sed
1313 2024 1441 2098 quid
1464 2024 1537 2081 de
1560 2026 1755 2097 angelo
1776 2024 1988 2081 dicam?
2011 2024 2186 2082 Homo

578 2121 648 2177 ad
673 2119 947 2179 Abraham
979 2118 1129 2175 venit
1176 2117 1332 2192 (Cen.
1361 2133 1492 2174 xvm
1516 2161 1531 2183 ,
1559 2117 1640 2192 2).
1682 2118 1952 2189 Numquid
1990 2134 2187 2177 secun-

578 2216 710 2273 dum
741 2215 1014 2272 hominem
1047 2215 1102 2269 in
1147 2211 1439 2270 creationis
1477 2212 1633 2269 istius
1689 2211 1877 2270 habitu
1931 2210 2186 2271 Christus

586 2310 714 2367 talis
742 2309 986 2375 assistit,
1019 2308 1194 2379 qualis
1223 2316 1279 2364 ct
1305 2308 1447 2364 Deus
1471 2306 1590 2363 est?
1633 2305 1714 2380 (2)
1756 2306 1862 2365 Sed
1893 2307 2056 2365 homo
2098 2310 2179 2365 lo.

585 2406 769 2480 quitur
794 2449 809 2475 ,
837 2415 893 2463 et
911 2420 1142 2478 corpore
1169 2404 1411 2470 assistit,
1439 2412 1497 2460 et
1523 2403 1648 2459 cibo
1685 2403 1849 2459 alitur
1874 2423 1886 2458 :
1911 2414 2187 2460 verumta-

583 2516 708 2557 men
737 2501 882 2556 Deus
910 2498 1187 2555 adoratur.
1239 2497 1398 2553 Certe
1428 2497 1518 2567 qui
1564 2506 1689 2552 ante
1726 2498 1953 2569 angelus
1984 2540 1999 2564 ,
2042 2513 2188 2555 nunc

584 2592 746 2648 etiam
800 2590 965 2648 homo
991 2598 1075 2647 est
1100 2608 1114 2644 :
1140 2604 1209 2645 ne
1238 2588 1539 2643 naturalem
1572 2587 1711 2644 hanc
1753 2603 1873 2645 esse
1923 2588 2016 2644 Dei
2063 2604 2187 2661 spe—

581 2687 725 2744 ciem
752 2684 1039 2742 diversitas
1065 2684 1224 2755 hujus
1258 2684 1431 2756 ipsius
1456 2693 1745 2753 assumptm
1775 2682 2071 2740 creationis
2097 2699 2191 2755 pa-

585 2790 798 2837 teretur
838 2778 1085 2850 intelligi.
1116 2777 1480 2835 Adestantem
1509 2775 1576 2832 ad
1600 2775 1768 2833 Jacob
1808 2776 1972 2833 etiam
2017 2791 2189 2848 usque

592 2873 659 2930 ad
683 2873 841 2928 lucta:
865 2870 1211 2941 complexum
1242 2871 1296 2925 in
1340 2867 1529 2925 habitu
1580 2870 1816 2925 humano
1841 2911 1856 2940 ,
1887 2880 1941 2926 et
1969 2886 2187 2926 manum

588 2965 833 3022 conserit
852 3007 866 3030 ,
891 2972 945 3021 et
969 2962 1227 3020 membris
1254 2962 1466 3030 nititur,
1493 2970 1551 3018 et
1577 2960 1840 3019 lateribus
1871 2962 2188 3027 inﬂectitur.

588 3067 647 3116 et
688 3058 739 3114 in
769 3056 920 3113 omni
961 3065 1110 3112 motu
1156 3064 1344 3112 nostro
1384 3056 1708 3124 incessuque
1750 3055 2000 3111 consistit
2024 3054 2187 3122 (Gen.

2287 1946 2344 1994 et
2362 1937 2618 1995 facturam
2644 1944 2933 2013 Apostolus
2958 1948 3346 2007 nominavit.Et
3366 1960 3515 2008 certe
3534 1967 3646 2009 cum
3672 1970 3724 2011 eo
3743 1954 3818 2028 (se-

2286 2034 2518 2090 cundum
2534 2037 2684 2107 eum)
2708 2055 2848 2095 vera:
2866 2041 3159 2097 secundum
3177 2043 3452 2102 [nominem
3469 2047 3727 2103 nativitatis
3743 2048 3816 2105 hoc

2286 2142 2481 2185 nomen
2501 2138 2603 2212 est,
2627 2145 2749 2186 cum
2773 2132 2847 2188 ait
2888 2148 2908 2187 :
2942 2133 3005 2188 At
3029 2134 3114 2189 ubi
3140 2137 3270 2191 venit
3299 2137 3597 2211 adimpletio
3616 2141 3815 2212 temporis,

2286 2223 2426 2276 misit
2452 2208 2592 2279 Deus
2621 2225 2786 2295 [ilium
2833 2245 2984 2283 suum
3014 2229 3208 2300 factum
3228 2232 3303 2313 de
3312 2236 3555 2303 muliere,
3576 2235 3813 2306 [actutum

2286 2315 2418 2387 lege,
2449 2326 2503 2371 ut
2528 2333 2612 2372 eos
2634 2318 2721 2390 qui
2745 2318 2838 2376 sub
2880 2320 2991 2392 lege
3016 2333 3132 2378 sunt
3162 2322 3451 2395 redimeret,
3480 2338 3534 2383 nt
3557 2329 3817 2399 adoptionem

2287 2407 2520 2478 filiorum
2550 2408 2630 2484 (g)
2658 2429 3078 2484 consequeremur
3110 2415 3349 2489 (Cal.1v,
3385 2418 3468 2493 ι).
3515 2420 3668 2477 Filius
3698 2422 3823 2493 itaque

2287 2515 2417 2558 suus
2440 2513 2542 2571 est,
2574 2504 2662 2574 qui
2693 2514 2778 2561 est
2803 2505 2855 2561 in
2885 2505 3104 2565 homine
3127 2519 3179 2565 et
3201 2525 3268 2567 ex
3291 2512 3517 2570 homine
3543 2513 3821 2581 iacturam.

2287 2611 2393 2668 que
2424 2595 2624 2653 iactura
2658 2608 2887 2665 tantum,
2932 2601 3027 2658 sed
3059 2604 3222 2659 etiam
3246 2615 3522 2677 creatura,
3561 2616 3616 2663 ut
3640 2608 3820 2665 dicitur:

2289 2688 2437 2746 Sicut
2463 2700 2536 2747 est
2564 2692 2747 2747 veritas
2774 2694 2827 2747 in
2851 2692 2885 2748 J
2892 2711 2999 2764 esu,
3023 2696 3277 2767 deponere
3314 2716 3406 2755 eos
3447 2699 3703 2756 secundum
3725 2705 3825 2772 prie-

2289 2798 2399 2837 rem
2428 2785 2859 2841 conversationem
2910 2796 3122 2844 veterem
3171 2789 3437 2847 hominem
3484 2809 3614 2859 eum,
3640 2792 3713 2865 qui
3742 2808 3822 2846 cor-

2289 2876 2546 2947 rumpitur
2572 2878 2851 2933 secundum
2871 2883 3310 2951 concupiscentias
3347 2885 3672 2958 deceptionis.
3709 2884 3826 2941 lano-

2290 2972 2482 3026 vamini
2527 2982 2698 3026 autem
2745 2973 2933 3043 spiritu
2976 2993 3155 3032 sensus
3192 2978 3372 3047 vestri,
3407 2989 3457 3036 et
3485 2980 3668 3036 induite
3688 2994 3823 3035 norunt

2293 3066 2549 3120 hominem
2578 3083 2714 3134 eum,
2743 3067 2833 3139 qui
2860 3070 3139 3125 secundum
3162 3069 3331 3127 Deum
3354 3082 3560 3131 creatus
3579 3082 3644 3131 est
3661 3071 3824 3147 (Ephes.

589 3169 777 3219 χχιιι,
806 3151 925 3224 24).
956 3151 1063 3210 Sed
1097 3149 1237 3207 idem
1281 3161 1470 3221 postea
1505 3158 1563 3205 et
1584 3148 1751 3222 Moysi
1781 3164 1902 3205 esse
1933 3149 2073 3221 ignis
2103 3164 2192 3205 os-
2293 3172 2368 3222 tv,
2396 3158 2461 3214 ει
2495 3168 2540 3214 et
2555 3163 2742 3231 δείνῳ).
2778 3161 3085 3219 lnduendus
3108 3164 3286 3237 itaque
3308 3182 3490 3224 novus
3507 3167 3828 3232 bomoilleest,

594 3248 838 3304 tenditur
869 3246 1067 3320 (Exodi
1093 3261 1154 3301 ιιι
1172 3287 1188 3314 ,
1210 3244 1271 3318 2)
1296 3265 1308 3299 :
1336 3255 1396 3301 ut
1422 3253 1629 3300 naturae
1649 3253 1845 3302 creatm
1870 3255 1981 3300 tum
2009 3243 2189 3318 potius
2217 3238 2264 3304 C
2293 3251 2381 3323 qui
2404 3253 2700 3310 secundum
2734 3255 2900 3311 Deum
2929 3269 3146 3317 creatus
3176 3271 3280 3318 est.
3307 3261 3418 3332 Qui
3444 3263 3586 3320 enim
3611 3271 3712 3320 erat
3730 3260 3830 3317 ﬁlias

589 3340 658 3396 ad
695 3339 933 3411 speciem
959 3380 975 3405 ,
1023 3352 1184 3410 quam
1241 3336 1309 3393 ad
1358 3337 1718 3392 substantiam
1760 3344 2002 3404 naturae,
2030 3337 2191 3395 ﬁdem

597 3432 860 3489 disceres.
894 3430 1093 3485 llabuit
1117 3438 1227 3485 tum
1258 3429 1309 3484 in
1344 3443 1404 3485 se
1431 3437 1758 3499 potestatem
1785 3429 2151 3502 conflagrandi
2175 3473 2192 3497 ,

594 3539 708 3581 non
761 3531 943 3579 tamen
991 3522 1293 3578 naturalem
1322 3521 1621 3591 suscipiens
1663 3522 1854 3579 urendi
1902 3525 2197 3580 necessita-

594 3625 705 3674 tem
738 3633 752 3671 :
782 3616 905 3688 quia
933 3615 1055 3671 sine
1083 3613 1203 3671 rubi
1243 3613 1443 3672 damno
1472 3613 1823 3687 conﬂagratio
1863 3616 2003 3689 ignis
2028 3632 2198 3689 appa-

596 3712 729 3768 ruit.

669 3802 762 3859 47.
810 3802 939 3860 Sine
981 3801 1283 3858 aeternitatis
1325 3802 1515 3858 damno
1541 3805 1835 3875 assumpsit.
1893 3803 1975 3861 Ea
2015 3805 2199 3864 virtute

598 3911 702 3967 qua
736 3893 1053 3968 assumpsit,
1082 3893 1383 3967 absumpsit.
1410 3926 1481 3935 —
1506 3895 1676 3952 Curre
1706 3910 1804 3967 per
1832 3906 2077 3970 tempora
2104 3943 2118 3967 ,
2144 3912 2201 3957 et

601 3988 847 4061 intellige
874 3986 1050 4059 qualis
1078 3986 1226 4043 visus
1251 3987 1354 4055 sit,
1398 3987 1480 4044 vel
1510 3986 1638 4044 Jesu
1670 3988 1819 4046 Nave
1848 3991 2084 4047 nominis
2113 3992 2197 4048 sui

598 4081 904 4154 prophetae,
928 4081 1016 4138 vel
1038 4080 1213 4138 Esaia:
1243 4082 1403 4138 etiam
1431 4096 1553 4137 cum
1578 4081 1760 4156 (Joan.
1790 4098 1894 4151 xu,
1924 4082 2019 4158 4i)
2044 4101 2202 4143 evan-

593 4174 771 4247 gelico
800 4173 1112 4231 testimonio
1140 4174 1313 4229 visum
1342 4174 1657 4244 praedicanti
1688 4218 1702 4243 ,
1727 4178 1811 4232 vel
1842 4177 1927 4251 (5)
1950 4176 2030 4251 (d)
2061 4178 2200 4236 Eze-

601 4266 764 4324 chieli
793 4281 964 4338 usque
983 4266 1049 4321 ad
1074 4267 1460 4322 conscientiam
1490 4270 1905 4330 resurrectionis
1925 4281 2204 4345 assumpto

595 4356 816 4432 (Ezeeh.
848 4356 1084 4427 xxxvii),
1112 4358 1196 4415 vel
1227 4357 1431 4415 Danieli
1455 4361 1686 4418 hominis
1716 4363 1879 4421 lilium
1912 4365 1967 4421 itt
1999 4377 2206 4424 artemo

601 4452 929 4511 seculorum
978 4466 1145 4521 regno
1171 4454 1447 4509 conﬁtenti
1476 4453 1638 4527 (Dan.
1667 4471 1765 4525 vn,
1818 4459 1904 4525 l5,
1955 4461 2072 4531 14),
2102 4477 2208 4519 cac-

600 4546 841 4619 terisque
882 4547 1038 4615 aliis,
1067 4547 1264 4618 quibus
1307 4546 1450 4603 sein
1485 4549 1666 4607 habitu
1710 4552 1873 4609 vat-im
1917 4556 2208 4612 creationis

2298 3348 2416 3415 Dei,
2445 3359 2600 3406 natus
2628 3361 2744 3407 erat
2774 3361 2829 3409 ct
2859 3352 2998 3410 illius
3020 3353 3276 3413 hominis.
3305 3358 3448 3426 Quia
3475 3375 3581 3416 non
3602 3354 3831 3415 divinitatis

2296 3451 2414 3498 erat
2460 3444 2732 3513 nativitas,
2770 3447 2867 3504 sed
2910 3457 3157 3506 creatura
3189 3451 3409 3519 carnis;
3454 3452 3832 3526 signiﬁcationem

2295 3537 2377 3593 sui
2404 3539 2621 3611 generis
2666 3540 2876 3610 accepit
2918 3558 3089 3601 novus
3142 3544 3326 3612 homo,
3377 3548 3663 3605 secundum
3703 3553 3831 3601 natum

2297 3642 2425 3688 ante
2453 3633 2653 3689 saecula
2683 3633 2851 3691 Deum
2877 3644 3117 3694 creatus.
3163 3638 3231 3695 Et
3267 3654 3369 3696 cur
3410 3640 3691 3698 secundum
3715 3638 3833 3695 Deum

2299 3722 2464 3779 homo
2505 3741 2678 3782 novus
2719 3738 2934 3786 creatus
2971 3739 3155 3800 esset,
3183 3733 3433 3791 ostendit
3473 3735 3737 3792 secundum
3756 3731 3837 3787 bat

2299 3818 2560 3889 adjiciens
2592 3838 2607 3875 :
2641 3818 2706 3876 In
2719 3823 2952 3895 justitia,
2974 3836 3022 3881 et
3049 3827 3339 3897 sanctitate,
3395 3839 3447 3887 et
3484 3829 3680 3886 veritate
3708 3821 3835 3899 (lbitl.

2299 3909 2415 3982 24).
2452 3912 2621 3969 Dolus
2648 3914 2792 3970 enim
2818 3915 2873 3971 in
2897 3932 2962 3974 eo
3018 3935 3126 3976 non
3166 3921 3265 3977 fuit
3295 3939 3309 3976 :
3339 3932 3404 3979 et
3442 3925 3610 3981 factus
3633 3931 3706 3979 est
3727 3916 3836 3976 nobis
3934 3909 3935 3987 ἲ

2298 4003 2507 4075 iustitia
2533 4015 2587 4062 et
2611 4007 2987 4075 sanctificatio,
3018 4018 3074 4067 et
3098 4012 3214 4085 ipse
3242 4025 3325 4072 est
3345 4017 3576 4074 veritas.
3598 4015 3729 4074 Hunc
3748 4023 3836 4083 emo

2304 4096 2600 4169 Christum,
2628 4102 2719 4173 qui
2746 4104 3044 4162 secundum
3091 4107 3258 4165 Deum
3288 4126 3470 4169 novus
3490 4111 3644 4170 homo
3661 4116 3836 4169 creatur.

2307 4191 2600 4250 induimur.
2635 4192 2753 4268 [(4)
2784 4195 2864 4269 (h)
2892 4198 3199 4256 Secundum
3227 4202 3402 4261 Deum
3440 4216 3615 4264 autem
3645 4211 3837 4261 creatur:

2308 4284 2431 4356 quia
2456 4286 2752 4343 secundum
2786 4290 2878 4345 Dei
2899 4291 3192 4364 justitiam,
3231 4306 3291 4355 et
3323 4298 3839 4362 satictiﬁcationem,el

2309 4377 2590 4433 veritatem
2619 4377 2783 4437 homo
2809 4385 3018 4452 peccati
3049 4388 3267 4444 nescius
3294 4402 3387 4448 est
3412 4388 3668 4465 creatus]

2382 4468 2474 4527 49.
2534 4468 2736 4528 Creatio
2782 4476 3035 4533 nativitati
3068 4489 3274 4536 (sternte
3322 4484 3501 4556 nequit
3537 4478 3756 4557 ἀφίησί.
3793 4499 3841 4516 ·-⁴

2313 4561 2376 4636 (i)
2393 4560 2450 4618 Si
2475 4561 2636 4635 igitur
2653 4564 2951 4637 Sapientia,
2970 4585 3268 4630 memorem
3295 4589 3359 4632 se
3385 4593 3577 4633 eorum
3606 4587 3711 4649 qute
3731 4585 3755 4628 ι
3774 4582 3843 4627 ετ·
3934 4572 3935 4605 ‘

618 4639 844 4712 ngessit,
894 4637 966 4711 (e)
1021 4637 1080 4695 in
1108 4640 1221 4695 vias
1255 4640 1346 4696 Dei
1388 4649 1444 4697 et
1480 4641 1534 4697 in
1563 4657 1728 4715 opera
1771 4645 1900 4714 Dei,
1927 4646 1993 4705 ad
2021 4651 2209 4721 cogni-
2237 4647 2292 4708 D
2316 4656 2438 4714 culo
2465 4669 2615 4730 gesta
2640 4669 2767 4717 sunt
2789 4661 2998 4732 dicens,
3028 4665 3080 4722 in
3107 4682 3270 4739 opera
3319 4668 3491 4745 438
3535 4637 3638 4728 θεῖ’
3658 4661 3843 4741 atquein

710 4773 758 4832 ll
800 4772 1199 4832 Inambulantis.

710 4775 726 4829 I
800 4773 1180 4831 Inambulantis

676 4773 761 4919 (ἢ)
804 4846 910 4904 Sed
934 4856 983 4901 et
1008 4849 1182 4903 homo.

597 4988 944 5060 admonendos
969 5029 985 5056 ,
1015 4997 1071 5041 ut
1100 4988 1193 5044 alii
1237 4989 1306 5043 ad
1331 4991 1550 5048 salutem
1592 5009 1742 5048 suam
1770 4997 2028 5053 crederent
2048 5039 2061 5060 .
2103 5002 2198 5056 alii

597 5057 670 5111 ad
693 5075 893 5142 poenam
923 5076 1203 5146 snamnon
1228 5062 1521 5146 crederent,
1553 5065 1663 5146 ipse
1688 5068 1859 5146 utique
1894 5057 2195 5146 (Christus)

598 5146 701 5213 non
732 5132 785 5183 in
804 5147 973 5195 carne,
1006 5130 1172 5213 seldnin
1200 5133 1380 5213 spiritu
1405 5130 1633 5213 vettieb'at
1649 5181 1664 5205 ,
1690 5130 1820 5213 uisis
1843 5130 2084 5213 congruis
2105 5130 2192 5197 al:

598 5200 811 5281 loquens
835 5202 1181 5281 quoseolchat
1202 5200 1236 5268 ,’
1258 5204 1400 5281 sicut
1436 5200 1660 5281 uolebat.
1690 5200 1982 5281 Utriusque
2033 5213 2195 5281 hujus

597 5271 1019 5398 dispetis’ationis
1043 5273 1343 5346 elegantem
1389 5276 1554 5332 habes
1589 5271 2051 5350 comparationem
2096 5271 2191 5343 lib.

597 5357 653 5398 v.
682 5360 736 5397 ιι.
845 5386 859 5398 .

596 5357 653 5408 v,
682 5360 736 5397 ιι.
768 5357 859 5399 17.

670 5412 747 5487 (ιι)
793 5415 846 5487 lu
877 5414 1087 5487 duobus
1112 5430 1268 5487 mss,
1294 5415 1391 5487 Dei
1421 5416 1816 5476 deambulantis.

666 5485 746 5553 (b)
787 5485 1069 5557 Antiquior
1094 5485 1266 5542 codex
1302 5486 1457 5543 Coll).
1504 5504 1627 5545 cum
1658 5491 1871 5547 Martin.
1904 5501 1957 5550 ct
2002 5495 2187 5553 Germ.

593 5550 1066 5632 [attenteﬁemigq
1096 5558 1149 5611 in
1170 5560 1478 5632 ambulantis
1500 5577 1518 5614 :
1539 5577 1641 5632 non
1668 5562 1921 5632 displicet
1938 5550 2033 5623 sici
2051 5550 2187 5624 duo;

593 5623 698 5706 bus
719 5625 894 5706 verbis
915 5669 929 5694 ,
958 5623 1018 5682 ut
1041 5644 1141 5706 vox
1167 5630 1337 5706 specie
1364 5629 1523 5706 tacita
1554 5623 1910 5706 intelligatur.

781 5695 928 5773 idem
954 5699 1126 5773 codex
1158 5693 1339 5767 Colb.,
1358 5702 1533 5773 gnatis
1562 5693 1742 5773 fuerit:

634 5766 847 5892 “(gain
877 5768 1146 5839 plerisque
1171 5786 1298 5829 mss.
1310 5766 1333 5840 ,⁷
1351 5766 1654 5843 Ezechielo,
1685 5785 1741 5832 et
1772 5789 1900 5834 mox
1923 5818 1941 5844 ,
1969 5780 2050 5837 uel
2077 5779 2188 5838 Da-

2395 4791 2480 4938 (5)
2519 4792 2577 4849 In
2606 4795 2796 4853 codice
2824 4797 3024 4858 Veron.
3056 4794 3317 4874 Eseeielo;
3351 4818 3572 4878 postea,

2420 4866 2476 4938 4)
2516 4865 2738 4927 Uncinis
2769 4870 2976 4929 inclusa
3005 4875 3176 4933 codex
3206 4893 3426 4938 unoaue
3450 4890 3631 4938 noster
3651 4876 3795 4934 oatin

2420 4866 2476 4941 4)
2516 4865 2738 4927 Uncinis
2769 4870 2976 4929 inclusa
3005 4875 3176 4933 codex
3206 4865 3426 4950 quoque
3450 4865 3631 4938 nosier
3651 4874 3818 4934 omittit.

2379 5002 2450 5087 (e)
2497 5004 2732 5090 Verbum
2764 5009 2976 5090 iitgessit
3008 5013 3059 5090 in
3092 5030 3194 5071 ms.
3220 5015 3437 5090 Remig.
3473 5018 3560 5076 hic
3599 5013 3811 5090 reuelli?!
3829 5023 3841 5060 τ

2303 5075 2455 5157 cuius
2486 5075 2976 5157 repetitionis'_loco
3029 5087 3080 5140 in
3133 5103 3265 5143 mss.
3314 5075 3440 5146 Vaut.
3468 5075 3583 5147 bas.
3605 5130 3622 5157 ,
3644 5075 3841 5157 limina

2302 5146 2459 5232 Coll).
2490 5157 2545 5203 ct
2573 5149 2807 5232 Sorbet].
2844 5154 3071 5212 habetur
3092 5199 3106 5224 ,
3139 5158 3369 5215 incessit.
3406 5146 3530 5218 Mox
3579 5146 3844 5232 θῇιιάλίιίβι

2302 5228 2355 5273 et
2379 5218 2585 5304 [Dan-et
2608 5223 2974 5304 cognitionem,
3000 5218 3103 5299 pro
3130 5232 3201 5283 ad
3227 5233 3576 5304 cognitionem
3595 5218 3772 5299 ξιιιιιε.

2374 5288 2446 5363 (1)
2498 5288 2829 5376 Apud-{Pan
2863 5288 3125 5376 omissum
3153 5288 3415 5371 erat'itos,
3438 5288 3751 5376 suffragante
3781 5307 3847 5351 vt-

2302 5368 2419 5416 tere
2450 5377 2550 5416 ms.
2575 5364 2729 5419 Colb.
2763 5381 2883 5421 cum
2907 5367 3096 5426 Germ.

2370 5431 2449 5504 (ϐ)
2490 5432 2545 5488 Ῑιι
2580 5450 2685 5514 ιιῃρ
2713 5452 2815 5493 m9.
2845 5422 3007 5514 ςοῑιὶζ
3023 5422 3092 5497 εἴ
3108 5443 3282 5502 altero
3334 5444 3596 5514 Sorbon.,
3619 5452 3843 5513 εοιιιαιιι·
3934 5422 3935 5431 χ

2298 5518 2470 5558 remur
2496 5522 2589 5575 per
2609 5505 2763 5574 ﬁdem
2791 5524 2812 5564 :
2835 5510 3224 5572 dissidentibus
3267 5516 3391 5575 aliis
3438 5505 3594 5577 libris
3629 5532 3687 5573 ac
3731 5505 3845 5571 sic”

2299 5581 2446 5630 textu
2477 5590 2655 5646 grtuco
2688 5589 2741 5633 et
2780 5579 2971 5638 latino.

2370 5646 2631 5736 (Piguit:
2655 5651 2869 5736 uncinis
2922 5655 3292 5736 includuntur,
3327 5659 3584 5736 omittunt
3617 5672 3725 5719 eum
3934 5708 3935 5717 χ

2296 5712 2410 5796 Bait
2416 5712 2545 5796 {om
2549 5734 2642 5776 nes
2661 5734 2794 5778 mss.
2812 5741 2920 5782 uno
2935 5712 3844 5796 0011)ξᾶἓιῙίὲιό-έδὲῖιδιιίᾶἒουιὲε·

2369 5787 2635 5875 (illius.
2689 5802 2751 5875 et
2786 5795 2946 5869 Pan,
2978 5798 3071 5856 Sic
3101 5787 3307 5875 igitur}
3335 5787 3683 5862 renitentibus
3720 5787 3844 5861 Bitia

2293 5856 2389 5915 Er.
2417 5856 2477 5918 et
2506 5856 2641 5919 mss.
2678 5868 2757 5939 ag
