3996 6330
155 294 268 351 465

1375 303 1464 360 DE
1503 302 1880 365 TRINI'I‘ATE
1919 307 2124 367 LIBER
2162 311 2275 368 ΧΙΙ.

3363 321 3470 378 466

157 415 278 471 vias
303 415 397 474 Dei
428 424 664 473 creatam
694 431 815 473 esse
861 431 921 472 se
969 417 1144 485 dixit;
1185 426 1348 491 atque
1389 419 1462 475 ita
1503 430 1765 491 creatam,
1796 425 1845 486 Α
1875 439 2014 480 unus
2033 439 2099 482 ex
2126 442 2267 494 uno;
2297 428 2392 484 sed
2423 429 2488 485 ad
2517 428 2893 502 impiissimum
2937 444 3156 488 sensum
3182 473 3197 499 ,
3229 446 3298 488 ne
3327 431 3470 490 Deus

157 519 217 564 ut
248 507 530 566 fundatam
573 526 634 566 se
669 524 797 567 ante
841 511 1044 568 swcula
1084 510 1344 581 doceret,
1372 529 1442 570 ne
1471 526 1764 586 assumpta:

159 602 306 658 illius
331 602 478 659 varie
499 618 564 659 ac
593 603 903 676 frequenter
929 605 1224 662 creationis
1251 619 1649 664 sacramentum
1672 609 1768 666 de-

158 705 409 754 mutasse
429 707 672 753 naturam
699 697 994 765 videretur,
1025 714 1148 755 cum
1188 699 1516 756 lundationis
1541 702 1768 759 ﬁrmitas

160 789 504 845 convellendi
533 797 704 848 status
733 806 840 846 non
875 791 1142 861 reciperet
1171 793 1669 862 perturbationem;
1713 805 1771 851 at

160 897 296 938 vero
344 898 414 938 ne
458 882 700 940 fundatio
725 884 870 940 aliud
897 885 1186 957 quidquam
1231 903 1392 958 quam
1436 889 1768 946 nativitatem

166 974 451 1033 videretur
480 977 795 1047 omendere,
827 988 952 1036 ante
975 980 1154 1034 onmia
1187 980 1428 1051 professa
1463 993 1546 1038 est
1569 998 1689 1038 esse
1709 998 1769 1040 se

160 1070 446 1141 genitam:
477 1085 621 1127 nunc
660 1086 788 1127 vero
831 1084 927 1127 cur
972 1073 1176 1129 creatio
1203 1072 1271 1128 ad
1305 1075 1638 1132 nativitatem
1677 1077 1772 1132 de-

162 1172 406 1234 putatur,
435 1179 556 1220 cum
585 1179 705 1236 qua:
731 1164 914 1236 genita
959 1175 1086 1221 ante
1123 1167 1306 1221 omnia
1350 1177 1456 1233 est,
1508 1169 1620 1239 ipsa
1649 1167 1773 1224 lun-

161 1255 291 1312 data
329 1265 455 1312 ante
499 1256 697 1313 saecula
748 1266 861 1326 est;
903 1273 1024 1329 qua:
1066 1267 1246 1315 autem
1275 1259 1493 1316 fundata
1521 1270 1646 1318 ante
1672 1278 1775 1318 sa:-

163 1350 350 1406 culum
379 1359 483 1420 est,
513 1365 577 1407 ea
607 1350 722 1422 ipsa
753 1351 810 1407 in
833 1351 1045 1411 initium
1074 1353 1282 1408 viarum
1315 1353 1410 1410 Dei
1440 1362 1496 1410 et
1521 1354 1574 1409 in
1605 1370 1773 1426 opera

163 1444 286 1516 ejus
308 1452 486 1502 creata
507 1459 539 1500 a
560 1445 777 1503 sarculis
805 1455 886 1502 est
915 1464 928 1502 :
961 1455 1018 1503 ut
1042 1448 1249 1504 creatio
1269 1463 1300 1504 a
1321 1448 1535 1504 saeculis
1555 1447 1775 1507 diﬂ‘erre

163 1539 558 1613 intelligeretur
591 1539 661 1596 ab
695 1556 782 1606 ea,
819 1556 940 1613 quae
967 1550 1096 1598 ante
1139 1541 1337 1599 saecula
1380 1552 1436 1599 et
1478 1558 1599 1614 quae
1647 1553 1776 1602 ante

162 1634 420 1691 universa
452 1633 710 1691 nativitas
732 1643 839 1690 est.
863 1633 979 1691 Non
1005 1633 1167 1691 habet
1191 1634 1277 1709 (l)
1304 1635 1496 1692 saltem
1521 1635 1775 1709 impietas

159 1727 404 1794 veniant,
425 1736 480 1784 ut
512 1727 814 1799 prtetendat
834 1727 1129 1799 impietatis
1149 1743 1410 1785 errorem.

1865 518 2096 573 naturali
2127 520 2400 576 nativitate
2426 523 2766 590 subsisteret,
2810 539 2934 580 cum
2974 533 3224 581 creatura
3280 526 3459 595 potius

1867 624 1935 666 ex
1993 611 2162 666 nihilo
2206 612 2370 686 5.39
2401 615 2751 672 substitisset.
2802 616 2916 672 lloc
2960 617 3192 687 primum
3237 615 3469 674 infelicis

1867 703 2064 759 mentis
2095 713 2200 760 tuae
2227 708 2373 761 virus
2397 716 2500 774 est,
2535 724 2640 764 non
2669 708 3003 765 nativitatem
3035 717 3341 765 creaturam
3372 725 3471 766 no—

1868 796 2099 862 minare,
2131 797 2227 853 sed
2262 813 2358 868 pro
2382 799 2658 856 nativitate
2681 799 2751 872 (e)
2784 800 2942 856 lidcm
2966 801 3224 856 creationi
3256 809 3465 872 aptare.

1869 887 2202 959 Quamquam
2249 889 2300 944 id
2339 889 2555 960 quidem
2602 891 2779 961 inopis
2825 890 3028 962 ingenii
3057 899 3226 960 esset,
3255 891 3351 948 sed
3383 903 3464 948 ta-

1873 996 1996 1036 men
2069 997 2174 1038 non
2247 982 2536 1039 admodum
2592 983 2918 1055 irreligiosi,
2969 995 3208 1042 creatum
3267 984 3471 1042 idcirco

1871 1073 2115 1140 dixisse,
2159 1087 2216 1130 ut
2261 1077 2606 1147 impassibilis
2669 1091 2735 1131 ex
2799 1077 2911 1132 Deo
2971 1086 3243 1149 tamquam
3314 1078 3474 1133 unius

1873 1183 1940 1224 ex
1967 1183 2074 1222 uno
2101 1169 2350 1225 nativitas
2377 1177 2715 1226 nosceretur.

1948 1260 2205 1318 SiJ’ides
2225 1271 2465 1317 constans
2478 1263 2540 1317 de
2551 1271 2742 1318 (eterna
2763 1260 2891 1316 Filii
2913 1259 3376 1318 nativitate.—-Sed
3394 1261 3478 1317 ni-

1878 1354 1951 1409 hil
1985 1354 2176 1411 horutn
2197 1365 2449 1413 constans
2471 1365 2632 1426 atque
2649 1357 2942 1428 apostolica
2967 1355 3098 1412 lides
3126 1357 3343 1426 patitur.
3365 1355 3479 1412 Scit

1877 1450 2022 1505 enim
2045 1449 2097 1505 in
2125 1466 2228 1522 qua
2249 1451 2650 1522 dispensatione
2678 1453 2938 1525 temporis
2966 1450 3216 1507 Christus
3240 1460 3476 1518 creatus,

1878 1543 2009 1598 etin
2037 1557 2140 1614 qua
2175 1555 2474 1616 temporum
2505 1543 2807 1601 mteruitate
2847 1544 2919 1600 sit
2964 1552 3143 1599 natus.
3182 1543 3351 1600 Natus
3377 1557 3477 1598 au-

1882 1646 1988 1693 tem
2031 1652 2096 1692 ex
2151 1638 2259 1693 Deo
2299 1639 2438 1694 Deus
2467 1647 2572 1704 est,
2609 1648 2665 1694 et
2691 1653 2838 1695 verae
2865 1637 3158 1694 nativitatis
3207 1638 3259 1692 in
3311 1651 3378 1693 eo
3426 1647 3482 1692 et

1882 1731 2137 1802 perfectas
2182 1733 2548 1804 generationis
2597 1748 2704 1788 non
2755 1731 3002 1804 ambigua
3063 1732 3315 1788 divinitas
3371 1741 3475 1789 est.

237 1823 332 1880 50.
382 1822 498 1889 Quo
527 1839 678 1878 sensu
701 1824 793 1877 etsi
821 1823 1073 1894 imperite,
1105 1840 1210 1878 non
1234 1834 1400 1878 tamen
1421 1824 1578 1895 impie
1607 1833 1775 1895 posset
1803 1825 1852 1888 B
1879 1824 2020 1881 Nihil
2044 1825 2188 1880 enim
2230 1826 2282 1880 in
2320 1825 2482 1882 rebus
2514 1826 2607 1881 Dei
2640 1825 2740 1881 nisi
2769 1834 2952 1881 natum
2979 1834 3033 1882 et
3061 1833 3323 1882 aeternum
3349 1838 3483 1880 con-

161 1915 426 1987 deputari.
451 1944 523 1954 —-
543 1913 790 1986 Namque.
803 1914 912 1971 etsi
939 1914 1228 1970 inlirmitas
1259 1913 1631 1986 intelligentia:
1651 1931 1777 1971 sen-

161 2024 286 2065 sum
310 2007 384 2081 (a)
415 2007 681 2081 religiosae
707 2009 978 2081 opinionis
1013 2008 1322 2080 impediret,
1359 2024 1426 2066 ne
1458 2024 1604 2066 nunc
1653 2025 1774 2082 quae

164 2105 464 2161 creationis
493 2105 796 2177 proprietas
825 2114 970 2161 esset
1015 2104 1273 2176 consequi
1324 2115 1542 2177 posset;
1591 2116 1772 2162 tamen

163 2196 253 2252 vel
283 2197 580 2254 secundmn
615 2199 858 2269 Apostoli
884 2197 1086 2254 dictum
1117 2197 1378 2254 facturam
1413 2215 1557 2256 vera:
1583 2199 1780 2256 nativi-

167 2291 263 2348 tati
287 2291 368 2363 (ὁ)
393 2289 764 2362 deputantem;
787 2293 1120 2348 creationem
1146 2308 1360 2365 quoque
1387 2295 1489 2350 etsi
1527 2294 1768 2362 indocte,

169 2395 355 2444 tamen
401 2402 508 2444 non
556 2387 742 2460 impie,
801 2388 867 2443 ad
914 2388 1282 2459 generationis
1326 2387 1485 2446 ﬁdem
1517 2388 1780 2460 prolicere

167 2489 428 2551 Oportere
448 2481 759 2537 existimare
775 2480 1056 2537 debuerat.
1076 2481 1370 2551 Apostolus
1383 2481 1526 2538 enim
1545 2479 1778 2548 videtur,

169 2575 334 2630 unius
361 2590 429 2630 ex
455 2590 564 2630 uno
593 2573 948 2641 nativitatem,
991 2573 1042 2630 id
1088 2585 1190 2643 est,
1221 2573 1295 2646 (ε)
1339 2575 1549 2630 Domini
1579 2590 1646 2630 ex
1673 2575 1782 2631 vir-

167 2669 300 2739 gine
319 2668 440 2724 sine
462 2668 775 2738 passionum
808 2667 1162 2724 humanarum
1213 2677 1476 2738 conceptu
1521 2667 1782 2738 praedica-

174 2772 352 2832 turus,
387 2777 494 2819 non
521 2772 672 2818 extra
701 2761 964 2818 rationem
1009 2762 1201 2832 factum
1227 2761 1292 2816 de
1317 2762 1528 2816 muliere
1569 2761 1782 2817 loeutus

172 2871 321 2924 esse,
354 2872 515 2928 quem
544 2865 730 2912 natum
756 2855 1002 2923 sciebat,
1055 2855 1474 2926 frequenterque
1505 2854 1736 2912 dixisset
1765 2872 1780 2910 :

175 2958 236 3006 ut
276 2959 333 3007 et
374 2949 624 3006 nativitas
653 2947 938 3006 veritatem
968 2948 1338 3020 generationis
1368 2947 1702 3014 ostenderet,
1731 2957 1786 3005 et

178 3042 390 3100 [actura
419 3043 579 3100 unius
626 3058 693 3099 ex
732 3058 840 3100 uno
869 3041 953 3116 (ἓ)
987 3042 1066 3116 (d)
1098 3042 1430 3097 nativitatem
1461 3051 1786 3113 protestare-

179 3147 302 3207 tur;
342 3139 470 3210 quia
515 3140 766 3194 humana:
813 3137 1189 3208 permixtionis
1214 3147 1532 3206 conceptum
1562 3137 1786 3194 factura:

1879 1917 2113 1973 ﬁtemur.
2165 1917 2359 1973 Natum
2411 1927 2589 1974 autem
2645 1936 2752 1975 non
2804 1928 2927 1990 post
2956 1917 3200 1990 aliquid,
3232 1918 3329 1975 sed
3354 1927 3480 1974 ante

1880 2013 2058 2068 omnia
2092 2032 2108 2067 :
2150 2022 2202 2067 ut
2231 2012 2483 2069 nativitas
2529 2022 2734 2069 tantum
2768 2022 2997 2069 testetur
3029 2022 3338 2080 auctorem,
3373 2026 3479 2067 non

1882 2112 2270 2176 praeposterum
2321 2103 2522 2175 aliquid
2555 2106 2607 2160 in
2639 2119 2700 2161 se
2731 2105 2798 2161 ab
2823 2114 3044 2161 auctore
3090 2104 3376 2176 signiﬁcet.
3418 2103 3485 2159 Et

1881 2197 2094 2268 quidem
2140 2197 2482 2254 confessione
2528 2199 2824 2263 communi,
2871 2197 3107 2254 secunda
3151 2198 3370 2269 quidem
3411 2198 3480 2252 ab

1881 2295 2102 2344 auctore
2151 2289 2402 2344 nativitas
2443 2298 2545 2356 est,
2593 2291 2717 2361 quia
2747 2305 2815 2346 ex
2849 2290 2960 2346 Deo
3001 2300 3117 2358 est;
3148 2305 3255 2345 non
3303 2300 3482 2344 tamen

1881 2382 2198 2454 separabilis
2250 2383 2318 2438 ab
2366 2393 2634 2452 auctore,
2694 2385 2818 2456 quia
2874 2384 2928 2440 in
2980 2392 3240 2454 quantum
3290 2397 3485 2439 sensus

1885 2488 2070 2534 noster
2093 2477 2503 2549 intelligentiam
2536 2478 2762 2534 tentabit
2784 2479 3081 2534 nativitatis
3109 2477 3396 2543 excedere,
3425 2477 3478 2531 in

1886 2579 2092 2626 tantum
2144 2586 2369 2628 necesse
2407 2581 2493 2628 est
2537 2572 2699 2628 etiam
2727 2571 2802 2643 (Γ)
2833 2570 3197 2644 generationis
3240 2569 3486 2626 excedat.

1888 2664 1966 2738 (5)
1991 2666 2154 2723 Solus
2175 2665 2356 2736 itaque
2387 2667 2473 2723 hic
2495 2667 2615 2740 pius
2641 2666 2710 2722 de
2742 2667 2850 2722 Deo
2874 2681 3057 2724 sermo
3085 2674 3190 2732 est,
3218 2666 3358 2722 scire
3385 2663 3491 2720 Pa-

1889 2743 2074 2815 trem":
2107 2761 2248 2816 scire
2290 2770 2344 2816 et
2383 2775 2504 2814 cum
2533 2775 2600 2814 eo
2633 2775 2755 2815 eum
2784 2759 2873 2830 qui
2905 2775 2972 2816 ex
2996 2774 3062 2815 eo
3085 2758 3274 2814 Filius.
3305 2756 3492 2828 Neque

1886 2867 2018 2909 sane
2067 2854 2209 2910 aliud
2245 2854 2314 2910 de
2363 2855 2495 2920 Deo,
2541 2863 2921 2926 praeterquam
2953 2864 3157 2923 patrem
3205 2868 3327 2910 eum
3370 2869 3491 2909 esse

1890 2948 2149 3019 unigeniti
2183 2949 2276 3004 Dei
2306 2958 2361 3004 et
2381 2948 2665 3012 creatoris,
2699 2947 2982 3004 docemur.
3017 2946 3166 3003 Ultra
3205 2963 3266 3002 se
3313 2948 3494 3016 itaque

1890 3043 2175 3100 inﬁrmitas
2205 3043 2438 3098 humana
2468 3057 2574 3098 non
2609 3041 2796 3098 tendat
2839 3060 2852 3097 :
2895 3049 2951 3097 et
2993 3041 3242 3113 loquatur
3270 3039 3373 3095 hoc
3403 3055 3493 3094 so-

1891 3136 2026 3206 lum,
2060 3137 2112 3192 in
2135 3153 2243 3208 quo
2268 3137 2387 3192 solo
2413 3136 2462 3192 ei
2492 3136 2640 3191 salus
2663 3144 2780 3200 est,
2811 3143 2936 3190 ante
2964 3135 3143 3188 carnis
3181 3147 3488 3188 sacramen-

179 3245 384 3288 nomen
403 3230 738 3299 excluderet,
761 3245 884 3287 cum
913 3229 1084 3286 lactus
1114 3244 1237 3286 esse
1273 3246 1339 3286 ex
1376 3231 1584 3302 virgine
1609 3231 1786 3289 disce-
1814 3233 1860 3298 C
1896 3240 2006 3286 tum
2050 3229 2106 3286 in
2155 3229 2384 3286 Domino
2427 3228 2559 3286 Jesu
2607 3226 2824 3284 Christo
2854 3226 2957 3284 hoc
2983 3241 3044 3283 se
3073 3240 3292 3297 semper
3330 3225 3493 3292 scire,

177 3338 358 3394 retur,
379 3327 469 3398 qui
497 3335 656 3382 natus
681 3326 850 3397 magis
888 3340 1011 3382 esse
1039 3341 1145 3382 non
1166 3325 1560 3396 ambigebatur.
1578 3325 1651 3381 At
1670 3325 1792 3382 vide

183 3430 262 3486 tu,
295 3435 458 3494 quam
503 3420 580 3476 sis
625 3419 842 3490 impius,
894 3435 928 3474 ο
976 3419 1252 3475 ιιωιοθιίοθ.
1301 3417 1560 3475 Creatum
1603 3419 1790 3476 Jesum

181 3512 462 3568 Christum
496 3514 671 3583 potius
700 3527 766 3567 ex
797 3511 930 3578 Deo,
960 3525 1120 3583 quam
1175 3521 1360 3566 natum
1408 3526 1561 3576 esse,
1611 3526 1793 3568 sermo

179 3609 370 3665 nullus
409 3615 502 3662 aut
528 3605 874 3678 ριόιιιιοιίοιιε
899 3614 989 3659 aut
1019 3605 1366 3676 evangelicus
1401 3612 1494 3659 ant
1531 3606 1792 3675 apostoli-

178 3717 286 3759 cus
309 3708 396 3757 est
417 3700 629 3756 locutus
671 3718 684 3754 :
728 3706 787 3754 tu
818 3713 946 3754 vero
977 3697 1311 3753 nativitatem
1345 3712 1528 3769 negas,
1556 3709 1610 3753 et
1641 3699 1789 3754 allir-

181 3808 308 3849 mas
331 3801 657 3859 creaturam,
701 3808 805 3846 ιιοιι
837 3791 1132 3846 secundum
1163 3790 1610 3862 significationem
1647 3796 1791 3862 Apo-

181 3886 340 3954 stoli,
371 3885 569 3942 factum
595 3899 718 3942 esse
743 3884 974 3941 dicentis
999 3900 1064 3939 ne
1095 3894 1252 3939 natus
1279 3899 1402 3942 esse
1429 3884 1791 3956 ambigeretur

262 4007 347 4076 (l)
393 4005 581 4061 Saltim
611 4017 711 4076 pro
736 4003 915 4059 saltem
957 4002 1120 4059 habet
1156 4017 1369 4073 quoque
1401 4001 1525 4058 alibi
1567 4003 1799 4074 scriptus

186 4080 337 4136 liber
367 4085 572 4133 noster.

267 4150 349 4223 (2)
393 4147 744 4203 Divinitatem.

271 4265 350 4339 (a)
396 4266 559 4339 Editi,
586 4263 895 4339 irreligioso;
917 4262 1324 4339 :__emenda_ntur
1353 4276 1418 4316 cx
1447 4260 1682 4339 scriptis.

277 4331 354 4406 ib)
400 4338 455 4393 In
484 4346 695 4392 vetusto
723 4331 826 4390 ms.
857 4333 1012 4390 Coll).
1063 4351 1125 4389 ac
1164 4335 1376 4400 Germ.,
1429 4331 1799 4406 deputandum.

190 4404 483 4470 Mulli-mus
503 4410 814 4478 tleputautis,
837 4407 954 4462 scil.
983 4404 1507 4475 Apostoli.Exemplo
1532 4404 1798 4473 Apustoli,

191 4486 290 4556 qui
322 4481 602 4556 Christum
629 4490 680 4556 c_t
702 4489 890 4556 natum
925 4479 1062 4532 dixit
1087 4488 1142 4532 ct
1173 4481 1388 4544 iactum,
1438 4485 1495 4530 ut
1523 4491 1646 4530 cum
1677 4491 1802 4556 vera

191 4547 350 4613 esset
381 4554 523 4607 illius
555 4549 802 4606 nativitas
827 4592 842 4614 ,
885 4565 1002 4605 eam
1049 4557 1226 4603 tamen
1257 4565 1362 4604 non
1417 4563 1480 4603 ex
1529 4547 1802 4603 communi

195 4630 345 4698 lege,
381 4624 473 4680 sed
497 4641 565 4698 ex
589 4638 690 4677 una
725 4620 943 4698 \lirgine
977 4635 1118 4686 esse,
1153 4619 1386 4698 facturze
1398 4619 1664 4698 vocabulo
1705 4618 1803 4673 de-

192 4681 478 4760 clararet;
537 4696 698 4749 docet
751 4681 984 4747 Hilarius
1033 4681 1319 4763 utrumque
1374 4691 1502 4746 illud
1554 4681 1884 4756 verbum,D

194 4787 312 4844 quo
344 4767 616 4844 Sapientia
663 4766 893 4844 primum
939 4779 1000 4819 se
1039 4764 1297 4844 genitam,
1339 4779 1402 4818 ac
1429 4763 1625 4843 deinde
1651 4776 1799 4816 crea-

199 4833 315 4898 t'am
354 4833 635 4895 testiﬁcata
666 4833 772 4903 est,
817 4835 884 4889 ad
926 4833 1186 4890 aeternam
1211 4835 1352 4890 illius
1376 4833 1802 4904 generationem,

196 4914 310 4972 etsi
337 4911 575 4973 indocte,
609 4907 828 4963 licuisse
857 4917 1033 4962 tamen
1063 4907 1284 4972 referri;
1326 4905 1488 4962 modo
1513 4905 1807 4962 creationis

199 4986 430 5042 nomine
483 4998 589 5036 non
641 4979 1020 5034 excluderetur
1073 4979 1366 5043 nativitatis
1433 4977 1654 5042 veritas,
1712 4977 1808 5031 sed

198 5056 591 5114 ostenderetur
643 5059 847 5106 tantum
894 5049 1030 5104 ratio
1070 5049 1357 5119 singularis
1382 5091 1397 5114 ,
1431 5065 1532 5119 qua
1574 5062 1711 5102 unus
1741 5061 1808 5119 ex

201 5144 318 5185 uno
341 5127 546 5196 absque
574 5123 680 5177 ulla
711 5122 962 5196 passione
991 5117 1274 5196 natus:est.
1312 5117 1684 5196 ljaeindocta,
1713 5117 1809 5196 sed

201 5217 317 5258 non
365 5190 527 5266 impia
565 5191 1266 5266 interpretatione,”eadem
1313 5191 1607 5266 Sapientiae
1645 5190 1811 5266 verba

203 5261 551 5328 intellexisse
601 5261 853 5334 leguntur
905 5264 1132 5336 Basilius
1191 5261 1399 5336 Ancyr.
1445 5272 1500 5318 et
1544 5261 1812 5336 Georgius

201 5342 434 5401 Laodic.
482 5339 622 5404 apud
661 5332 1055 5406 Epiphanium,
1089 5335 1222 5406 haer.
1273 5332 1471 5402 Lxxttl,
1503 5351 1558 5390 ιι.
1589 5335 1692 5399 20,
1723 5332 1812 5386 ubi

203 5419 408 5472 aiunt:
448 5409 618 5464 Filius
657 5404 1036 5471 cum'dixt'sset,
1080 5404 1334 5460 Dominus
1381 5407 1570 5460 creavit
1606 5421 1717 5472 me;
1754 5419 1818 5458 ne

207 5500 538 5543 communem
566 5483 678 5552 ejus
697 5495 814 5533 cum
837 5480 1024 5534 creatis
1055 5477 1205 5533 rebus
1229 5479 1425 5552 cwtcris
1452 5488 1688 5531 naturam
1710 5490 1818 5552 esse

205 5547 615 5627 suspicarentur,
644 5552 945 5627 necessario
991 5551 1220 5627 attigerit,
1274 5551 1405 5627 Ante
1449 5565 1622 5627 omnes
1664 5547 1818 5602 colles

207 5621 391 5704 genuit
418 5643 515 5681 me.
553 5624 748 5704 Quibus
768 5624 904 5691 piam
931 5621 1087 5704 nobis
1101 5638 1163 5675 ac
1184 5623 1435 5704 passionis
1456 5623 1620 5676 omnis
1636 5635 1815 5690 exper-

211 5695 318 5760 ῖεπι
347 5703 512 5771 ipsius
533 5713 609 5771 ea:_
628 5695 784 5771 Patre
808 5695 1457 5771 proprietatemearprcssit.

293 5762 380 5845 (ο)’
414 5769 638 5836 Excusi,
665 5765 719 5821 id
742 5762 838 5835 est,
870 5762 1038 5820 Deum
1076 5781 1140 5819 ea:
1175 5762 1388 5836 Virgine
1417 5782 1436 5821 :
1463 5762 1821 5821 emendantur

209 5862 282 5903 CX
311 5859 444 5900 mss.

1895 3323 2038 3395 quod
2071 3331 2228 3379 natus
2253 3333 2356 3379 est.

1968 3415 2058 3472 52.
2105 3415 2241 3471 Huic
2267 3432 2320 3470 se
2348 3414 2610 3470 adhwrere
2637 3414 2909 3484 proﬁtetur
2937 3411 3179 3467 Hilarius
3215 3427 3367 3483 quam
3408 3427 3499 3466 nec

1894 3527 2048 3568 sensu
2073 3527 2167 3566 suo
2195 3510 2444 3582 prwﬁnit.
2472 3539 2544 3550 -—
2569 3508 2650 3582 (g)
2680 3509 2790 3581 Ego
2835 3505 3077 3579 quidem,
3134 3506 3186 3560 in
3235 3515 3497 3576 quantum

1894 3620 2158 3662 culicesso
2190 3604 2319 3660 mihi
2353 3605 2456 3660 hoc
2495 3619 2525 3658 a
2568 3612 2622 3660 te
2665 3603 2856 3673 spiritu
2885 3600 3099 3672 vigebo,
3130 3609 3314 3656 sancte
3342 3599 3500 3654 Pater

1899 3700 2244 3770 omnipotens
2277 3699 2439 3764 Deus,
2474 3707 2531 3752 ut
2559 3707 2821 3752 aeternum
2847 3704 2896 3751 te
2925 3695 3114 3760 Deum,
3137 3693 3208 3748 ita
3235 3701 3500 3747 mternum

1899 3802 1953 3848 et
1984 3801 2188 3864 patrem
2212 3791 2533 3847 conﬁtebor.
2567 3789 2749 3861 Neque
2786 3789 2837 3845 iu
2867 3787 2918 3844 id
2949 3801 3204 3858 umquam
3254 3784 3502 3840 stultitia:

1897 3893 2059 3956 atque
2092 3883 2386 3956 impietatis
2414 3898 2717 3952 erumpam,
2751 3891 2808 3937 ut
2851 3879 3252 3950 omnipotentiae
3279 3886 3384 3933 tute
3413 3891 3504 3932 sa-

1978 4004 2057 4073 (5)
2098 4002 2256 4057 Solus
2282 4002 2366 4073 hic
2394 4001 2705 4073 itaque-pius
2731 3996 2794 4050 de
2824 3995 2932 4050 Deo
2968 4011 3151 4073 sermo
3179 4003 3268 4048 est.
3320 3991 3507 4073 Neque

1905 4064 2049 4130 ultra
2099 4071 2344 4144 procedit
2397 4064 2502 4128 ms.
2562 4064 2715 4135 liber,
2780 4078 3051 4140 postrema
3105 4067 3292 4123 charta
3351 4064 3509 4120 dimi-

1904 4157 2084 4202 nutus.

1979 4266 2062 4337 (ά)
2103 4265 2159 4320 In
2206 4258 2809 4337 ιιιιιὶίιιιὶε-ιιιεεηιγιιι.
2863 4256 3019 4337 ωε...
3074 4253 3326 4337 Martia”
3375 4252 3510 4337 Car-

1910 4327 2130 4392 nutfet
2179 4327 2385 4404 aliquot
2431 4331 2572 4399 aliis,
2616 4330 2951 4404 divinitatem.
2979 4327 3506 4404 Reetius_in_vetcre

1907 4408 2088 4469 Colb..
2113 4397 2300 4472 Corbf,
2328 4397 2807 4469 etc.,notivitatem,
2826 4416 2947 4472 cum
2979 4412 3160 4454 sermo
3184 4397 3250 4451 sit
3281 4397 3348 4450 de
3375 4406 3512 4450 tem-

1911 4479 2122 4552 poraria
2151 4477 2352 4533 Christi
2380 4492 2452 4533 ex
2485 4473 2703 4544 Virgine
2734 4471 3034 4526 nativitate.

1985 4573 2240 4647 (διιοςο
2288 4569 2437 4626 verbi
2477 4569 2651 4647 ﬁdem,
2703 4565 2849 4636 Lips.
2898 4571 2958 4647 et,
2999 4562 3124 4647 Par.
3180 4577 3246 4617 ex
3271 4559 3507 4647 ‘Erasmi

1911 4632 2149 4717 ma‘rg'iue
2184 4646 2377 4717 frustra
2426 4632 2816 4717 substitucruut
2845 4635 3222 4717 corttttmcliarit.
3259 4632 3510 4717 lirguun-

1912 4730 1998 4774 tur
2024 4705 2262 4772 haeretici
2289 4758 2303 4781 ,
2333 4729 2440 4768 non
2470 4710 2612 4780 quod
2647 4719 2903 4781 aeternam
2939 4705 3226 4781 Sapientia:
3258 4705 3510 4781 inereata}

1909 4774 2312 4874 βειιίξτειιίειιιοιιῑ
2333 4774 2664 4874 "enimat!
2689 4774 3512 4874 ἓυέξξςειξθ,ξιειῐιέρειὲξν,.εεῖ,ί1..⁴1ξ¹ηίὶί¹

1911 4847 2076 4931 ῗιιιρὶθ
2105 4859 2264 4914 etiam
2295 4855 2538 4931 credant.
2572 4852 2704 4931 oto
2734 4850 2836 4931 hoc
2877 4863 3125 4931 nurnero,
3157 4847 3262 4931 sed
3283 4861 3512 4931 pra-ser-

1912 4921 2008 4988 nui
2041 4932 2222 4986 verbis
2263 4923 2713 4998 subsequentibus
2745 4922 2916 4976 notari
2949 4921 3160 4998 videtur
3192 4921 3517 4998 interpreta-

1914 5007 1988 5060 tio
2021 5001 2200 5057 Basilii
2229 5011 2284 5056 et
2311 4989 2550 5068 Georgii,
2586 5009 2815 5068 quorum
2861 4991 3022 5068 verba
3051 4990 3299 5068 superius
3323 4989 3513 5043 retuli-

1915 5089 2054 5130 mus.
2080 5072 2214 5129 Cum
2238 5081 2420 5142 autem
2450 5063 2564 5122 haec
2595 5063 2668 5142 i'l_li
2699 5063 3015 5142 scripserint
3038 5065 3266 5142 ancyra:
3289 5075 3517 5142 congre-

1913 5148 2176 5219 gatigante
2200 5144 2347 5219 diem
2377 5141 2581 5219 festum
2619 5137 2841 5219 Pascha:
2884 5134 3144 5219 ειηηὶῃὸᾅὸ
3166 5175 3179 5197 ,
3211 5134 3517 5219 conjectare

1915 5206 1999 5274 Est
2029 5217 2169 5272 hunc
2199 5215 2390 5270 librum
2413 5209 2620 5284 synodo
2643 5209 2734 5264 illa
2756 5223 2880 5264 esse
2911 5206 3288 5278 posteriorem.

1990 5309 2060 5386 (ί)
2102 5308 2244 5366 Editi
2277 5350 2292 5376 ,
2342 5313 2570 5386 excepto
2629 5303 2780 5386 ἰδέη-,ρ
2821 5301 3077 5386 generatio
3102 5339 3117 5364 ,
3175 5297 3518 5386 paulocante

1919 5371 2123 5440 omissa
2154 5371 2290 5436 voce
2311 5371 2612 5434 nativitatis.
2647 5375 2776 5450 Post
2801 5371 3120 5450 vocabulum
3149 5371 3516 5450 generationis,

1922 5455 2054 5510 satis
2086 5451 2406 5524 intelligitur
2432 5450 2715 5524 tacitavox
2742 5442 3296 5519 intelligentiam,’qu:e
3323 5442 3376 5494 in
3409 5455 3513 5494 ms.

1923 5525 2146 5583 Pratell.
2183 5520 2344 5580 etiam
2377 5520 2720 5592 exprimitur.

2000 5617 2078 5702 (9)
2119 5617 2176 5674 In
2198 5631 2311 5701 .tns.
2337 5615 2564 5702 Carnut.
2587 5610 2677 5702 hic
2704 5609 2841 5702 titpli
2867 5609 2918 5664 in
2941 5611 3520 5702 m‘qrem‘prtfnofatgf,

1929 5673 2154 5762 υτὶῇἑοίς
2197 5688 2253 5745 in
2302 5688 2423 5743 aliis
2475 5681 2907 5760 recentioribus,
2982 5673 3181 5734 Oratio
3203 5675 3366 5732 sancti
3422 5673 3521 5728 m-

1928 5765 2069 5822 larii.
