3996 6330
156 332 273 395 ΗΞ)

1596 328 1990 390 ΡΒᾸΞΡΔΊῚΟ.

3360 332 3466 389 471»

162 453 308 526 apud
343 453 701 526 Epiphaniam
730 451 862 510 liter.
889 466 1081 520 cum,
1110 466 1166 507 n.
1197 449 1255 518 9.,
1290 465 1396 507 non
1419 449 1588 507 semel
1616 449 1768 506 testi-
1792 456 1849 515 Α
1871 448 1976 506 nis.
2022 448 2225 506 Saltem
2270 449 2451 522 negari
2485 448 2676 522 nequit
2701 448 3052 507 Sirmicnsem
3078 489 3094 517 ,
3126 462 3245 521 qua:
3274 450 3466 522 princi-

162 545 422 604 ficantur.
455 546 567 603 Hos
604 546 749 603 enim
780 545 1119 617 potissimum
1144 544 1377 601 Hilarius
1404 542 1761 600 Orientalium

158 641 387 699 nomine
428 641 694 713 intelligit.
728 640 874 711 Quos
903 641 1077 697 amice
1102 639 1170 696 ad
1198 640 1480 696 veritatem
1504 651 1764 695 revocare

160 735 428 801 studens,
472 735 546 790 ita
572 734 758 792 laudat
799 749 917 799 eos,
950 735 1041 806 qui
1070 733 1210 789 avita
1241 741 1297 789 et
1322 731 1617 803 apostolica
1661 730 1763 787 fide

160 829 411 886 contenti
438 830 658 899 scriptas
701 828 832 899 ﬁdes
876 828 1135 893 nesciunt,
1164 837 1224 883 ut
1265 836 1441 883 tamen
1473 825 1763 896 professio.

161 938 293 979 num
322 923 685 995 pluralitatem
715 932 964 989 excuset,
993 928 1051 978 et
1075 920 1339 993 quidquid
1360 922 1412 976 in
1442 921 1521 976 eis
1546 919 1763 976 defendi

162 1025 349 1089 potest
409 1015 640 1087 benigne
682 1017 1070 1087 interpretetur
1113 1025 1277 1085 atque
1315 1011 1592 1071 defendat.
1649 1012 1763 1069 lmo

161 1108 426 1182 quidquid
462 1118 649 1165 contra
680 1108 955 1183 ὁμοούσιον
981 1110 1122 1164 solet
1154 1105 1389 1178 opponi,
1434 1121 1542 1162 non
1584 1111 1757 1173 tacet;

160 1217 265 1260 nec
286 1201 596 1259 dissimulat
616 1201 760 1273 quod
787 1203 841 1258 in
880 1201 1108 1273 gratiam
1137 1200 1287 1257 verbi
1342 1199 1632 1274 ὁμοιούσιον
1662 1213 1760 1270 po-

157 1304 272 1354 test
299 1296 504 1354 aﬂ‘erri.
535 1296 883 1355 Postmodum
910 1306 1091 1353 tamen
1115 1296 1359 1368 subjecto
1376 1295 1595 1353 Nieaeno
1615 1311 1765 1369 sym-

153 1389 318 1458 bolo,
359 1390 706 1448 retinendum
743 1404 864 1448 esse
906 1390 1178 1464 ὁμοούσιον
1206 1388 1557 1446 validissimis
1597 1389 1763 1446 ratio-

148 1499 287 1541 num
313 1485 606 1541 momentis
628 1483 847 1541 conficit
874 1493 1037 1554 atque
1061 1481 1353 1541 concludit.

225 1577 322 1635 IV.
369 1575 616 1652 Nonjuit
640 1592 815 1633 uersus
842 1593 868 1632 e
904 1592 1101 1648 grwco,
1131 1576 1220 1632 sed
1262 1585 1463 1630 tantum
1513 1575 1762 1648 Symbola

151 1668 528 1726 Orientalium.
558 1669 807 1741 Symbola
844 1668 940 1725 illa
965 1668 1035 1723 ad
1061 1669 1284 1724 litteram
1309 1669 1479 1724 vertit.
1506 1698 1578 1709 ——
1603 1667 1760 1724 Haud

143 1762 273 1819 scio
334 1777 402 1819 an
460 1772 682 1833 propter
731 1761 1016 1834 praedictas
1071 1760 1198 1818 lidei
1252 1760 1627 1818 confessiones
1678 1759 1760 1815 la~

1874 558 2039 616 puum
2067 543 2122 599 in
2151 542 2256 600 hoc
2284 543 2425 600 libro
2454 545 2631 601 locum
2657 543 2904 611 obtinet,
2949 559 3059 600 non
3085 551 3276 600 contra
3307 543 3466 600 Aria-

1868 652 1988 713 nos,
2020 637 2116 694 sed
2143 646 2330 693 contra
2355 637 2669 707 Photinum,
2701 635 3090 694 Antiochenam
3118 651 3249 694 vero
3276 645 3464 693 contra

1866 730 2248 797 Athanasium,
2276 745 2341 787 ac
2382 729 2599 786 demum
2631 728 3248 802 pseudo-Sardiceusem
3274 728 3469 785 adver-

1866 840 1960 882 sus
2000 824 2250 881 eumdem
2293 823 2536 896 aliosque
2580 823 2881 880 catholicos
2920 822 3261 881 convenisse.
3291 821 3465 879 Minus

1866 919 2006 976 male
2031 920 2086 975 in
2106 917 2484 990 antiquissimo
2507 918 2744 975 basilicae
2764 917 3041 975 Vaticana:
3061 918 3249 976 codice
3270 917 3465 975 inscri-

1866 1013 2039 1070 bitur:
2056 1011 2208 1068 Liber
2229 1012 2497 1068 catholica:
2518 1011 2638 1082 ﬁdei
2659 1010 3016 1086 449450
3044 1023 3223 1067 contra
3243 1010 3466 1066 Arianos

1865 1118 1912 1164 et
1937 1125 2095 1180 prwu.
2121 1108 2328 1163 Arionis
2343 1108 2719 1179 acquiescantes
2745 1122 2766 1161 :
2794 1107 3031 1162 maxime
3054 1120 3175 1162 cum
3203 1120 3309 1161 non
3333 1118 3493 1161 con-.

1866 1203 2141 1260 tineatille
2155 1203 2349 1269 codex,
2374 1201 2475 1258 nisi
2508 1202 2737 1273 primam
2766 1200 2925 1272 hujus
2953 1199 3075 1257 libri
3104 1207 3308 1270 partem
3338 1214 3462 1256 cum

1864 1296 2169 1371 Ancyrante
2203 1295 2329 1352 ﬁdei
2373 1294 2806 1361 definitionibus,
2837 1293 3032 1365 quibus
3069 1301 3320 1349 auctores
3345 1293 3462 1350 Sir-

1863 1390 2088 1447 miensis
2112 1388 2463 1460 blasphemia:
2490 1387 2661 1459 iisque
2689 1386 3100 1459 acquiescentes
3122 1384 3459 1441 refelluntur.

1862 1468 2050 1557 Neque
2089 1481 2444 1541 sufﬁcientem
2473 1481 2598 1539 libri
2627 1480 2788 1552 hujus
2816 1480 3063 1537 notitiam
3118 1486 3340 1550 praestat
3377 1476 3463 1534 in-

1863 1578 2089 1649 scriptio
2112 1578 2177 1632 de
2200 1575 2577 1648 Synodis,qute
2601 1575 2654 1630 in
2681 1589 2812 1631 mss.
2839 1575 2909 1630 ab
2927 1573 3086 1630 annis
3105 1572 3213 1630 500
3233 1571 3462 1629 obtinet.

1864 1671 2035 1744 Hujus
2059 1682 2335 1728 auctorem
2367 1685 2490 1727 esse
2521 1668 2891 1741 conjectamus
2918 1668 3341 1740 Hieronymum,
3372 1665 3465 1738 qui

1862 1780 1984 1822 cum
2017 1779 2122 1821 non
2146 1764 2369 1820 haberet
2394 1777 2501 1833 quo
2526 1762 2746 1818 nomine
2772 1761 2875 1819 hoc
2897 1759 3045 1833 Opus
3064 1759 3304 1818 breviter
3322 1756 3467 1815 indi-

148 1855 271 1911 tine
325 1852 598 1921 redditas,
646 1869 677 1909 a
727 1853 972 1912 Sculteto
1010 1862 1133 1924 post
1181 1853 1453 1910 Gillotium
1507 1853 1527 1922 (
1553 1856 1756 1925 ρηεῙαι.
1788 1863 1837 1923 Β
1864 1866 2044 1927 caret,
2094 1856 2378 1929 appellarit
2406 1855 2471 1911 de
2511 1854 2771 1928 Synodis,
2817 1862 2944 1926 puta
2988 1852 3058 1909 ad
3106 1851 3464 1908 imitationem

144 1947 206 2003 in
266 1945 490 2019 Hilar.)
534 1947 745 2004 dicatur
798 1948 886 2004 hie
930 1947 1067 2003 liber
1120 1963 1296 2003 versus
1361 1947 1425 2001 de
1478 1947 1640 2002 latino
1704 1948 1760 2001 in

149 2056 426 2115 grtecttm,
472 2058 575 2097 non
626 2043 871 2114 appensis
914 2041 1114 2111 verbis,
1163 2041 1253 2098 sed
1301 2041 1505 2097 reddito
1556 2057 1709 2097 sensu
1742 2056 1762 2096 :

151 2132 322 2205 longe
362 2134 541 2191 minus
581 2143 795 2192 constat
831 2148 900 2191 an
948 2135 1205 2192 Erasmus
1230 2134 1440 2207 eadem
1484 2133 1644 2191 etiam
1694 2133 1763 2191 de

150 2241 323 2285 causa
370 2227 536 2284 veluti
582 2242 685 2300 pro
732 2235 1016 2299 comperto
1063 2237 1271 2285 asserat
1308 2244 1321 2281 :
1363 2225 1521 2283 Hunc
1564 2226 1761 2283 librum

150 2319 427 2388 Hilarius,
457 2330 516 2376 ut
541 2322 654 2393 ipse
691 2330 926 2391 testatur,
960 2321 1108 2377 vertit
1135 2337 1163 2377 e
1201 2336 1392 2394 graec,
1424 2321 1515 2375 sed
1558 2320 1656 2375 hac
1694 2321 1764 2376 li-

152 2412 383 2480 bertate,
413 2423 470 2470 ut
489 2414 673 2487 ultique
697 2415 938 2489 neglectis
964 2414 1127 2470 verbis
1145 2414 1446 2471 sententiam
1472 2414 1626 2469 modo
1647 2398 1766 2468 red-

153 2510 251 2564 dot
272 2551 287 2575 ,
318 2516 368 2563 et
406 2508 493 2564 ubi
539 2508 682 2565 locus
720 2510 935 2577 invitat,
968 2508 1165 2580 aliquid
1195 2507 1259 2562 de
1303 2524 1398 2563 suo
1438 2507 1717 2564 admisceat
1745 2523 1764 2562 :

152 2618 317 2675 quam
343 2601 625 2659 libertatem
664 2601 763 2658 sibi
802 2602 1046 2674 permittit
1085 2612 1131 2656 ct
1174 2602 1230 2656 in
1272 2601 1487 2674 psalmis
1516 2599 1761 2656 scribens.

152 2696 278 2754 Non
303 2698 450 2755 enim
479 2697 582 2755 fert
606 2698 911 2755 communis
936 2696 1207 2753 sermonis
1237 2710 1365 2753 usus
1384 2736 1400 2763 ,
1434 2704 1495 2751 ut
1521 2709 1659 2766 opus
1688 2695 1767 2751 la-

154 2790 336 2849 tinum
365 2789 578 2847 dicatur
605 2805 637 2846 e
663 2804 842 2862 graeco
868 2804 1109 2856 versum,
1138 2787 1283 2856 quod
1313 2787 1558 2859 quaedam
1584 2786 1765 2843 moni-

152 2897 344 2942 menta
391 2885 668 2942 contineat
721 2900 753 2941 e
796 2898 973 2955 graeco
1001 2884 1283 2941 translata.
1329 2882 1473 2949 Sed,
1518 2881 1767 2954 quamvis

154 2978 308 3034 aliud
330 2978 555 3034 omnino
576 2986 773 3034 sonent
797 2977 1009 3034 Erasmi
1039 2977 1339 3048 praesertim
1367 2975 1549 3043 verba,
1574 2976 1766 3032 demus

156 3079 347 3126 tamen
377 3084 473 3126 eos
511 3069 566 3125 in
612 3083 745 3125 unas
784 3068 1142 3125 Orientalium
1176 3066 1438 3123 formulas
1470 3066 1595 3122 huic
1623 3066 1765 3122 libro

156 3163 443 3220 admixtas
460 3164 793 3234 respexisse.
812 3162 966 3220 Unde
987 3161 1208 3225 habent,
1228 3161 1485 3216 Hilarium
1506 3161 1765 3231 neglectis

156 3255 369 3327 ubique
416 3255 598 3312 verbis
648 3254 1023 3311 tantummodo
1073 3252 1376 3310 reddidisse
1428 3253 1767 3309 sententias?

157 3349 414 3407 Aﬂ‘emnt
443 3349 657 3421 quidem
699 3348 842 3421 quod
875 3355 1102 3404 testatur
1129 3362 1278 3401 num.
1308 3344 1363 3412 9,
1396 3360 1457 3401 se
1481 3345 1766 3415 Ancyrana

158 3443 390 3501 decreta
422 3441 609 3499 verbis
632 3456 792 3513 quam
822 3439 1019 3511 poterit
1045 3437 1464 3495 ahsolutissimis
1486 3437 1766 3509 expositu-

157 3551 319 3602 rum;
354 3550 462 3592 non
493 3534 636 3605 quod
683 3548 792 3590 non
822 3533 891 3589 ab
919 3533 1038 3588 aliis
1062 3531 1174 3603 jam
1224 3530 1426 3587 fuerint
1469 3530 1609 3587 edita
1629 3571 1645 3596 ,
1677 3531 1769 3585 sed

157 3628 306 3702 quod
335 3644 401 3685 ea:
426 3643 594 3701 greco
627 3628 683 3682 in
712 3626 930 3682 latinum
953 3626 1021 3681 ad
1050 3626 1255 3683 uerbum
1282 3641 1522 3697 expressa
1547 3626 1773 3681 transla-

156 3723 235 3780 tio
262 3718 421 3790 a/fert
445 3721 742 3793 plerumque
763 3720 1147 3785 obscuritatem,
1178 3718 1300 3773 dum
1321 3717 1575 3773 custodita
1593 3718 1771 3772 verbo-

157 3831 280 3871 rum
309 3814 518 3870 collatio
544 3815 773 3869 eumdem
797 3813 1169 3868 absolutionem
1204 3826 1306 3866 non
1335 3820 1498 3879 potest
1518 3811 1588 3865 ad
1612 3810 1770 3865 intel-

161 3906 395 3980 ligentite
438 3906 815 3977 simplicitatem
853 3919 1174 3959 conservare.
1219 3904 1289 3959 At
1320 3904 1494 3974 primo
1522 3902 1591 3959 de
1638 3904 1773 3958 solis

160 4002 474 4073 Ancyranae
500 3998 691 4072 synodi
718 3995 1121 4054 definitionibus
1141 4011 1448 4052 sermonem
1472 3994 1561 4051 hic
1583 3994 1767 4051 habet.

161 4092 380 4150 Deinde
403 4106 718 4162 expressam
742 4091 809 4147 ad
840 4092 1065 4146 verbum
1096 4090 1501 4145 translationem
1534 4088 1774 4158 plerum-

160 4201 276 4259 que
322 4185 608 4242 obscuram
662 4199 784 4241 esse
826 4184 1102 4251 insinuat,
1154 4199 1264 4239 non
1311 4195 1579 4254 quatenus
1608 4184 1773 4239 verba

160 4279 386 4345 reddit,
428 4279 525 4335 sed
553 4287 824 4351 quatenus
852 4279 1102 4335 eumdem
1129 4279 1418 4335 verborum
1452 4293 1772 4346 numerum,

161 4373 419 4430 ordinem
475 4371 1000 4445 collocationemquc
1064 4372 1434 4444 scrupulosius
1489 4371 1726 4428 custodit
1757 4387 1793 4426 ε-

161 4466 318 4539 quod
351 4473 539 4536 aperte
566 4465 623 4522 in
650 4466 797 4522 Psal.
827 4482 993 4531 van,
1025 4482 1080 4521 n.
1113 4466 1203 4533 2|,
1237 4465 1499 4534 declarat,
1529 4480 1590 4521 se
1620 4465 1774 4520 uimi-

160 4574 291 4617 rttm
313 4558 426 4630 jam
454 4558 749 4624 monuisse,
772 4556 1380 4630 plerumqueinterpretes
1399 4568 1628 4625 cunctos,
1652 4559 1776 4614 dum

1865 1952 1989 2009 libri
2036 1949 2318 2006 Athanasii
2368 1948 2559 2005 eadem
2609 1947 2824 2003 ratione
2870 1944 3165 2018 inscripti,
3195 1958 3319 1999 cum
3356 1957 3466 2015 quo

1863 2044 2152 2119 quamdam
2207 2043 2410 2100 habere
2461 2042 2680 2098 videtur
2739 2040 3080 2098 affinitatem.
3131 2039 3466 2110 Quamquam

1863 2138 2006 2210 apud
2049 2135 2401 2194 Athanasium
2452 2134 2704 2207 specialis
2756 2142 2843 2191 est
2893 2132 3080 2189 titulus
3125 2131 3189 2186 de
3240 2129 3467 2203 Synodis

1867 2234 2175 2291 Ariminensi
2199 2242 2247 2288 et
2270 2230 2587 2287 Seleuciensi
2600 2244 2621 2296 ;
2644 2229 2713 2286 de
2733 2228 2928 2302 quibus
2949 2228 3186 2300 primum
3208 2226 3321 2299 agit
3339 2224 3467 2281 data

1865 2342 2061 2400 opera,
2104 2341 2169 2382 ac
2214 2334 2404 2397 postea
2450 2323 2600 2380 velut
2644 2338 2712 2380 ex
2757 2323 3046 2380 occasione
3073 2320 3257 2393 plures
3299 2316 3468 2375 refert

1867 2420 1994 2478 ﬁdei
2020 2419 2392 2478 confessiones
2424 2436 2437 2473 :
2472 2432 2578 2474 non
2608 2426 2666 2473 ut
2700 2430 2794 2474 eas
2834 2415 3083 2488 quidem,
3116 2411 3468 2487 quemadmo-

1826 2577 1837 2580 ,
1865 2516 1999 2574 dum
2024 2515 2283 2582 Hilarius,
2316 2512 2552 2585 benigne
2574 2520 2826 2578 excuset;
2854 2508 2950 2566 sed
2974 2518 3031 2565 ut
3058 2508 3383 2565 Arianorum
3411 2510 3465 2562 in

1869 2610 1976 2667 fide
2017 2608 2434 2665 inconstantiam
2473 2604 2830 2662 demonstret.
2874 2601 3028 2659 Unde
3057 2599 3139 2668 ﬁt,
3168 2610 3227 2656 ut
3255 2599 3467 2656 etiamsi

1868 2700 2324 2774 utriusque‘Opus
2350 2701 2403 2756 in
2451 2699 2553 2755 hoc
2593 2699 2770 2754 simile
2796 2696 2895 2763 sit,
2926 2695 3068 2768 quod
3114 2695 3273 2753 ambo
3311 2694 3467 2751 exhi-

1868 2796 2033 2853 beant
2066 2795 2248 2866 plures
2271 2791 2625 2850 Orientalium
2665 2789 2787 2846 fidei
2816 2788 3161 2845 definitiones
3191 2806 3205 2841 :
3233 2803 3354 2846 cum
3385 2796 3468 2844 ta-

1868 2902 1993 2944 men
2033 2887 2313 2955 utriusque
2342 2883 2498 2939 valde
2523 2882 2794 2939 diversum
2825 2881 2898 2937 sit
2922 2880 3207 2937 consilium
3226 2880 3255 2947 ,’
3274 2894 3374 2937 nec
3404 2881 3472 2935 ti-

1870 2982 2012 3038 tulus
2057 2977 2343 3036 Athanasii
2391 2977 2529 3034 libro
2572 2984 2908 3048 prtenotatus
2968 2974 3036 3029 ad
3085 2989 3203 3029 catn
3253 2973 3469 3045 proprie

1870 3083 2078 3146 partem
2106 3072 2401 3144 pertineat,
2429 3083 2553 3140 qua:
2579 3081 2701 3123 cum
2730 3067 2833 3123 hoc
2864 3065 3047 3121 Hilarii
3078 3065 3253 3136 Opere
3277 3064 3470 3120 similis

1868 3175 2123 3239 apparet;
2158 3165 2318 3221 unius
2358 3162 2638 3234 inscriptio
2663 3175 2772 3216 non
2803 3160 2996 3216 debeat
3022 3173 3144 3214 esse
3181 3171 3369 3213 norma
3392 3157 3470 3212 al-

1793 3261 1837 3325 C
1873 3260 2062 3316 terius.
2092 3258 2278 3327 Itaque
2309 3257 2416 3312 hoc
2442 3255 2589 3326 Opus
2620 3268 2726 3310 non
2757 3253 2864 3308 alio
2894 3251 3112 3307 nomine
3137 3250 3205 3305 ab
3230 3250 3347 3320 ipso
3377 3248 3469 3304 Hi-

1872 3354 2008 3411 lario
2027 3351 2346 3423 inscriptum
2377 3356 2626 3421 putamus
2645 3390 2660 3416 ,
2688 3362 2846 3419 quam
2872 3361 3060 3403 eorum
3082 3344 3149 3401 ad
3175 3358 3310 3416 quos
3337 3341 3470 3398 illud

1872 3449 2037 3505 misit.
2072 3446 2143 3503 Et
2168 3445 2383 3518 quidem
2417 3445 2469 3500 in
2510 3443 2763 3499 omnibus
2792 3440 2977 3513 proba:
3009 3450 3151 3497 notte
3176 3453 3309 3494 mss.
3341 3437 3472 3493 sim-

1872 3541 2085 3613 pliciter
2111 3537 2329 3611 epistola
2369 3543 2707 3607 nuncupatur
2733 3554 2745 3590 :
2781 3549 2955 3605 neque
2983 3533 3143 3587 aliter
3164 3528 3416 3585 laudatur
3439 3542 3470 3582 a

1872 3634 2131 3693 Facundo
2155 3630 2457 3697 Hermian.,
2491 3629 2586 3685 lib.
2612 3645 2667 3694 x,
2693 3642 2744 3685 c.
2772 3627 2805 3683 6
2834 3643 2847 3681 :
2880 3625 2943 3680 Β.
2972 3624 3242 3690 Hilarius,
3274 3621 3466 3692 inquit,

1872 3727 2190 3784 Arianorum
2220 3724 2600 3796 potentissimus
2640 3730 2788 3792 atque
2819 3719 3101 3773 acerrimus
3128 3726 3470 3788 expugnator,

1872 3830 1920 3876 et
1940 3819 2382 3877 constantissimus
2402 3817 2525 3887 fidei
2548 3815 2856 3870 Christiania
2875 3812 3133 3881 defensor,
3155 3811 3210 3865 in
3250 3807 3469 3878 epistola

1872 3933 2026 3987 quant
2057 3916 2119 3971 de
2148 3914 2329 3969 exsilio
2362 3912 2567 3984 scripsit
2607 3910 2861 3983 episcopis
2901 3906 3189 3962 Germanice
3215 3906 3398 3977 primm
3426 3912 3473 3960 et

1873 4008 2162 4071 Germania:
2185 4008 2445 4072 secundm,
2478 4012 2584 4060 etc.
2608 4003 2807 4058 Verum
2834 4010 2891 4056 ut
2917 4000 3058 4056 absit
3083 3998 3337 4054 novitatis
3356 4011 3474 4052 mo-

1874 4102 2029 4160 lestia
2050 4143 2065 4169 ,
2092 4100 2307 4156 titulum
2341 4107 2615 4169 receptum
2643 4096 2706 4151 de
2746 4093 2975 4166 Synodis
3016 4105 3125 4147 non
3156 4097 3425 4146 mutamus
3454 4106 3468 4144 :

1875 4197 1963 4253 cui
1995 4205 2172 4251 tamen
2201 4194 2515 4264 adjicimus,
2548 4206 2639 4246 seu
2664 4191 2729 4244 de
2756 4189 2860 4259 ﬁde
2905 4185 3276 4249 Orientalium,
3321 4192 3384 4239 ut
3418 4183 3473 4239 in

1878 4290 2055 4345 fronte
2100 4286 2297 4342 haheat
2341 4285 2512 4344 lector
2556 4282 2772 4338 brevem
2812 4295 2999 4337 eorum
3046 4292 3168 4351 qua:
3198 4274 3473 4332 tractanda

1876 4391 2000 4439 sunt
2023 4380 2275 4436 indicem.

1952 4473 2038 4530 Vl.
2057 4472 2101 4527 Τ
2103 4480 2327 4527 ructatus
2354 4469 2438 4525 hic
2465 4470 2769 4525 auctoritate
2795 4465 3199 4522 commendatur.
3224 4493 3297 4505 —-
3324 4461 3478 4518 Hunc

1880 4576 2190 4632 tractatum,
2220 4580 2380 4636 quem
2407 4562 2667 4621 orationis
2693 4560 2924 4616 fructum
2944 4601 2960 4627 ,
2991 4559 3140 4630 pacis
3168 4571 3353 4613 semen
3375 4596 3392 4621 ,
3420 4562 3477 4611 et

164 4655 564 4711 collocationem
602 4654 933 4724 ordinemque
958 4653 1227 4708 verborum
1253 4652 1514 4708 demutare
1557 4671 1619 4709 ac
1646 4664 1774 4709 tem-
1800 4665 1854 4725 Ῑ)
1880 4676 2101 4734 germen
2142 4658 2384 4715 caritatis
2428 4655 2812 4728 cognominare
2857 4655 3003 4719 licet,
3028 4651 3284 4723 Vigilium
3306 4649 3472 4720 Taps.

164 4763 361 4820 perure
381 4764 482 4802 non
509 4746 716 4815 audent,
764 4746 934 4800 minus
964 4745 1189 4801 dilucide
1216 4746 1577 4817 proprietatem
1605 4747 1778 4801 decla-

163 4858 316 4898 rasse
341 4840 617 4895 dictorum.
646 4838 930 4895 Postremo
958 4839 1049 4910 qui
1073 4853 1251 4909 graeca
1275 4840 1523 4910 exempla
1551 4854 1674 4895 cum
1701 4839 1777 4893 la-

165 4936 288 4992 tina
318 4932 504 4989 Hilarii
533 4933 785 4988 versione
805 4931 1120 4997 contendet,
1152 4930 1310 4987 facile
1337 4931 1663 4987 assentietur
1687 4930 1776 4985 vix

165 5028 342 5085 ullam
370 5025 612 5097 potuisse
636 5024 831 5082 confici
855 5025 1049 5083 littera:
1076 5024 1406 5080 tenaciorem
1432 5042 1445 5079 :
1475 5033 1530 5080 et
1554 5023 1780 5096 perinde

168 5123 490 5187 Erasmum,
518 5118 797 5176 Gillotium
825 5128 986 5189 atque
1015 5117 1312 5174 Scultetum
1342 5116 1411 5173 de
1447 5132 1509 5175 re
1535 5116 1641 5174 sibi
1672 5130 1777 5172 non

166 5226 458 5287 comperta
480 5216 643 5272 verba
674 5215 852 5272 facere
873 5216 1132 5272 voluisse.

248 5312 318 5369 ν.
352 5312 574 5368 Titulus.
604 5342 675 5355 -—
697 5312 754 5369 Si
776 5312 937 5368 etiam
990 5313 1210 5383 propius
1237 5311 1779 5383 inspexissenttotius

169 5405 344 5477 hujus
373 5403 568 5475 Operis
598 5404 891 5470 rationem,
925 5403 1294 5474 displicuisset
1330 5404 1411 5460 eis
1436 5404 1686 5476 vulgatus
1718 5404 1785 5460 ti-

172 5501 363 5563 tulus,
404 5497 487 5553 De
525 5499 738 5571 synodis
780 5498 903 5569 ﬁdei
947 5499 1214 5555 catholica:
1253 5509 1432 5554 contra
1475 5499 1694 5555 Arianos
1738 5510 1783 5555 et

173 5591 606 5669 praearicatores
631 5590 841 5646 Arionis
860 5592 1251 5661 acquiescentes.
1293 5592 1458 5661 Quasi
1490 5607 1622 5649 vero
1655 5609 1783 5666 syn-

175 5688 306 5755 odi,
336 5700 564 5756 quarum
593 5686 960 5758 expositiones
1003 5687 1403 5757 complectitur,
1434 5702 1463 5741 a
1493 5685 1783 5744 Catholicis

174 5787 377 5839 contra
403 5779 638 5835 Arianos
666 5778 864 5835 habitae
910 5778 1143 5848 fuerint,
1171 5787 1228 5836 et
1254 5794 1362 5836 non
1396 5783 1573 5851 potius
1598 5782 1667 5838 ab
1706 5781 1786 5853 ip-

175 5856 377 5933 sismel
405 5858 694 5933 maximum
723 5882 931 5944 partem
964 5874 1175 5931 Arianis
1203 5881 1295 5930 aut
1318 5884 1468 5930 certe
1493 5875 1786 5933 Semiaria-

1877 4753 2080 4810 vidisse
2103 4751 2273 4823 liquet
2294 4765 2361 4806 ex
2388 4749 2529 4805 libro
2554 4748 2721 4819 ipsius
2743 4762 2775 4800 v
2790 4757 2976 4802 contra
3001 4743 3304 4818 Eutychen,
3324 4758 3472 4797 nunt.

1878 4850 1934 4916 5,
1962 4863 2063 4904 nec
2101 4846 2235 4901 satis
2277 4842 2576 4899 advenisse
2602 4856 2710 4913 quo
2749 4848 3036 4910 spectaret.
3068 4837 3328 4894 Eumdem
3364 4836 3478 4891 lau-

1878 4941 2027 4998 davit
2069 4936 2358 4995 Facundus
2400 4951 2508 4991 non
2575 4936 2750 5003 solum
2801 4933 2897 4988 lib.
2936 4949 3004 4999 x,
3046 4947 3166 5003 cap.
3208 4932 3262 5000 6,
3292 4930 3386 4986 sed
3424 4940 3480 4986 et

1882 5036 1975 5091 lib.
2000 5048 2102 5099 xu,
2129 5045 2250 5102 cap.
2275 5030 2330 5099 ὅ,
2356 5027 2689 5100 Augustinus
2711 5041 2842 5082 vero
2867 5026 3028 5098 epist.
3057 5018 3212 5091 xcnt,
3234 5040 3384 5080 ntnn.
3408 5023 3473 5078 51

1880 5143 1934 5189 et
1961 5131 2053 5196 52,
2084 5130 2345 5186 adversus
2394 5126 2740 5183 Vincentium
2786 5122 3122 5193 Rogatistam
3166 5119 3474 5176 vindicavit.

1881 5223 2041 5281 Tanti
2068 5232 2246 5277 autem
2277 5220 2428 5276 illum
2454 5219 2580 5275 fecit
2604 5217 2961 5289 Hieronymus
2982 5255 2997 5281 ,
3030 5224 3086 5269 ut
3115 5215 3327 5284 proliria
3354 5226 3478 5267 eum

1883 5329 2045 5371 manu
2075 5312 2445 5383 descripserit.
2488 5310 2763 5366 Prolixum
2786 5309 2964 5372 valde,
3000 5307 3173 5376 inquit
3201 5305 3362 5375 epist.
3403 5319 3476 5371 vr,

1883 5406 1950 5464 ad
2001 5405 2371 5472 Florentium,
2421 5405 2607 5460 librum
2651 5403 2713 5457 dc
2762 5400 2989 5473 Synodis
3035 5401 3193 5453 sancti
3246 5396 3479 5463 Hilarii,

1882 5515 2031 5571 quem
2059 5499 2106 5553 ei
2132 5496 2274 5570 apud
2300 5495 2533 5551 Treviros
2574 5510 2730 5550 manu
2773 5509 2886 5547 mea
2926 5491 3034 5561 ipse
3075 5489 3444 5560 descripseram
3465 5530 3480 5555 ,

1883 5609 2028 5662 teque
2054 5602 2110 5647 ut
2136 5592 2261 5646 milii
2293 5593 2577 5663 transferas
2603 5599 2738 5663 peto.

1958 5686 2069 5743 γιι.
2100 5684 2385 5755 Speculum
2410 5693 2484 5740 est
2507 5685 2749 5738 uirtutum
2790 5681 3001 5737 Hilarii.
3036 5679 3333 5736 Prtesertim
3357 5681 3482 5736 leni-

1885 5782 2030 5837 tatis.
2054 5779 2334 5850 -—Neque
2372 5777 2444 5833 ob
2478 5778 2580 5833 hoc
2626 5775 2803 5832 solum
2852 5775 3314 5832 commendandus
3358 5782 3442 5831 est
3469 5815 3485 5842 ,

1885 5875 2031 5949 quod
2062 5874 2213 5946 plura
2243 5871 2489 5929 continet
2516 5879 2664 5942 gesta
2704 5884 2825 5942 quae
2871 5868 3149 5924 historiam
3181 5867 3481 5935 illustrant,
