3996 6330
445 317 550 375 ι87

1655 301 1904 360 SANCTI
1944 299 2203 358 lllLARll
2245 296 2550 358 EPISCOPI

3650 295 3750 353 488

446 433 627 504 Ipsam
655 437 834 485 autem
870 442 935 484 cx
977 423 1150 482 solido
1181 420 1510 494 impiissimte
1551 419 1902 490 blasphemiae
1929 433 2054 489 pes-
2079 419 2136 480 Α
2158 417 2359 473 debere
2390 415 2668 488 praedicari
2695 430 2710 481 ;
2759 413 3026 486 quiaipse
3053 413 3313 470 Dominus
3356 412 3521 469 dixit:
3572 411 3666 467 Ibo
3691 415 3755 468 ad

456 533 566 580 tcm
598 524 794 577 invitus
819 521 941 575 licet
965 517 1179 574 subdidi
1205 559 1219 583 ,
1252 528 1309 571 ut
1338 514 1410 586 (a)
1453 513 1865 584 responsiomnn
1896 554 1909 576 ,
1936 527 2056 581 quae

455 633 486 674 e
511 617 726 672 diverso
756 614 823 668 ab
851 611 1216 669 Orientalibus
1246 608 1436 680 posita:
1465 614 1589 660 sunt
1613 646 1628 671 ,
1671 603 1974 659 absolutius
2002 611 2058 658 ct

456 713 625 766 virtus
653 718 709 767 et
751 708 888 764 ratio
916 713 1260 771 nosceretur,
1289 703 1484 774 quibus
1517 700 1592 772 (b)
1621 699 1780 754 studii
1812 699 1913 753 fuit
1937 739 1952 763 ,
2002 709 2058 753 ut

457 802 750 860 secundmn
783 799 1149 870 intelligentire
1189 812 1302 853 suae
1331 810 1552 851 sensum
1581 792 1832 849 omnibus
1881 790 2057 848 luere-

459 902 687 958 ticortun
723 899 928 954 artibus
957 895 1310 953 contraircnt.

461 1035 533 1110 (ι’)
566 1034 874 1106 Exemplum
903 1030 1248 1102 Blasphemia:
1275 1025 1429 1099 Apud
1477 1024 1726 1082 Sirmium
1766 1039 1853 1094 per
1882 1023 2062 1078 Osium

720 1135 766 1182 et
796 1123 1087 1180 Potamiunt
1108 1121 1412 1193 conscripta:
1442 1120 1604 1194 (anno
1627 1120 1781 1190 557).

537 1263 623 1319 il.
659 1261 827 1316 Deum
856 1277 962 1316 esse
992 1276 1170 1314 unum.
1220 1257 1535 1313 Substantia:
1574 1273 1741 1312 vocent
1774 1258 2061 1312 tacendum.

467 1355 678 1416 Patrem
695 1357 832 1412 Filio
858 1373 964 1411 esse
985 1356 1251 1427 majorem.
1268 1383 1338 1395 —
1356 1371 1374 1404 ι
1402 1352 1538 1409 Cum
1559 1353 1813 1408 nonnulla
1843 1362 2059 1422 putare-

467 1464 556 1510 tur
581 1467 704 1508 esse
733 1451 800 1507 de
827 1450 930 1505 ﬁde
973 1447 1136 1521 5.65
1164 1446 1487 1517 disceptatio
1507 1487 1522 1512 ,
1569 1445 1857 1516 diligenter
1884 1444 2062 1499 omnia

466 1548 608 1621 apud
639 1531 892 1603 Sirmium
923 1552 1146 1599 tractata
1171 1551 1298 1597 sunt
1321 1551 1377 1598 et
1396 1540 1671 1605 discussa,
1707 1539 2062 1610 praesentibus

467 1639 824 1700 sanctissimis
851 1637 1104 1694 fratribus
1133 1645 1190 1692 et
1208 1635 1544 1706 coepiscopis
1569 1634 1788 1701 nostris,
1813 1632 2058 1698 Valente,

469 1735 692 1794 Ursacio
732 1741 789 1790 et
837 1731 1114 1789 Germinio
1157 1728 1258 1802 (ά).
1307 1727 1482 1784 Unum
1517 1727 1591 1800 (e)
1642 1734 1854 1783 constat
1903 1727 2068 1782 Deum

469 1842 591 1885 esse
617 1825 1043 1895 omnipotentem
1077 1823 1145 1894 (Γ)
1175 1831 1231 1877 et
1257 1829 1463 1892 patrem
1490 1863 1504 1884 ,
1552 1821 1691 1875 sicut
1716 1835 1813 1890 per
1852 1819 2072 1874 univer-

470 1938 591 1980 sum
620 1922 806 1978 orbem
835 1919 1105 1976 creditur:
1154 1927 1209 1974 ct
1253 1917 1470 1973 unicum
1514 1916 1683 1972 filium
1728 1917 1845 1988 ejus
1885 1916 2070 1973 Jesum

471 2017 749 2074 Christum
801 2005 1086 2070 Dominum
1133 2011 1455 2066 salvatorem
1504 2018 1789 2078 nostrum,
1841 2027 1908 2067 ex
1956 2011 2073 2082 ipso

472 2118 602 2166 ante
629 2108 824 2166 saecula
850 2107 1113 2192 genitum.
1146 2104 1290 2160 Duos
1320 2112 1498 2159 autem
1521 2102 1652 2159 deos
1673 2118 1773 2159 nec
1795 2118 1952 2174 posse
1973 2120 2076 2162 nec

587 2275 664 2345 (a)
698 2268 1098 2345 Responsiones
1128 2268 1534 2345 Ancyranorum
1561 2263 1779 2319 Patrum
1802 2280 1908 2345 non
1952 2274 2080 2319 sunt

475 2335 694 2416 quidem
749 2335 947 2416 pergsc
1000 2339 1172 2416 primo
1231 2335 1421 2416 posita:
1467 2335 1724 2416 adversus
1774 2337 2074 2416 subjectum

474 2407 823 2476 Sirmiensém
857 2407 1165 2477 formulam,
1199 2407 1292 2464 sed
1326 2409 1584 2463 adversus
1612 2407 1864 2470 Eudoxii,
1891 2408 2072 2463 Acacii

477 2493 816 2559 aliorumque
841 2484 1272 2559 Aetiifautorum
1287 2480 2073 2559 ΔΑιιιίς>ε1ιἱειιιιιοιιεςιθςειιοι·ιιιιι

477 2551 780 2618 sententias
811 2568 867 2613 et
894 2557 1076 2622 verba,
1103 2569 1223 2624 qua:
1251 2553 1320 2607 ab
1356 2551 1678 2624 Epiphanio,
1711 2552 1844 2624 hzer.
1871 2567 2033 2624 Lxxut
2057 2593 2073 2618 ,

481 2651 536 2689 ιι.
565 2633 660 2700 21,
692 2629 1093 2700 describuntur.
1125 2622 1275 2700 :Quia
1316 2632 1492 2700 tamen
1523 2623 1573 2677 in
1605 2622 1685 2678 his
1705 2623 1990 2700 liudoxius
2017 2636 2078 2677 ac

478 2705 614 2760 socii
649 2695 790 2758 'cum
859 2699 1136 2757 Sirmiensi
1184 2695 1407 2750 formula
1465 2695 1867 2765 congruebant,
1919 2704 2078 2763 atque

481 2777 628 2832 illius
658 2783 936 2829 auctorum
963 2769 1211 2838 exemplo
1241 2769 1512 2836 provocati
1542 2767 1609 2838 ad
1637 2768 1777 2838 eain
1804 2765 2075 2833 publicum

481 2846 811 2919 proferenda
841 2849 1077 2919 animum
1108 2837 1451 2919 adiecerant;
1484 2837 1934 2919 eadem-decreta,
1956 2853 2078 2907 quae

482 2911 743 2974 adversus
773 2915 999 2972 Eudoxii
1032 2922 1086 2968 et
1115 2911 1442 2966 asseclarum
1471 2911 1765 2965 sententias
1793 2924 1886 2979 per
1905 2925 1965 2965 se
1989 2925 2077 2976 po-

484 2992 587 3046 sita
616 2999 764 3058 sunt,
797 3004 904 3043 non
934 2985 1156 3041 dubium
1187 2992 1270 3039 cst
1321 2981 1490 3053 posita
1522 2997 1644 3037 esse
1678 2981 1937 3036 adversus
1967 2979 2082 3036 Sir-

482 3063 744 3119 miensem
773 3058 1182 3130 blasphemiam.

556 3134 630 3205 (b)
659 3126 920 3202 Expressa
949 3137 1032 3205 est
1054 3129 1140 3183 hic
1174 3130 1228 3184 in
1254 3128 1458 3199 aliquot
1479 3141 1608 3182 mss.
1642 3126 1830 3182 vocula
1861 3126 1934 3192 id,
1959 3140 2081 3196 quae

484 3208 536 3263 in
573 3204 872 3276 potioribus
898 3204 1173 3276 reticetur.

556 3268 630 3350 (ἐ)
665 3276 902 3350 'l‘itulnm
936 3273 1084 3350 hunc
1110 3273 1176 3350 ab
1203 3273 1322 3342 ipso
1352 3269 1557 3350 Hilario
1586 3269 1884 3350 pra-fixum,
1941 3268 2077 3323 nihil

485 3342 575 3407 est
605 3342 704 3405 cur
743 3347 880 3416 apud
920 3344 1272 3416 Athanasium
1301 3351 1376 3416 et;
1399 3344 1676 3397 Socratem
1719 3342 2076 3416 requiramus.

2102 1885 2150 1946 B

2161 529 2360 588 patrem
2380 533 2550 572 meum
2587 526 2632 570 et
2659 516 2727 569 ad
2743 525 2940 588 patrem
2967 524 3210 578 vestrum,
3239 513 3307 565 ad
3332 513 3489 566 Deum
3520 529 3692 566 meum
3714 521 3758 565 et

2169 611 2238 664 ad
2264 608 2431 664 Deum
2457 618 2676 664 vestrum
2699 607 2878 682 (Joan.
2903 623 2996 672 xx,
3021 605 3136 678 17).
3189 605 3315 660 Ideo
3345 605 3584 660 omnium
3618 603 3760 660 Deus

2173 706 2250 777 (g)
2285 720 2419 760 unus
2445 715 2568 770 est,
2597 703 2736 759 sicut
2763 702 3054 774 Apostolus
3077 699 3282 756 docuit.
3333 701 3413 754 An
3451 697 3762 754 Ιιιάωοι-ιιπι

2163 799 2301 854 Deus
2339 799 2588 854 tantum?
2657 813 2825 852 nonne
2881 806 2927 851 et
2975 795 3248 868 gentium?
3298 793 3412 850 lmo
3437 805 3482 849 et
3512 795 3761 866 gentium.

2167 892 2422 959 Quoniam
2448 891 2652 960 quident
2680 906 2810 944 unus
2835 887 2974 943 Dens
2999 932 3012 954 ,
3052 889 3137 959 qui
3172 887 3250 959 (h)
3271 888 3528 960 justi/ient
3549 888 3768 942 circnm-

2166 986 2492 1039 cisionemex
2513 985 2634 1054 fide,
2653 994 2702 1038 et
2728 983 3035 1053 prwputium
3055 999 3143 1054 per
3163 982 3318 1051 fidem
3345 981 3521 1051 (Rom.
3558 998 3640 1045 In,
3677 981 3767 1048 29,

2167 1077 2302 1150 30).
2352 1078 2456 1134 Sed
2502 1086 2560 1133 et
2603 1088 2794 1132 cmtera
2849 1084 3256 1142 convenerunt,
3301 1089 3402 1131 nec
3455 1075 3624 1129 ullam
3673 1073 3767 1128 ba-

2169 1173 2298 1229 bere
2339 1180 2632 1244 potuerunt
2657 1170 3087 1241 discrepantiam.
3135 1170 3290 1239 Quod
3330 1185 3455 1225 vero
3493 1167 3562 1242 (i)
3606 1183 3768 1240 quos-

2171 1263 2293 1318 dam
2336 1273 2428 1319 ant
2457 1263 2654 1319 multos
2698 1264 2947 1320 movebat
2978 1263 3044 1318 de
3072 1263 3369 1319 substantia
3399 1305 3412 1328 ,
3442 1278 3566 1333 qum
3596 1277 3769 1333 grasce

2174 1357 2289 1412 usia
2315 1357 2640 1427 appellatur,
2671 1357 2720 1411 id
2752 1364 2834 1412 est
2875 1354 2894 1427 (
2921 1366 2979 1410 ut
3009 1355 3327 1425 expressius
3355 1355 3769 1426 intelligatur),

2174 1449 2520 1514 homousion,
2557 1447 2629 1523 (ἀ)
2658 1458 2746 1503 aut
2777 1449 2920 1519 quod
2944 1449 3142 1504 dicitur
3173 1448 3538 1511 bomaansion,
3571 1449 3770 1503 nullam

2173 1544 2394 1598 omnino
2424 1543 2542 1599 ﬁeri
2593 1552 2845 1614 oportere
2886 1542 3257 1609 mentionem;
3307 1557 3408 1598 nec
3445 1557 3773 1614 quemquam

2175 1637 2472 1709 przedicare
2504 1635 2579 1707 (k)
2609 1651 2668 1689 ea
2708 1635 2777 1691 de
2806 1650 2964 1690 causa
2997 1647 3050 1691 et
3077 1635 3285 1691 ratione
3310 1635 3453 1707 quod
3483 1650 3594 1692 nec
3622 1636 3676 1690 in
3699 1634 3774 1690 di-

2175 1731 2316 1785 vinis
2347 1729 2639 1800 Scripturis
2670 1730 3044 1794 contineatur,
3093 1737 3146 1784 ct
3175 1727 3316 1800 quod
3345 1735 3509 1797 super
3541 1725 3776 1784 hominis

2177 1823 2455 1879 scientiam
2493 1825 2596 1888 sit,
2649 1838 2750 1878 nec
2780 1824 3063 1894 quisquam
3094 1822 3264 1892 possit
3291 1823 3629 1878 nativitatem
3660 1821 3775 1876 Filii

2177 1932 2468 1986 enarrare,
2510 1918 2577 1972 de
2612 1933 2718 1989 quo
2747 1917 3016 1988 Scriptum
3067 1926 3183 1986 cst,
3233 1915 3635 1972 Generationem
3674 1917 3777 1987 ejus

2180 2013 2295 2086 quis
2319 2014 2577 2067 enarrabit
2619 2012 2638 2086 (
2665 2013 2807 2067 Esai.
2836 2029 2949 2077 LIII,
2979 2012 3011 2068 8
3039 2009 3058 2083 )
3083 2009 3106 2065 't
3137 2012 3290 2068 Scire
3319 2022 3491 2067 autem
3520 2009 3781 2066 manifes-

2184 2119 2294 2164 tum
2323 2117 2402 2164 est
2432 2108 2603 2162 solum
2626 2107 2837 2163 Patrem
2853 2105 3124 2177 quomodo
3140 2104 3578 2177 genueritfilium
3603 2117 3778 2171 suum,

2251 2268 2332 2341 (tl)
2362 2269 2516 2341 Apud
2544 2269 2897 2325 Athanasium
2921 2279 2973 2322 ct
3003 2269 3283 2341 socratem
3311 2266 3529 2321 additur
3559 2264 3650 2320 hic
3675 2307 3691 2329 ,
3736 2269 3784 2317 et

2182 2340 2322 2396 aliis.
2356 2340 2540 2395 Nullos
2568 2341 2700 2397 alios
2733 2341 3007 2396 Endoxius
3055 2340 3176 2394 loco
3205 2340 3484 2396 Sozomcni
3519 2353 3652 2393 mox
3681 2351 3787 2391 me-

2185 2422 2396 2468 morato
2428 2414 2686 2467 nominat.
2737 2413 2941 2468 lluicnc
2984 2411 3275 2466 convcntui
3309 2408 3616 2465 interfuerit
3645 2408 3784 2462 Con-

2184 2487 2433 2546 stantius.
2471 2486 2756 2540 incertum.
2791 2485 2895 2540 Sed
2931 2486 2972 2539 si
3003 2482 3338 2540 interfuisset
3365 2526 3379 2547 ,
3412 2497 3598 2538 nonne
3625 2479 3785 2536 Ursa-

2180 2559 2248 2612 cii
2277 2567 2333 2613 ct
2368 2558 2604 2612 Valentis
2649 2559 2906 2612 intererat
2930 2567 2990 2611 ut
3015 2555 3067 2610 id
3097 2555 3431 2611 declararent
3458 2597 3472 2618 ,
3521 2571 3635 2626 quo
3685 2557 3786 2612 foro

2183 2630 2341 2684 mula:
2368 2646 2479 2685 sua:
2513 2629 2800 2684 accederet
2827 2628 3166 2683 auctoritatis
3191 2628 3356 2683 robur
3377 2633 3394 2678 ’ἐ
3423 2627 3504 2681 An
3531 2643 3667 2683 vero
3689 2629 3785 2686 hoc

2184 2711 2414 2763 tacuere,
2446 2710 2501 2754 ιιι
2525 2701 2819 2754 Catholicis
2847 2701 3018 2754 solum
3052 2697 3162 2754 Osii
3198 2716 3389 2754 nomen
3422 2699 3596 2768 magis
3616 2700 3787 2768 impo-

2184 2780 2335 2827 neret
2356 2773 2379 2825 ?
2404 2773 2563 2827 Certe
2597 2774 2858 2826 interesse
2890 2771 3082 2841 potuit,
3109 2771 3196 2838 qui
3216 2787 3357 2826 anno
3371 2769 3494 2834 557,
3523 2771 3780 2827 Sirmium

2184 2843 2266 2898 bis
2309 2844 2605 2900 accessisse
2659 2843 2873 2914 legitur.
2922 2842 3238 2898 Ammianus
3281 2843 3496 2914 quippe,
3526 2841 3622 2895 lib.
3654 2859 3741 2898 am
3769 2884 3784 2910 ,

2187 2916 2416 2979 scribit,
2449 2913 2821 2970 Constantium
2850 2913 2884 2968 4
2926 2914 3033 2969 kal.
3085 2914 3265 2983 iunias
3303 2915 3370 2968 ab
3393 2913 3538 2970 Urbe
3573 2916 3786 2982 profec-

2192 2995 2300 3041 tum
2336 3003 2428 3057 per
2454 2985 2768 3041 Tridentum
2823 2989 2874 3040 in
2942 2986 3214 3058 Illyricum
3236 3056 3244 3058 _
3267 2987 3366 3040 iter
3401 2985 3690 3041 festinasse
3722 3001 3784 3041 ac

2191 3056 2447 3114 Sirmium
2498 3059 2731 3114 venisse.
2801 3056 3030 3112 Rursum
3087 3056 3268 3111 Sirmii
3331 3073 3449 3111 cum
3505 3058 3788 3114 exstitisse

2190 3145 2377 3185 mense
2401 3131 2698 3191 decembri.
2737 3129 2895 3185 tidem
2926 3130 3050 3185 facit
3079 3130 3200 3183 data
3225 3129 3293 3184 ab
3321 3144 3386 3183 eo
3413 3130 3496 3183 h-x
3556 3129 3626 3182 9.7
3651 3129 3786 3185 Cod.

2192 3201 2427 3269 Thcod.,
2463 3203 2529 3258 de
2558 3201 2983 3272 Apellationibns
3009 3219 3022 3264 ;
3046 3216 3167 3256 cum
3198 3201 3517 3256 intertnedio
3545 3209 3789 3271 tempore

2192 3273 2473 3330 Mediolani
2515 3289 2636 3328 cum
2671 3283 2931 3328 moratum
2963 3289 3084 3329 csse
3116 3282 3292 3342 pateat
3321 3289 3385 3328 ex
3415 3272 3579 3327 variis
3611 3273 3786 3344 legunt

2193 3345 2696 3414 subscriptionilnts.
2742 3345 2859 3400 Jam
2897 3344 2964 3399 tle
2996 3353 3239 3415 tempore
3272 3345 3427 3412 hujus
3458 3345 3690 3416 synodi,
3719 3361 3785 3399 an

487 3413 798 3492 Subiectam
837 3425 1014 3472 autem
1044 3415 1325 3492 formulam
1345 3414 1504 3492 Qsius
1525 3428 1630 3468 non
1673 3423 1778 3467 tam
1803 3413 2083 3492 scripsisse
2111 3413 2156 3477 C
2190 3417 2388 3492 medio,
2411 3413 2487 3492 an
2516 3428 2745 3492 exeunte
2774 3417 2876 3492 hoc
2904 3431 3045 3492 anno
3076 3413 3466 3492 habitalucrit,
3487 3413 3784 3486 quaeritur.

493 3483 760 3564 putandus
783 3500 886 3564 est,
923 3504 1078 3556 quam
1101 3487 1614 3564 Stlecrittll0n0_§lltt
1645 3483 2038 3564 ratatn_fecisse
2065 3499 2078 3536 :

491 3555 673 3620 ethoc
694 3606 708 3630 ,
751 3561 824 3616 uti
857 3555 1020 3616 testes
1044 3571 1168 3613 sunt
1197 3555 1472 3622 Socrates,
1504 3558 1599 3611 lib.
1625 3572 1684 3623 ιι,
1707 3571 1756 3610 c.
1782 3556 1870 3618 51,
1904 3570 1967 3609 ac
1985 3555 2083 3630 Sq-

490 3625 766 3700 zomcnus,
795 3633 887 3687 lib.
918 3647 991 3694 tv,
1022 3645 1068 3685 c.
1102 3629 1134 3684 6
1157 3637 1210 3685 et
1232 3630 1322 3698 12,
1342 3630 1391 3684 vi
1419 3625 2084 3700 tormentorumcompul-

489 3722 606 3775 sus,
631 3714 685 3762 et
709 3697 768 3761 ut.
794 3702 1062 3775 Sulpicius
1091 3701 1470 3775 Severus,_lib.
1502 3715 1561 3775 ll,
1585 3715 1650 3755 ex
1677 3697 1899 3775 perditis
1935 3697 2089 3750 Hila-

490 3780 558 3836 rii
586 3770 830 3850 epistolis
860 3770 1056 3850 tradit,
1099 3773 1409 3850 centenario
1442 3772 1644 3850 _r_najo_r.
1697 3770 1856 3850 Forte
1907 3777 2083 3850 tamen

491 3841 761 3908 eam'Osii
801 3863 922 3905 esse
964 3847 1085 3901 ideo
1115 3845 1395 3914 scripserit
1442 3843 1710 3908 Hilarius,
1745 3842 1868 3914 quia
1921 3841 2087 3914 ipsius

493 3923 710 3979 nomine
733 3923 879 3977 illam
906 3912 1356 3975 circumferebant
1383 3915 1587 3969 Ariani.
1612 3914 1725 3982 Qua
1750 3913 1816 3968 de
1845 3927 1902 3967 re
1929 3912 2089 3967 Ριιω-

493 3995 681 4050 badius
711 3995 896 4065 Agenn
923 4007 936 4044 :
966 3989 1084 4044 Non
1113 4005 1226 4045 sum
1255 3989 1525 4065 nescius...
1559 3985 1897 4065 antiquissimi
1919 3999 2089 4038 sacer-

492 4067 627 4122 dotis
653 4077 704 4121 et
736 4058 984 4135 prompta:
1012 4077 1210 4131 semper
1237 4061 1359 4135 ﬁdei
1385 4058 1498 4135 Qsii
1537 4075 1720 4135 nomen
1746 4059 1889 4124 quasi
1910 4072 2087 4135 quent-

493 4139 612 4194 dam
640 4139 694 4192 iu
722 4129 813 4192 nos
842 4129 1049 4191 arietem
1077 4129 1368 4206 temperari.
1402 4129 1836 4206 Quinimmissum
1861 4131 2086 4206 arietem

493 4211 788 4282 prudenter
814 4215 1090 4282 retorquet
1114 4201 1203 4259 his-
1226 4204 1402 4282 vcrbis
1563 4202 1838 4272 nonaginta
1866 4202 1970 4282 fere
1996 4216 2090 4252 an-

494 4272 575 4337 nis
595 4282 725 4335 male
740 4279 956 4334 credidit
981 4272 998 4343 ξ
1020 4287 1131 4345 post
1155 4277 1432 4348 nonaginta
1458 4273 1755 4348 illumrecte
1772 4272 2087 4348 sentireltou

496 4354 718 4408 credant.
741 4351 996 4407 Eamdem
1020 4343 1150 4404 Osio
1172 4343 1495 4415 adscriptam
1518 4345 1715 4415 vidisse
1734 4345 1946 4398 videtur
1970 4343 2089 4412 Epi-

497 4424 750 4494 phanius,
799 4423 931 4476 liter.
963 4434 1147 4486 Lxxnt,
1179 4435 1233 4473 ιι.
1271 4414 1364 4494 fit,
1392 4415 1482 4494 ubi
1512 4417 1585 4494 ait
1613 4433 1625 4468 :
1663 4414 1943 4494 Ecclesium
1968 4431 2090 4467 con-

498 4487 745 4550 demnare
762 4510 815 4547 se
836 4509 984 4565 posse
1011 4499 1253 4565 putarunt
1301 4489 1365 4565 iis
1394 4487 1604 4565 litteris,
1634 4503 1759 4556 quas
1787 4487 1850 4565 ab
1879 4501 2091 4565 venera-

499 4567 586 4623 bili
612 4555 850 4639 episcopo
884 4555 1136 4639 Osio'per
1166 4561 1401 4639 fraudein
1439 4555 1776 4639 optulerunt,
1807 4559 1860 4610 in
1911 4555 2091 4625 quibus

499 4629 762 4694 dissimilis
787 4629 1006 4690 essentia
1037 4629 1239 4704 legitur.
1268 4631 1362 4684 Cui
1386 4629 1705 4704 suffragatur
1732 4629 2060 4704 Sosomcnus
2077 4667 2090 4690 ,

499 4710 593 4766 lib.
619 4726 692 4778 tv,
724 4725 774 4762 c.
809 4707 895 4761 η.
922 4698 1192 4778 Ιιιιςτίεοε
1223 4716 1436 4773 quoque
1457 4698 1775 4778 ,__qu_i__han_c
1808 4698 2090 4778 formularii

499 4770 962 4846 conscripserunt,
992 4774 1178 4832 Osium
1207 4770 1455 4829 recenset
1483 4771 1703 4842 Vigilius
1725 4771 1913 4846 T_aps.,
1935 4770 2028 4846 lib.
2062 4785 2092 4822 v

500 4865 689 4908 contra
715 4841 1122 4924 Eutych-illius
1136 4855 1315 4901 tamen
1341 4841 1589 4924 auctores
1613 4843 1916 4924 przecipuos
1930 4841 2094 4924 fuisse

501 4923 780 4981 Ursacium
801 4913 841 4988 ,’
874 4921 1152 4976 Valentem
1177 4961 1192 4984 ,
1238 4928 1396 4988 atque
1423 4915 1722 4971 Potaminm
1767 4913 2096 4970 Phtebadius

503 5012 609 5052 non
640 4987 868 5052 obscure
894 4991 1180 5064 significat.
1215 4987 1330 5044 Hoc
1357 4997 1564 5064 spectat
1583 4987 1722 5064 _i_llud
1752 4987 2050 5064 _Sozo_m_eni
2078 5024 2092 5048 ,

502 5069 596 5125 lib.
630 5085 703 5135 tv,
736 5083 786 5122 c.
819 5065 907 5131 12,
939 5057 1081 5134 Quod
1109 5077 1228 5117 cum
1260 5061 1540 5135 agentibus
1583 5058 1835 5135 Ursacio,
1872 5057 2095 5135 Valente

501 5150 554 5198 et
585 5130 861 5198 Germinio
881 5130 1246 5191 consensisset
1273 5130 1452 5195 Osins,
1481 5140 1536 5186 ut
1559 5147 1731 5201 neque
1770 5130 2090 5185 homousion

505 5228 681 5283 neque
721 5208 1062 5283 bommusion
1094 5214 1446 5283 usurparetur
1473 5245 1486 5268 ,
1514 5211 1623 5283 etc.
1648 5221 1659 5254 :
1683 5203 1762 5256 Ad
1789 5211 2093 5283 eos,.utpote

502 5272 729 5354 qui-Usii
779 5297 932 5354 super
971 5295 1029 5333 ea
1058 5294 1116 5354 re
1161 5272 1350 5331 litteras
1394 5275 1790 5354 expressissent,
1825 5272 2093 5354 epistolam

504 5343 642 5410 misit
673 5343 966 5416 Eudofcius,
989 5348 1178 5419 gratias
1207 5364 1361 5417 agens
1380 5343 1620 5419 _Valenti,
1655 5343 2094 5419 Ursacioet-(g'er-

505 5428 682 5488 minio.
705 5415 1286 5493 eorumque'ministerio
1321 5416 1649 5493 adscribens,
1680 5416 1814 5484 quod
1846 5415 2094 5493 Occiden-

507 5498 634 5552 tales
659 5486 788 5551 recte
811 5486 1072 5550 sentirent.
1103 5492 1324 5557 fletuum
1352 5488 1585 5542 Hilarius
1616 5487 1748 5557 ipse,
1777 5501 1899 5541 cum
1924 5486 2019 5539 lib.
2041 5487 2091 5538 in

510 5568 816 5632 Constant.,
842 5585 896 5620 n.
921 5565 1026 5630 24,
1059 5561 1301 5630 ejusdem
1338 5559 1579 5632 formulae
1605 5561 1744 5612 dicta
1766 5558 2098 5632 deliramenta

512 5637 625 5691 Osii
651 5647 696 5691 et
725 5626 1030 5693 incrementa
1063 5626 1263 5688 Ursacii
1289 5639 1337 5685 et
1382 5628 1602 5682 Valentis
1633 5639 1902 5698 nuncupat
1927 5669 1942 5693 ,
1966 5626 2093 5698 quid

509 5707 615 5764 sibi
655 5707 767 5762 vult
815 5707 959 5763 aliud
990 5747 1006 5771 ,
1039 5704 1142 5760 nisi
1175 5717 1294 5758 eam
1324 5702 1391 5756 ab
1420 5699 1548 5756 Osio
1581 5700 1812 5771 quidem
1840 5715 1906 5771 ex
1947 5708 2098 5769 parte

510 5780 803 5910 g‘cripta'm,
857 5777 926 5833 ab
964 5770 1190 5833 Ursacio
1231 5781 1410 5832 autem
1449 5780 1505 5828 et
1550 5770 1776 5829 Valente
1814 5770 2093 5827 adauctam

537 5863 712 5905 uisse.

537 5863 712 5905 ιηεεοι

2191 3489 2265 3543 Ex
2297 3489 2482 3544 Hilarii
2509 3489 2692 3544 verbis
2727 3504 2789 3544 ea
2820 3491 2960 3544 inter
3003 3487 3142 3542 hanc
3171 3498 3227 3544 ct
3254 3489 3594 3560 Ancyranam
3624 3504 3789 3560 syno-

2187 3561 2311 3616 dum
2357 3561 2518 3616 debet
2558 3561 2892 3616 intercedcrc
2929 3561 3187 3630 temporis
3215 3576 3384 3626 mora,
3418 3571 3474 3614 ut
3504 3560 3787 3615 commode

2189 3633 2421 3700 potuerit
2472 3633 2614 3687 illius
2645 3632 2872 3688 formula
2903 3633 2955 3685 in
2987 3631 3191 3688 Gallias
3229 3632 3496 3702 deportari
3525 3672 3540 3696 ,
3590 3632 3786 3688 deinde

2187 3703 2590 3776 Gallicanorum
2620 3705 2995 3776 episcoporum
3025 3707 3312 3776 conrocari
3340 3703 3597 3776 synodus,
3621 3702 3782 3776 hujus

2188 3775 2377 3848 synodi
2407 3775 2618 3832 decreta
2650 3778 2701 3831 in
2736 3777 2925 3848 Asiam
2953 3777 3018 3830 ad
3065 3775 3330 3848 llilarium
3357 3816 3372 3840 ,
3405 3785 3451 3828 ct
3484 3775 3783 3848 abllilario

2189 3846 2254 3902 ad
2299 3847 2600 3904 Orientales
2630 3847 2852 3919 perferri
2881 3889 2894 3913 ,
2940 3849 3028 3918 qui
3058 3846 3331 3902 Gallorqu
3361 3846 3606 3919 exemplo
3634 3846 3789 3900 exci-

2193 3921 2306 3984 tati,
2342 3918 2677 3991 Ancyranam
2713 3920 2980 3992 synodum
3012 3920 3305 3992 coegerint.
3355 3918 3612 3985 Quocirca
3655 3932 3786 3987 pro-

2192 3993 2420 4047 babilior
2445 4002 2528 4046 est
2569 3991 2835 4047 sententia
2868 4005 3053 4045 eorum
3080 4031 3096 4057 ,
3145 3991 3236 4060 qui
3289 3991 3431 4046 hunc
3465 3999 3783 4044 conventum

2190 4064 2541 4121 Sirmieusem
2597 4063 2741 4120 circa
2799 4062 3034 4118 medium
3096 4077 3297 4117 annmn
3369 4062 3472 4118 557
3549 4061 3785 4116 habiturn

2191 4142 2434 4192 censent.

2269 4205 2342 4280 (ε)
2396 4205 2451 4260 1η
2482 4207 2672 4277 graccis
2701 4206 3112 4280 exemplaribus
3133 4204 3416 4262 Athanasii
3439 4214 3489 4260 et
3511 4204 3781 4272 Socratis,

2193 4278 2496 4338 συιιέστηκεν
2521 4319 2536 4344 ,
2583 4279 2829 4334 constitit.
2879 4278 3204 4334 lhoehadius
3237 4289 3419 4334 tamen
3444 4291 3558 4333 cum
3597 4289 3786 4332 nostro

2192 4351 2402 4408 Hilario
2432 4351 2560 4420 legit
2581 4359 2798 4405 constat.

2271 4421 2339 4494 (ι’)
2362 4421 2462 4494 Sic
2487 4438 2616 4494 mss.
2671 4422 2741 4477 At
2783 4421 3130 4494 particulaict
3175 4421 3228 4476 in
3262 4421 3495 4493 vulgatis
3520 4463 3534 4488 ,
3575 4435 3786 4477 necnon

2195 4492 2331 4564 apud
2360 4492 2654 4560 Phoebath
2690 4494 2947 4548 Atltanas.
2976 4503 3029 4549 ct
3049 4493 3258 4550 Socrat.
3285 4492 3624 4550 desideratur.

2196 4637 2228 4692 ι)
2269 4565 2344 4690 ἳςι)
2394 4565 2722 4621 Athanasius
2763 4576 2816 4620 et
2861 4564 3113 4622 Socrates
3144 4582 3252 4620 non
3283 4568 3582 4637 exprimunt
3611 4577 3783 4619 Voca-

2235 4653 2265 4692 u
2296 4653 2380 4690 um
2415 4653 2567 4692 unus.

2235 4642 2380 4692 ulum
2415 4653 2567 4692 unus.

2272 4708 2351 4781 (h)
2382 4708 2451 4781 ln_
2470 4708 2766 4777 potioribus
2797 4724 2926 4764 mss.
2955 4710 3280 4780 justi/icarit.
3327 4707 3462 4764 Cum
3493 4703 3785 4781 graccha-

2124 4777 2734 4864 οιιεξιιιιινβικαιᾴισει,
2792 4796 2894 4835 nec
2941 4777 3228 4864 quidquam
3278 4782 3329 4836 in
3380 4777 3784 4864 antiquis‘libris

2201 4853 2496 4907 solcnmins
2547 4855 2638 4918 sit,
2671 4868 2828 4922 quam
2856 4863 2912 4905 ιιι
2937 4851 2965 4905 b
2997 4853 3050 4907 in
3074 4849 3105 4906 ti
3147 4863 3410 4921 mutetur,
3434 4853 3575 4908 facile
3592 4849 3786 4904 damus

2201 4924 2481 4994 legendum
2512 4939 2633 4980 csse
2649 4924 2978 4994 justiﬁcabit.

2277 5015 2339 5090 (i)
2372 5017 2518 5087 Lips.
2547 5029 2597 5072 et
2629 5018 2776 5082 Par.,
2808 5019 3058 5087 quosdam
3098 5017 3237 5073 haud
3271 5022 3478 5076 multos.
3518 5018 3610 5074 Alii
3645 5031 3784 5072 vero

2201 5089 2323 5216 libs
2366 5090 2617 5177 quosdam
2660 5099 2748 5144 aut
2802 5091 3033 5146 multos:
3079 5094 3222 5162 quod
3267 5093 3432 5164 graeci
3478 5097 3782 5155 verterunt,

2201 5183 2265 5216 πο
2288 5203 2296 5213 ι
2326 5185 2414 5216 ους
2439 5184 2598 5216 τινας.
2800 5199 2814 5213 ο

2198 5183 2382 5217 πολλου
2392 5185 2414 5223 ς
2439 5184 2598 5223 τινας.

2272 5253 2349 5327 (j)
2379 5253 2468 5310 Sic
2499 5254 2733 5324 optimus
2761 5255 2932 5312 codex
2965 5255 3120 5312 Colb.
3144 5272 3266 5312 cum
3293 5257 3478 5315 Germ.
3502 5259 3661 5327 sicque
3695 5254 3781 5327 ιετ

2194 5326 2427 5400 gendum
2455 5335 2669 5400 constat
2705 5343 2772 5383 ex
2813 5330 3006 5398 grmcis
3043 5329 3464 5400 exemplaribus.
3501 5334 3564 5384 At
3587 5326 3782 5396 vulgati

2198 5397 2499 5452 homousion
2537 5399 2672 5468 quod
2703 5397 2893 5453 dicitur
2929 5410 3018 5453 aut
3041 5397 3379 5457 ltonttzusion.
3429 5402 3580 5456 Deest
3602 5408 3784 5454 autem

2201 5471 2251 5524 in
2287 5485 2416 5545 mss.
2447 5470 2636 5545 Car_n.,
2665 5471 2827 5526 Corb.
2859 5486 2922 5527 ac
2944 5473 3187 5542 pluribus
3211 5474 3365 5542 aliis,
3393 5485 3481 5529 aut
3503 5471 3624 5545 quod
3645 5468 3786 5522 dici-

2199 5551 2281 5595 tur
2311 5541 2643 5597 homwusion.

2275 5633 2350 5708 (k)
2382 5634 2538 5703 Bad.,
2568 5634 2662 5690 Er.
2693 5645 2752 5692 et
2781 5635 2926 5700 Min,
2955 5637 3132 5694 eadem
3173 5655 3283 5695 esse
3310 5636 3680 5706 ratione;Lips.
3721 5643 3787 5689 et

2202 5705 2360 5773 Palu,
2409 5724 2468 5762 ea
2516 5709 2578 5762 de
2622 5723 2782 5762 causa
2822 5709 3054 5764 ratione:
3101 5712 3457 5769 emcndantur
3489 5705 3549 5766 ex
3575 5705 3684 5762 mss.
3720 5715 3784 5759 et

2201 5793 2372 5848 graeca
2399 5779 2648 5838 versione
2675 5779 2759 5837 διὰ
2799 5782 2994 5842 ταύτην
3035 5788 3127 5846 τήν
3169 5785 3336 5843 αἰτίαν
3379 5787 3460 5841 καὶ
3503 5781 3578 5838 διὰ
3603 5784 3785 5836 τοῦτον

2203 5851 2286 5908 τὸν
2308 5851 2566 5927 λογισμὸν.
