  <div class='ocr_page' id='page_1' title='image "/cluster/home/n/w/nwhite01/storage/ocr_20150623/10/hvd.32044015471279/250.png"; bbox 0 0 3996 6330; ppageno 0'>
   <div class='ocr_carea' id='block_1_1' title="bbox 158 296 247 354">
    <p class='ocr_par' dir='ltr' id='par_1_1' title="bbox 158 296 247 354">
     <span class='ocr_line' id='line_1_1' title="bbox 158 296 247 354; baseline -0.011 0"><span class='ocrx_word' id='word_1_1' title='bbox 158 296 247 354; x_wconf 69' lang='grc'><strong>480</strong></span> 
     </span>
    </p>
   </div>
   <div class='ocr_carea' id='block_1_2' title="bbox 890 299 2604 409">
    <p class='ocr_par' dir='ltr' id='par_1_2' title="bbox 890 299 2604 409">
     <span class='ocr_line' id='line_1_2' title="bbox 890 299 2604 409; baseline 0.012 -52"><span class='ocrx_word' id='word_1_2' title='bbox 890 299 1096 358; x_wconf 82' lang='lat' dir='ltr'><strong>LIBER</strong></span> <span class='ocrx_word' id='word_1_3' title='bbox 1141 301 1226 359; x_wconf 84' lang='lat' dir='ltr'><strong>DE</strong></span> <span class='ocrx_word' id='word_1_4' title='bbox 1255 303 1561 379; x_wconf 79' lang='lat' dir='ltr'><strong>SYNODIS,</strong></span> <span class='ocrx_word' id='word_1_5' title='bbox 1603 307 1734 367; x_wconf 85' lang='lat' dir='ltr'><strong>SEU</strong></span> <span class='ocrx_word' id='word_1_6' title='bbox 1775 306 1866 369; x_wconf 85' lang='lat' dir='ltr'><strong>DE</strong></span> <span class='ocrx_word' id='word_1_7' title='bbox 1912 312 2067 372; x_wconf 81' lang='lat' dir='ltr'><strong>FIDE</strong></span> <span class='ocrx_word' id='word_1_8' title='bbox 2105 308 2604 409; x_wconf 60' lang='grc' dir='ltr'><strong>οηῐΕμΤΑιιυΜ.</strong></span> 
     </span>
    </p>
   </div>
   <div class='ocr_carea' id='block_1_3' title="bbox 3314 334 3421 393">
    <p class='ocr_par' dir='ltr' id='par_1_3' title="bbox 3314 334 3421 393">
     <span class='ocr_line' id='line_1_3' title="bbox 3314 334 3421 393; baseline 0 -1"><span class='ocrx_word' id='word_1_9' title='bbox 3314 334 3421 393; x_wconf 69' lang='grc'><strong>490</strong></span> 
     </span>
    </p>
   </div>
   <div class='ocr_carea' id='block_1_4' title="bbox 157 411 3415 521">
    <p class='ocr_par' dir='ltr' id='par_1_4' title="bbox 157 411 3415 521">
     <span class='ocr_line' id='line_1_4' title="bbox 157 411 3415 521; baseline 0.014 -55"><span class='ocrx_word' id='word_1_10' title='bbox 157 427 200 472; x_wconf 82' lang='lat' dir='ltr'><strong>et</strong></span> <span class='ocrx_word' id='word_1_11' title='bbox 217 411 406 521; x_wconf 33' lang='lat' dir='ltr'><strong>filium.</strong></span> <span class='ocrx_word' id='word_1_12' title='bbox 429 412 702 520; x_wconf 80' lang='lat' dir='ltr'><strong>quomodo</strong></span> <span class='ocrx_word' id='word_1_13' title='bbox 723 416 949 521; x_wconf 52' lang='lat' dir='ltr'><strong>genitus</strong></span> <span class='ocrx_word' id='word_1_14' title='bbox 963 421 1035 475; x_wconf 89' lang='lat' dir='ltr'><strong>sit</strong></span> <span class='ocrx_word' id='word_1_15' title='bbox 1058 436 1086 475; x_wconf 94' lang='lat' dir='ltr'><strong>a</strong></span> <span class='ocrx_word' id='word_1_16' title='bbox 1113 422 1290 521; x_wconf 77' lang='lat' dir='ltr'><strong>Patre.</strong></span> <span class='ocrx_word' id='word_1_17' title='bbox 1344 426 1495 483; x_wconf 85' lang='lat' dir='ltr'><strong>Nulla</strong></span> <span class='ocrx_word' id='word_1_18' title='bbox 1540 428 1710 485; x_wconf 90' lang='lat' dir='ltr'><strong>ambi-</strong></span> <span class='ocrx_word' id='word_1_19' title='bbox 1736 432 1784 492; x_wconf 77' lang='grc' dir='ltr'><strong>Α</strong></span> <span class='ocrx_word' id='word_1_20' title='bbox 1815 431 2189 493; x_wconf 83' lang='lat' dir='ltr'><strong>condiderunt.</strong></span> <span class='ocrx_word' id='word_1_21' title='bbox 2221 437 2327 493; x_wconf 85' lang='lat' dir='ltr'><strong>Sed</strong></span> <span class='ocrx_word' id='word_1_22' title='bbox 2349 439 2474 510; x_wconf 89' lang='lat' dir='ltr'><strong>quia</strong></span> <span class='ocrx_word' id='word_1_23' title='bbox 2498 440 2751 513; x_wconf 82' lang='lat' dir='ltr'><strong>frequens</strong></span> <span class='ocrx_word' id='word_1_24' title='bbox 2779 443 2936 502; x_wconf 89' lang='lat' dir='ltr'><strong>nobis</strong></span> <span class='ocrx_word' id='word_1_25' title='bbox 2960 451 3294 521; x_wconf 75' lang='lat' dir='ltr'><strong>nuncupatio</strong></span> <span class='ocrx_word' id='word_1_26' title='bbox 3322 467 3415 509; x_wconf 55' lang='lat' dir='ltr'><strong>es.</strong></span> 
     </span>
    </p>
   </div>
   <div class='ocr_carea' id='block_1_5' title="bbox 154 507 1712 592">
    <p class='ocr_par' dir='ltr' id='par_1_5' title="bbox 154 507 1712 592">
     <span class='ocr_line' id='line_1_5' title="bbox 154 507 1712 592; baseline 0.01 -29"><span class='ocrx_word' id='word_1_27' title='bbox 154 510 304 582; x_wconf 84' lang='lat' dir='ltr'><strong>guitas</strong></span> <span class='ocrx_word' id='word_1_28' title='bbox 335 514 444 572; x_wconf 66' lang='lat' dir='ltr'><strong>est,</strong></span> <span class='ocrx_word' id='word_1_29' title='bbox 476 507 734 577; x_wconf 83' lang='lat' dir='ltr'><strong>majorem</strong></span> <span class='ocrx_word' id='word_1_30' title='bbox 762 526 886 568; x_wconf 88' lang='lat' dir='ltr'><strong>esse</strong></span> <span class='ocrx_word' id='word_1_31' title='bbox 914 513 1155 573; x_wconf 86' lang='lat' dir='ltr'><strong>Patrem.</strong></span> <span class='ocrx_word' id='word_1_32' title='bbox 1200 518 1342 575; x_wconf 85' lang='lat' dir='ltr'><strong>Nulli</strong></span> <span class='ocrx_word' id='word_1_33' title='bbox 1387 531 1568 592; x_wconf 79' lang='lat' dir='ltr'><strong>potest</strong></span> <span class='ocrx_word' id='word_1_34' title='bbox 1610 523 1712 580; x_wconf 86' lang='lat' dir='ltr'><strong>du-</strong></span> 
     </span>
    </p>
   </div>
   <div class='ocr_carea' id='block_1_6' title="bbox 155 600 1713 688">
    <p class='ocr_par' dir='ltr' id='par_1_6' title="bbox 155 600 1713 688">
     <span class='ocr_line' id='line_1_6' title="bbox 155 600 1713 688; baseline 0.01 -30"><span class='ocrx_word' id='word_1_35' title='bbox 155 604 276 658; x_wconf 84' lang='lat' dir='ltr'><strong>bium</strong></span> <span class='ocrx_word' id='word_1_36' title='bbox 313 615 425 659; x_wconf 87' lang='lat' dir='ltr'><strong>esse</strong></span> <span class='ocrx_word' id='word_1_37' title='bbox 445 641 461 669; x_wconf 96' lang='lat'><strong>,</strong></span> <span class='ocrx_word' id='word_1_38' title='bbox 488 600 703 660; x_wconf 92' lang='lat' dir='ltr'><strong>Patrem</strong></span> <span class='ocrx_word' id='word_1_39' title='bbox 736 604 942 663; x_wconf 87' lang='lat' dir='ltr'><strong>honore</strong></span> <span class='ocrx_word' id='word_1_40' title='bbox 965 649 982 673; x_wconf 91' lang='lat'><strong>,</strong></span> <span class='ocrx_word' id='word_1_41' title='bbox 1010 609 1303 680; x_wconf 85' lang='lat' dir='ltr'><strong>dignitate,</strong></span> <span class='ocrx_word' id='word_1_42' title='bbox 1338 614 1415 688; x_wconf 80' lang='grc' dir='ltr'><strong>(α)</strong></span> <span class='ocrx_word' id='word_1_43' title='bbox 1445 617 1713 684; x_wconf 87' lang='lat' dir='ltr'><strong>claritate,</strong></span> 
     </span>
    </p>
   </div>
   <div class='ocr_carea' id='block_1_7' title="bbox 153 695 1714 778">
    <p class='ocr_par' dir='ltr' id='par_1_7' title="bbox 153 695 1714 778">
     <span class='ocr_line' id='line_1_7' title="bbox 153 695 1714 778; baseline 0.007 -25"><span class='ocrx_word' id='word_1_44' title='bbox 153 700 419 768; x_wconf 73' lang='lat' dir='ltr'><strong>majestate,</strong></span> <span class='ocrx_word' id='word_1_45' title='bbox 448 704 502 760; x_wconf 84' lang='lat' dir='ltr'><strong>et</strong></span> <span class='ocrx_word' id='word_1_46' title='bbox 524 695 643 768; x_wconf 92' lang='lat' dir='ltr'><strong>ipso</strong></span> <span class='ocrx_word' id='word_1_47' title='bbox 668 699 889 757; x_wconf 86' lang='lat' dir='ltr'><strong>nomine</strong></span> <span class='ocrx_word' id='word_1_48' title='bbox 913 703 1082 772; x_wconf 86' lang='lat' dir='ltr'><strong>patris</strong></span> <span class='ocrx_word' id='word_1_49' title='bbox 1104 705 1365 775; x_wconf 83' lang='lat' dir='ltr'><strong>majorem</strong></span> <span class='ocrx_word' id='word_1_50' title='bbox 1393 723 1515 763; x_wconf 85' lang='lat' dir='ltr'><strong>esse</strong></span> <span class='ocrx_word' id='word_1_51' title='bbox 1540 708 1714 778; x_wconf 89' lang='lat' dir='ltr'><strong>Filio,</strong></span> 
     </span>
    </p>
   </div>
   <div class='ocr_carea' id='block_1_8' title="bbox 151 788 1712 872">
    <p class='ocr_par' dir='ltr' id='par_1_8' title="bbox 151 788 1712 872">
     <span class='ocr_line' id='line_1_8' title="bbox 151 788 1712 872; baseline 0.008 -26"><span class='ocrx_word' id='word_1_52' title='bbox 151 792 250 861; x_wconf 85' lang='lat' dir='ltr'><strong>ipso</strong></span> <span class='ocrx_word' id='word_1_53' title='bbox 272 795 510 856; x_wconf 73' lang='lat' dir='ltr'><strong>testante,</strong></span> <span class='ocrx_word' id='word_1_54' title='bbox 544 788 644 857; x_wconf 82' lang='lat' dir='ltr'><strong>Qui</strong></span> <span class='ocrx_word' id='word_1_55' title='bbox 655 808 735 848; x_wconf 88' lang='lat' dir='ltr'><strong>me</strong></span> <span class='ocrx_word' id='word_1_56' title='bbox 758 792 921 862; x_wconf 87' lang='lat' dir='ltr'><strong>misit,</strong></span> <span class='ocrx_word' id='word_1_57' title='bbox 949 798 1119 869; x_wconf 85' lang='lat' dir='ltr'><strong>major</strong></span> <span class='ocrx_word' id='word_1_58' title='bbox 1135 814 1217 853; x_wconf 88' lang='lat' dir='ltr'><strong>me</strong></span> <span class='ocrx_word' id='word_1_59' title='bbox 1237 808 1310 853; x_wconf 86' lang='lat' dir='ltr'><strong>est</strong></span> <span class='ocrx_word' id='word_1_60' title='bbox 1349 798 1369 872; x_wconf 93' lang='lat'>(</span> <span class='ocrx_word' id='word_1_61' title='bbox 1390 799 1551 857; x_wconf 80' lang='lat' dir='ltr'><strong>Joan.</strong></span> <span class='ocrx_word' id='word_1_62' title='bbox 1582 817 1674 858; x_wconf 79' lang='lat' dir='ltr'><strong>xw</strong></span> <span class='ocrx_word' id='word_1_63' title='bbox 1695 844 1712 870; x_wconf 94' lang='lat'><strong>,</strong></span> 
     </span>
    </p>
   </div>
   <div class='ocr_carea' id='block_1_9' title="bbox 151 881 1717 967">
    <p class='ocr_par' dir='ltr' id='par_1_9' title="bbox 151 881 1717 967">
     <span class='ocr_line' id='line_1_9' title="bbox 151 881 1717 967; baseline 0.008 -27"><span class='ocrx_word' id='word_1_64' title='bbox 151 883 247 953; x_wconf 73' lang='lat'><strong>28).</strong></span> <span class='ocrx_word' id='word_1_65' title='bbox 265 882 327 939; x_wconf 86' lang='lat' dir='ltr'><strong>Et</strong></span> <span class='ocrx_word' id='word_1_66' title='bbox 350 881 447 940; x_wconf 90' lang='lat' dir='ltr'><strong>hoc</strong></span> <span class='ocrx_word' id='word_1_67' title='bbox 466 884 792 944; x_wconf 86' lang='lat' dir='ltr'><strong>catholicum</strong></span> <span class='ocrx_word' id='word_1_68' title='bbox 819 904 963 958; x_wconf 89' lang='lat' dir='ltr'><strong>esse,</strong></span> <span class='ocrx_word' id='word_1_69' title='bbox 988 906 1151 948; x_wconf 90' lang='lat' dir='ltr'><strong>nemo</strong></span> <span class='ocrx_word' id='word_1_70' title='bbox 1174 892 1406 964; x_wconf 77' lang='lat' dir='ltr'><strong>ignorat,</strong></span> <span class='ocrx_word' id='word_1_71' title='bbox 1431 894 1566 952; x_wconf 88' lang='lat' dir='ltr'><strong>duas</strong></span> <span class='ocrx_word' id='word_1_72' title='bbox 1595 912 1717 967; x_wconf 86' lang='lat' dir='ltr'><strong>pcr-</strong></span> 
     </span>
    </p>
   </div>
   <div class='ocr_carea' id='block_1_10' title="bbox 152 976 1712 1061">
    <p class='ocr_par' dir='ltr' id='par_1_10' title="bbox 152 976 1712 1061">
     <span class='ocr_line' id='line_1_10' title="bbox 152 976 1712 1061; baseline 0.008 -27"><span class='ocrx_word' id='word_1_73' title='bbox 152 991 292 1034; x_wconf 90' lang='lat' dir='ltr'><strong>sonas</strong></span> <span class='ocrx_word' id='word_1_74' title='bbox 329 990 443 1033; x_wconf 91' lang='lat' dir='ltr'><strong>esse</strong></span> <span class='ocrx_word' id='word_1_75' title='bbox 470 976 644 1035; x_wconf 82' lang='lat' dir='ltr'><strong>Patris</strong></span> <span class='ocrx_word' id='word_1_76' title='bbox 687 988 743 1037; x_wconf 76' lang='lat' dir='ltr'><strong>et</strong></span> <span class='ocrx_word' id='word_1_77' title='bbox 771 980 891 1037; x_wconf 87' lang='lat' dir='ltr'><strong>Filii</strong></span> <span class='ocrx_word' id='word_1_78' title='bbox 922 1024 936 1049; x_wconf 93' lang='lat'><strong>,</strong></span> <span class='ocrx_word' id='word_1_79' title='bbox 978 985 1235 1055; x_wconf 88' lang='lat' dir='ltr'><strong>majorem</strong></span> <span class='ocrx_word' id='word_1_80' title='bbox 1267 985 1433 1061; x_wconf 60' lang='lat'><strong>466</strong></span> <span class='ocrx_word' id='word_1_81' title='bbox 1457 988 1669 1046; x_wconf 83' lang='lat' dir='ltr'><strong>Patrem</strong></span> <span class='ocrx_word' id='word_1_82' title='bbox 1694 1032 1712 1059; x_wconf 92' lang='lat'><strong>,</strong></span> 
     </span>
    </p>
   </div>
   <div class='ocr_carea' id='block_1_11' title="bbox 152 1069 1715 1154">
    <p class='ocr_par' dir='ltr' id='par_1_11' title="bbox 152 1069 1715 1154">
     <span class='ocr_line' id='line_1_11' title="bbox 152 1069 1715 1154; baseline 0.007 -25"><span class='ocrx_word' id='word_1_83' title='bbox 152 1073 317 1129; x_wconf 87' lang='lat' dir='ltr'><strong>Filium</strong></span> <span class='ocrx_word' id='word_1_84' title='bbox 346 1069 417 1144; x_wconf 88' lang='lat' dir='ltr'><strong>(b)</strong></span> <span class='ocrx_word' id='word_1_85' title='bbox 447 1071 750 1142; x_wconf 83' lang='lat' dir='ltr'><strong>subjectum</strong></span> <span class='ocrx_word' id='word_1_86' title='bbox 774 1090 896 1132; x_wconf 90' lang='lat' dir='ltr'><strong>cum</strong></span> <span class='ocrx_word' id='word_1_87' title='bbox 927 1079 1179 1135; x_wconf 88' lang='lat' dir='ltr'><strong>omnibus</strong></span> <span class='ocrx_word' id='word_1_88' title='bbox 1212 1079 1295 1137; x_wconf 88' lang='lat' dir='ltr'><strong>bis</strong></span> <span class='ocrx_word' id='word_1_89' title='bbox 1319 1098 1438 1152; x_wconf 79' lang='lat' dir='ltr'><strong>qua:</strong></span> <span class='ocrx_word' id='word_1_90' title='bbox 1466 1082 1567 1154; x_wconf 88' lang='lat' dir='ltr'><strong>ipsi</strong></span> <span class='ocrx_word' id='word_1_91' title='bbox 1608 1083 1715 1140; x_wconf 91' lang='lat' dir='ltr'><strong>Pa-</strong></span> 
     </span>
    </p>
   </div>
   <div class='ocr_carea' id='block_1_12' title="bbox 152 1164 1715 1242">
    <p class='ocr_par' dir='ltr' id='par_1_12' title="bbox 152 1164 1715 1242">
     <span class='ocr_line' id='line_1_12' title="bbox 152 1164 1715 1242; baseline 0.007 -20"><span class='ocrx_word' id='word_1_92' title='bbox 152 1176 221 1224; x_wconf 87' lang='lat' dir='ltr'><strong>ter</strong></span> <span class='ocrx_word' id='word_1_93' title='bbox 240 1164 472 1237; x_wconf 82' lang='lat' dir='ltr'><strong>subjecit.</strong></span> <span class='ocrx_word' id='word_1_94' title='bbox 505 1166 722 1225; x_wconf 85' lang='lat' dir='ltr'><strong>Patrem</strong></span> <span class='ocrx_word' id='word_1_95' title='bbox 753 1169 964 1226; x_wconf 90' lang='lat' dir='ltr'><strong>initium</strong></span> <span class='ocrx_word' id='word_1_96' title='bbox 986 1187 1094 1228; x_wconf 90' lang='lat' dir='ltr'><strong>non</strong></span> <span class='ocrx_word' id='word_1_97' title='bbox 1125 1173 1363 1242; x_wconf 85' lang='lat' dir='ltr'><strong>habere,</strong></span> <span class='ocrx_word' id='word_1_98' title='bbox 1388 1175 1715 1233; x_wconf 89' lang='lat' dir='ltr'><strong>invisibilem</strong></span> 
     </span>
    </p>
   </div>
   <div class='ocr_carea' id='block_1_13' title="bbox 151 1260 1715 1337">
    <p class='ocr_par' dir='ltr' id='par_1_13' title="bbox 151 1260 1715 1337">
     <span class='ocr_line' id='line_1_13' title="bbox 151 1260 1715 1337; baseline 0.007 -22"><span class='ocrx_word' id='word_1_99' title='bbox 151 1276 280 1325; x_wconf 86' lang='lat' dir='ltr'><strong>esse,</strong></span> <span class='ocrx_word' id='word_1_100' title='bbox 316 1260 671 1317; x_wconf 83' lang='lat' dir='ltr'><strong>immortalem</strong></span> <span class='ocrx_word' id='word_1_101' title='bbox 700 1276 856 1332; x_wconf 90' lang='lat' dir='ltr'><strong>esse,</strong></span> <span class='ocrx_word' id='word_1_102' title='bbox 888 1261 963 1336; x_wconf 92' lang='lat' dir='ltr'><strong>(c)</strong></span> <span class='ocrx_word' id='word_1_103' title='bbox 1002 1266 1388 1337; x_wconf 87' lang='lat' dir='ltr'><strong>impassibilem</strong></span> <span class='ocrx_word' id='word_1_104' title='bbox 1438 1284 1579 1330; x_wconf 76' lang='lat' dir='ltr'><strong>esse.</strong></span> <span class='ocrx_word' id='word_1_105' title='bbox 1633 1268 1715 1326; x_wconf 87' lang='lat' dir='ltr'><strong>Fi-</strong></span> 
     </span>
    </p>
   </div>
   <div class='ocr_carea' id='block_1_14' title="bbox 152 1352 1715 1430">
    <p class='ocr_par' dir='ltr' id='par_1_14' title="bbox 152 1352 1715 1430">
     <span class='ocr_line' id='line_1_14' title="bbox 152 1352 1715 1430; baseline 0.006 -22"><span class='ocrx_word' id='word_1_106' title='bbox 152 1352 259 1408; x_wconf 88' lang='lat' dir='ltr'><strong>lium</strong></span> <span class='ocrx_word' id='word_1_107' title='bbox 282 1361 449 1409; x_wconf 88' lang='lat' dir='ltr'><strong>autem</strong></span> <span class='ocrx_word' id='word_1_108' title='bbox 481 1362 663 1410; x_wconf 91' lang='lat' dir='ltr'><strong>natum</strong></span> <span class='ocrx_word' id='word_1_109' title='bbox 691 1371 814 1412; x_wconf 89' lang='lat' dir='ltr'><strong>esse</strong></span> <span class='ocrx_word' id='word_1_110' title='bbox 839 1372 905 1414; x_wconf 76' lang='lat' dir='ltr'><strong>cx</strong></span> <span class='ocrx_word' id='word_1_111' title='bbox 930 1357 1111 1424; x_wconf 89' lang='lat' dir='ltr'><strong>Patre,</strong></span> <span class='ocrx_word' id='word_1_112' title='bbox 1142 1360 1312 1416; x_wconf 89' lang='lat' dir='ltr'><strong>Deum</strong></span> <span class='ocrx_word' id='word_1_113' title='bbox 1344 1376 1413 1417; x_wconf 77' lang='lat' dir='ltr'><strong>ex</strong></span> <span class='ocrx_word' id='word_1_114' title='bbox 1446 1362 1560 1419; x_wconf 89' lang='lat' dir='ltr'><strong>Deo</strong></span> <span class='ocrx_word' id='word_1_115' title='bbox 1585 1403 1600 1430; x_wconf 90' lang='lat'><strong>,</strong></span> <span class='ocrx_word' id='word_1_116' title='bbox 1630 1363 1715 1418; x_wconf 79' lang='lat' dir='ltr'><strong>.lu-</strong></span> 
     </span>
    </p>
   </div>
   <div class='ocr_carea' id='block_1_15' title="bbox 153 1444 1718 1520">
    <p class='ocr_par' dir='ltr' id='par_1_15' title="bbox 153 1444 1718 1520">
     <span class='ocr_line' id='line_1_15' title="bbox 153 1444 1718 1520; baseline 0.008 -21"><span class='ocrx_word' id='word_1_117' title='bbox 153 1460 255 1500; x_wconf 89' lang='lat' dir='ltr'><strong>men</strong></span> <span class='ocrx_word' id='word_1_118' title='bbox 279 1460 342 1500; x_wconf 78' lang='lat' dir='ltr'><strong>cx</strong></span> <span class='ocrx_word' id='word_1_119' title='bbox 377 1444 598 1501; x_wconf 90' lang='lat' dir='ltr'><strong>lumine.</strong></span> <span class='ocrx_word' id='word_1_120' title='bbox 629 1444 793 1517; x_wconf 90' lang='lat' dir='ltr'><strong>Cujus</strong></span> <span class='ocrx_word' id='word_1_121' title='bbox 820 1448 948 1505; x_wconf 86' lang='lat' dir='ltr'><strong>Filii</strong></span> <span class='ocrx_word' id='word_1_122' title='bbox 978 1452 1384 1520; x_wconf 79' lang='lat' dir='ltr'><strong>generationem</strong></span> <span class='ocrx_word' id='word_1_123' title='bbox 1419 1494 1434 1519; x_wconf 93' lang='lat'><strong>,</strong></span> <span class='ocrx_word' id='word_1_124' title='bbox 1491 1464 1550 1509; x_wconf 90' lang='lat' dir='ltr'><strong>ut</strong></span> <span class='ocrx_word' id='word_1_125' title='bbox 1591 1463 1718 1512; x_wconf 87' lang='lat' dir='ltr'><strong>ante</strong></span> 
     </span>
    </p>
   </div>
   <div class='ocr_carea' id='block_1_16' title="bbox 151 1538 1714 1620">
    <p class='ocr_par' dir='ltr' id='par_1_16' title="bbox 151 1538 1714 1620">
     <span class='ocr_line' id='line_1_16' title="bbox 151 1538 1714 1620; baseline 0.007 -24"><span class='ocrx_word' id='word_1_126' title='bbox 151 1538 324 1596; x_wconf 88' lang='lat' dir='ltr'><strong>dictum</strong></span> <span class='ocrx_word' id='word_1_127' title='bbox 352 1550 451 1607; x_wconf 83' lang='lat' dir='ltr'><strong>est,</strong></span> <span class='ocrx_word' id='word_1_128' title='bbox 486 1541 757 1598; x_wconf 89' lang='lat' dir='ltr'><strong>neminem</strong></span> <span class='ocrx_word' id='word_1_129' title='bbox 785 1543 923 1599; x_wconf 89' lang='lat' dir='ltr'><strong>scire</strong></span> <span class='ocrx_word' id='word_1_130' title='bbox 949 1544 1052 1600; x_wconf 89' lang='lat' dir='ltr'><strong>nisi</strong></span> <span class='ocrx_word' id='word_1_131' title='bbox 1080 1546 1297 1603; x_wconf 86' lang='lat' dir='ltr'><strong>Patrem</strong></span> <span class='ocrx_word' id='word_1_132' title='bbox 1320 1562 1498 1604; x_wconf 90' lang='lat' dir='ltr'><strong>suum.</strong></span> <span class='ocrx_word' id='word_1_133' title='bbox 1533 1549 1714 1620; x_wconf 82' lang='lat' dir='ltr'><strong>ipsum</strong></span> 
     </span>
    </p>
   </div>
   <div class='ocr_carea' id='block_1_17' title="bbox 152 1632 1715 1709">
    <p class='ocr_par' dir='ltr' id='par_1_17' title="bbox 152 1632 1715 1709">
     <span class='ocr_line' id='line_1_17' title="bbox 152 1632 1715 1709; baseline 0.006 -20"><span class='ocrx_word' id='word_1_134' title='bbox 152 1644 303 1690; x_wconf 90' lang='lat' dir='ltr'><strong>autem</strong></span> <span class='ocrx_word' id='word_1_135' title='bbox 324 1632 514 1689; x_wconf 75' lang='lat' dir='ltr'><strong>Filium</strong></span> <span class='ocrx_word' id='word_1_136' title='bbox 543 1633 638 1690; x_wconf 88' lang='lat' dir='ltr'><strong>Dei</strong></span> <span class='ocrx_word' id='word_1_137' title='bbox 669 1635 956 1692; x_wconf 91' lang='lat' dir='ltr'><strong>Dominum</strong></span> <span class='ocrx_word' id='word_1_138' title='bbox 979 1647 1035 1695; x_wconf 90' lang='lat' dir='ltr'><strong>et</strong></span> <span class='ocrx_word' id='word_1_139' title='bbox 1057 1638 1224 1695; x_wconf 89' lang='lat' dir='ltr'><strong>Deum</strong></span> <span class='ocrx_word' id='word_1_140' title='bbox 1257 1649 1524 1709; x_wconf 87' lang='lat' dir='ltr'><strong>nostrum,</strong></span> <span class='ocrx_word' id='word_1_141' title='bbox 1558 1642 1715 1698; x_wconf 89' lang='lat' dir='ltr'><strong>sicuti</strong></span> 
     </span>
    </p>
   </div>
   <div class='ocr_carea' id='block_1_18' title="bbox 152 1727 1719 1800">
    <p class='ocr_par' dir='ltr' id='par_1_18' title="bbox 152 1727 1719 1800">
     <span class='ocr_line' id='line_1_18' title="bbox 152 1727 1719 1800; baseline 0.005 -17"><span class='ocrx_word' id='word_1_142' title='bbox 152 1727 351 1799; x_wconf 77' lang='lat' dir='ltr'><strong>legitur,</strong></span> <span class='ocrx_word' id='word_1_143' title='bbox 380 1742 598 1784; x_wconf 88' lang='lat' dir='ltr'><strong>carnem</strong></span> <span class='ocrx_word' id='word_1_144' title='bbox 628 1729 711 1785; x_wconf 91' lang='lat' dir='ltr'><strong>vel</strong></span> <span class='ocrx_word' id='word_1_145' title='bbox 739 1744 958 1800; x_wconf 88' lang='lat' dir='ltr'><strong>corpus,</strong></span> <span class='ocrx_word' id='word_1_146' title='bbox 1002 1729 1055 1786; x_wconf 90' lang='lat' dir='ltr'><strong>id</strong></span> <span class='ocrx_word' id='word_1_147' title='bbox 1082 1739 1187 1799; x_wconf 89' lang='lat' dir='ltr'><strong>est,</strong></span> <span class='ocrx_word' id='word_1_148' title='bbox 1227 1731 1505 1790; x_wconf 79' lang='lat' dir='ltr'><strong>hominem</strong></span> <span class='ocrx_word' id='word_1_149' title='bbox 1534 1749 1719 1791; x_wconf 87' lang='lat' dir='ltr'><strong>susce-</strong></span> 
     </span>
    </p>
   </div>
   <div class='ocr_carea' id='block_1_19' title="bbox 1819 527 3416 612">
    <p class='ocr_par' dir='ltr' id='par_1_19' title="bbox 1819 527 3416 612">
     <span class='ocr_line' id='line_1_19' title="bbox 1819 527 3416 612; baseline 0.012 -31"><span class='ocrx_word' id='word_1_150' title='bbox 1819 527 2011 581; x_wconf 87' lang='lat' dir='ltr'><strong>sentiac</strong></span> <span class='ocrx_word' id='word_1_151' title='bbox 2041 543 2103 583; x_wconf 91' lang='lat' dir='ltr'><strong>ac</strong></span> <span class='ocrx_word' id='word_1_152' title='bbox 2131 531 2450 587; x_wconf 85' lang='lat' dir='ltr'><strong>substantiae</strong></span> <span class='ocrx_word' id='word_1_153' title='bbox 2480 537 2784 592; x_wconf 62' lang='lat' dir='ltr'><strong>necessaria</strong></span> <span class='ocrx_word' id='word_1_154' title='bbox 2808 548 2930 605; x_wconf 89' lang='lat' dir='ltr'><strong>est;</strong></span> <span class='ocrx_word' id='word_1_155' title='bbox 2978 544 3416 612; x_wconf 87' lang='lat' dir='ltr'><strong>cognoscendum</strong></span> 
     </span>
    </p>
   </div>
   <div class='ocr_carea' id='block_1_20' title="bbox 1820 620 3418 706">
    <p class='ocr_par' dir='ltr' id='par_1_20' title="bbox 1820 620 3418 706">
     <span class='ocr_line' id='line_1_20' title="bbox 1820 620 3418 706; baseline 0.012 -32"><span class='ocrx_word' id='word_1_156' title='bbox 1820 628 1906 675; x_wconf 90' lang='lat' dir='ltr'><strong>est</strong></span> <span class='ocrx_word' id='word_1_157' title='bbox 1935 620 2063 692; x_wconf 89' lang='lat' dir='ltr'><strong>quid</strong></span> <span class='ocrx_word' id='word_1_158' title='bbox 2090 622 2366 693; x_wconf 89' lang='lat' dir='ltr'><strong>signiﬁcet</strong></span> <span class='ocrx_word' id='word_1_159' title='bbox 2387 628 2622 683; x_wconf 86' lang='lat' dir='ltr'><strong>essentia</strong></span> <span class='ocrx_word' id='word_1_160' title='bbox 2647 668 2664 694; x_wconf 92' lang='lat'><strong>,</strong></span> <span class='ocrx_word' id='word_1_161' title='bbox 2718 644 2786 687; x_wconf 92' lang='lat' dir='ltr'><strong>ne</strong></span> <span class='ocrx_word' id='word_1_162' title='bbox 2833 631 2903 688; x_wconf 91' lang='lat' dir='ltr'><strong>de</strong></span> <span class='ocrx_word' id='word_1_163' title='bbox 2944 633 3110 689; x_wconf 88' lang='lat' dir='ltr'><strong>rebus</strong></span> <span class='ocrx_word' id='word_1_164' title='bbox 3146 635 3418 706; x_wconf 90' lang='lat' dir='ltr'><strong>locuturi,</strong></span> 
     </span>
    </p>
   </div>
   <div class='ocr_carea' id='block_1_21' title="bbox 1820 712 3418 800">
    <p class='ocr_par' dir='ltr' id='par_1_21' title="bbox 1820 712 3418 800">
     <span class='ocr_line' id='line_1_21' title="bbox 1820 712 3418 800; baseline 0.013 -34"><span class='ocrx_word' id='word_1_165' title='bbox 1820 726 1934 768; x_wconf 89' lang='lat' dir='ltr'><strong>rem</strong></span> <span class='ocrx_word' id='word_1_166' title='bbox 1966 712 2254 770; x_wconf 88' lang='lat' dir='ltr'><strong>verborum</strong></span> <span class='ocrx_word' id='word_1_167' title='bbox 2280 718 2610 776; x_wconf 85' lang='lat' dir='ltr'><strong>nesciamus.</strong></span> <span class='ocrx_word' id='word_1_168' title='bbox 2654 722 2901 780; x_wconf 86' lang='lat' dir='ltr'><strong>Essentia</strong></span> <span class='ocrx_word' id='word_1_169' title='bbox 2940 735 3026 782; x_wconf 88' lang='lat' dir='ltr'><strong>est</strong></span> <span class='ocrx_word' id='word_1_170' title='bbox 3050 742 3140 783; x_wconf 89' lang='lat' dir='ltr'><strong>res</strong></span> <span class='ocrx_word' id='word_1_171' title='bbox 3165 743 3289 800; x_wconf 76' lang='lat' dir='ltr'><strong>qua:</strong></span> <span class='ocrx_word' id='word_1_172' title='bbox 3314 739 3418 796; x_wconf 88' lang='lat' dir='ltr'><strong>est.</strong></span> 
     </span>
    </p>
   </div>
   <div class='ocr_carea' id='block_1_22' title="bbox 1821 804 3423 889">
    <p class='ocr_par' dir='ltr' id='par_1_22' title="bbox 1821 804 3423 889">
     <span class='ocr_line' id='line_1_22' title="bbox 1821 804 3423 889; baseline 0.011 -29"><span class='ocrx_word' id='word_1_173' title='bbox 1821 804 1909 860; x_wconf 88' lang='lat' dir='ltr'><strong>vel</strong></span> <span class='ocrx_word' id='word_1_174' title='bbox 1942 804 2022 877; x_wconf 76' lang='lat' dir='ltr'><strong>(f)</strong></span> <span class='ocrx_word' id='word_1_175' title='bbox 2052 820 2124 862; x_wconf 84' lang='lat' dir='ltr'><strong>ex</strong></span> <span class='ocrx_word' id='word_1_176' title='bbox 2158 806 2354 877; x_wconf 89' lang='lat' dir='ltr'><strong>quibus</strong></span> <span class='ocrx_word' id='word_1_177' title='bbox 2383 819 2462 865; x_wconf 91' lang='lat' dir='ltr'><strong>est</strong></span> <span class='ocrx_word' id='word_1_178' title='bbox 2488 851 2504 878; x_wconf 89' lang='lat'><strong>,</strong></span> <span class='ocrx_word' id='word_1_179' title='bbox 2555 821 2609 867; x_wconf 91' lang='lat' dir='ltr'><strong>et</strong></span> <span class='ocrx_word' id='word_1_180' title='bbox 2652 828 2772 884; x_wconf 76' lang='lat' dir='ltr'><strong>qua:</strong></span> <span class='ocrx_word' id='word_1_181' title='bbox 2819 816 2871 871; x_wconf 93' lang='lat' dir='ltr'><strong>in</strong></span> <span class='ocrx_word' id='word_1_182' title='bbox 2917 832 2982 873; x_wconf 89' lang='lat' dir='ltr'><strong>eo</strong></span> <span class='ocrx_word' id='word_1_183' title='bbox 3020 818 3166 889; x_wconf 90' lang='lat' dir='ltr'><strong>quod</strong></span> <span class='ocrx_word' id='word_1_184' title='bbox 3208 830 3423 878; x_wconf 85' lang='lat' dir='ltr'><strong>maneat</strong></span> 
     </span>
    </p>
   </div>
   <div class='ocr_carea' id='block_1_23' title="bbox 1819 898 3420 985">
    <p class='ocr_par' dir='ltr' id='par_1_23' title="bbox 1819 898 3420 985">
     <span class='ocr_line' id='line_1_23' title="bbox 1819 898 3420 985; baseline 0.014 -32"><span class='ocrx_word' id='word_1_185' title='bbox 1819 898 2085 955; x_wconf 89' lang='lat' dir='ltr'><strong>subsistit.</strong></span> <span class='ocrx_word' id='word_1_186' title='bbox 2127 899 2242 956; x_wconf 91' lang='lat' dir='ltr'><strong>Dici</strong></span> <span class='ocrx_word' id='word_1_187' title='bbox 2271 912 2451 959; x_wconf 90' lang='lat' dir='ltr'><strong>autem</strong></span> <span class='ocrx_word' id='word_1_188' title='bbox 2478 905 2714 962; x_wconf 83' lang='lat' dir='ltr'><strong>essentia</strong></span> <span class='ocrx_word' id='word_1_189' title='bbox 2740 949 2755 974; x_wconf 92' lang='lat'><strong>,</strong></span> <span class='ocrx_word' id='word_1_190' title='bbox 2784 918 2838 965; x_wconf 91' lang='lat' dir='ltr'><strong>et</strong></span> <span class='ocrx_word' id='word_1_191' title='bbox 2864 921 3055 969; x_wconf 88' lang='lat' dir='ltr'><strong>natura</strong></span> <span class='ocrx_word' id='word_1_192' title='bbox 3082 954 3096 976; x_wconf 89' lang='lat'><strong>,</strong></span> <span class='ocrx_word' id='word_1_193' title='bbox 3128 922 3184 970; x_wconf 89' lang='lat' dir='ltr'><strong>et</strong></span> <span class='ocrx_word' id='word_1_194' title='bbox 3212 929 3380 985; x_wconf 86' lang='lat' dir='ltr'><strong>genus</strong></span> <span class='ocrx_word' id='word_1_195' title='bbox 3404 958 3420 985; x_wconf 91' lang='lat'><strong>,</strong></span> 
     </span>
    </p>
   </div>
   <div class='ocr_carea' id='block_1_24' title="bbox 1818 991 3422 1079">
    <p class='ocr_par' dir='ltr' id='par_1_24' title="bbox 1818 991 3422 1079">
     <span class='ocr_line' id='line_1_24' title="bbox 1818 991 3422 1079; baseline 0.012 -32"><span class='ocrx_word' id='word_1_196' title='bbox 1818 998 1871 1047; x_wconf 87' lang='lat' dir='ltr'><strong>et</strong></span> <span class='ocrx_word' id='word_1_197' title='bbox 1893 991 2194 1050; x_wconf 88' lang='lat' dir='ltr'><strong>substantia</strong></span> <span class='ocrx_word' id='word_1_198' title='bbox 2222 995 2646 1070; x_wconf 87' lang='lat' dir='ltr'><strong>uniuscujusque</strong></span> <span class='ocrx_word' id='word_1_199' title='bbox 2668 1001 2746 1057; x_wconf 91' lang='lat' dir='ltr'><strong>rei</strong></span> <span class='ocrx_word' id='word_1_200' title='bbox 2779 1004 2996 1073; x_wconf 87' lang='lat' dir='ltr'><strong>poterit.</strong></span> <span class='ocrx_word' id='word_1_201' title='bbox 3050 1006 3277 1079; x_wconf 86' lang='lat' dir='ltr'><strong>Proprie</strong></span> <span class='ocrx_word' id='word_1_202' title='bbox 3325 1025 3422 1065; x_wconf 89' lang='lat' dir='ltr'><strong>au-</strong></span> 
     </span>
    </p>
   </div>
   <div class='ocr_carea' id='block_1_25' title="bbox 1822 1087 3418 1171">
    <p class='ocr_par' dir='ltr' id='par_1_25' title="bbox 1822 1087 3418 1171">
     <span class='ocr_line' id='line_1_25' title="bbox 1822 1087 3418 1171; baseline 0.011 -32"><span class='ocrx_word' id='word_1_203' title='bbox 1822 1092 1928 1139; x_wconf 86' lang='lat' dir='ltr'><strong>tem</strong></span> <span class='ocrx_word' id='word_1_204' title='bbox 1959 1087 2194 1142; x_wconf 89' lang='lat' dir='ltr'><strong>essentia</strong></span> <span class='ocrx_word' id='word_1_205' title='bbox 2228 1087 2431 1147; x_wconf 86' lang='lat' dir='ltr'><strong>idcirco</strong></span> <span class='ocrx_word' id='word_1_206' title='bbox 2460 1089 2536 1164; x_wconf 87' lang='lat' dir='ltr'><strong>(g)</strong></span> <span class='ocrx_word' id='word_1_207' title='bbox 2563 1102 2647 1149; x_wconf 89' lang='lat' dir='ltr'><strong>est</strong></span> <span class='ocrx_word' id='word_1_208' title='bbox 2677 1092 2819 1150; x_wconf 86' lang='lat' dir='ltr'><strong>dicta</strong></span> <span class='ocrx_word' id='word_1_209' title='bbox 2844 1137 2860 1164; x_wconf 95' lang='lat'><strong>,</strong></span> <span class='ocrx_word' id='word_1_210' title='bbox 2904 1098 3025 1169; x_wconf 91' lang='lat' dir='ltr'><strong>quia</strong></span> <span class='ocrx_word' id='word_1_211' title='bbox 3070 1115 3290 1171; x_wconf 84' lang='lat' dir='ltr'><strong>semper</strong></span> <span class='ocrx_word' id='word_1_212' title='bbox 3313 1110 3418 1160; x_wconf 90' lang='lat' dir='ltr'><strong>est.</strong></span> 
     </span>
    </p>
   </div>
   <div class='ocr_carea' id='block_1_26' title="bbox 1820 1174 3417 1265">
    <p class='ocr_par' dir='ltr' id='par_1_26' title="bbox 1820 1174 3417 1265">
     <span class='ocr_line' id='line_1_26' title="bbox 1820 1174 3417 1265; baseline 0.014 -36"><span class='ocrx_word' id='word_1_213' title='bbox 1820 1174 1950 1245; x_wconf 57' lang='lat' dir='ltr'><strong>Quae</strong></span> <span class='ocrx_word' id='word_1_214' title='bbox 1979 1177 2184 1235; x_wconf 87' lang='lat' dir='ltr'><strong>idcirco</strong></span> <span class='ocrx_word' id='word_1_215' title='bbox 2213 1181 2375 1237; x_wconf 90' lang='lat' dir='ltr'><strong>etiam</strong></span> <span class='ocrx_word' id='word_1_216' title='bbox 2406 1183 2706 1240; x_wconf 85' lang='lat' dir='ltr'><strong>substantia</strong></span> <span class='ocrx_word' id='word_1_217' title='bbox 2740 1198 2824 1243; x_wconf 89' lang='lat' dir='ltr'><strong>est</strong></span> <span class='ocrx_word' id='word_1_218' title='bbox 2844 1232 2859 1255; x_wconf 86' lang='lat'><strong>,</strong></span> <span class='ocrx_word' id='word_1_219' title='bbox 2890 1190 3019 1260; x_wconf 86' lang='lat' dir='ltr'><strong>quia</strong></span> <span class='ocrx_word' id='word_1_220' title='bbox 3046 1207 3134 1247; x_wconf 91' lang='lat' dir='ltr'><strong>res</strong></span> <span class='ocrx_word' id='word_1_221' title='bbox 3162 1208 3281 1265; x_wconf 83' lang='lat' dir='ltr'><strong>qua:</strong></span> <span class='ocrx_word' id='word_1_222' title='bbox 3312 1204 3417 1260; x_wconf 91' lang='lat' dir='ltr'><strong>est,</strong></span> 
     </span>
    </p>
   </div>
   <div class='ocr_carea' id='block_1_27' title="bbox 1818 1266 3417 1354">
    <p class='ocr_par' dir='ltr' id='par_1_27' title="bbox 1818 1266 3417 1354">
     <span class='ocr_line' id='line_1_27' title="bbox 1818 1266 3417 1354; baseline 0.011 -30"><span class='ocrx_word' id='word_1_223' title='bbox 1818 1266 1980 1342; x_wconf 67' lang='grc'><strong>467</strong></span> <span class='ocrx_word' id='word_1_224' title='bbox 2011 1286 2235 1329; x_wconf 89' lang='lat' dir='ltr'><strong>necesse</strong></span> <span class='ocrx_word' id='word_1_225' title='bbox 2262 1282 2346 1330; x_wconf 91' lang='lat' dir='ltr'><strong>est</strong></span> <span class='ocrx_word' id='word_1_226' title='bbox 2370 1275 2627 1333; x_wconf 88' lang='lat' dir='ltr'><strong>subsistat</strong></span> <span class='ocrx_word' id='word_1_227' title='bbox 2658 1278 2709 1334; x_wconf 91' lang='lat' dir='ltr'><strong>in</strong></span> <span class='ocrx_word' id='word_1_228' title='bbox 2739 1294 2899 1343; x_wconf 88' lang='lat' dir='ltr'><strong>sese;</strong></span> <span class='ocrx_word' id='word_1_229' title='bbox 2952 1283 3209 1354; x_wconf 86' lang='lat' dir='ltr'><strong>quidquid</strong></span> <span class='ocrx_word' id='word_1_230' title='bbox 3237 1298 3417 1343; x_wconf 86' lang='lat' dir='ltr'><strong>autem</strong></span> 
     </span>
    </p>
   </div>
   <div class='ocr_carea' id='block_1_28' title="bbox 1820 1362 3424 1443">
    <p class='ocr_par' dir='ltr' id='par_1_28' title="bbox 1820 1362 3424 1443">
     <span class='ocr_line' id='line_1_28' title="bbox 1820 1362 3424 1443; baseline 0.01 -25"><span class='ocrx_word' id='word_1_231' title='bbox 1820 1362 2106 1433; x_wconf 90' lang='lat' dir='ltr'><strong>subsistit,</strong></span> <span class='ocrx_word' id='word_1_232' title='bbox 2162 1364 2280 1422; x_wconf 90' lang='lat' dir='ltr'><strong>sine</strong></span> <span class='ocrx_word' id='word_1_233' title='bbox 2321 1366 2488 1424; x_wconf 89' lang='lat' dir='ltr'><strong>dubio</strong></span> <span class='ocrx_word' id='word_1_234' title='bbox 2520 1369 2572 1425; x_wconf 91' lang='lat' dir='ltr'><strong>in</strong></span> <span class='ocrx_word' id='word_1_235' title='bbox 2619 1386 2821 1443; x_wconf 88' lang='lat' dir='ltr'><strong>genere</strong></span> <span class='ocrx_word' id='word_1_236' title='bbox 2851 1374 2936 1429; x_wconf 85' lang='lat' dir='ltr'><strong>vel</strong></span> <span class='ocrx_word' id='word_1_237' title='bbox 2967 1386 3154 1431; x_wconf 89' lang='lat' dir='ltr'><strong>natura</strong></span> <span class='ocrx_word' id='word_1_238' title='bbox 3184 1378 3271 1432; x_wconf 89' lang='lat' dir='ltr'><strong>vel</strong></span> <span class='ocrx_word' id='word_1_239' title='bbox 3295 1380 3424 1435; x_wconf 89' lang='lat' dir='ltr'><strong>sub-</strong></span> 
     </span>
    </p>
   </div>
   <div class='ocr_carea' id='block_1_29' title="bbox 1821 1458 3423 1541">
    <p class='ocr_par' dir='ltr' id='par_1_29' title="bbox 1821 1458 3423 1541">
     <span class='ocr_line' id='line_1_29' title="bbox 1821 1458 3423 1541; baseline 0.009 -29"><span class='ocrx_word' id='word_1_240' title='bbox 1821 1458 2018 1513; x_wconf 86' lang='lat' dir='ltr'><strong>stantia</strong></span> <span class='ocrx_word' id='word_1_241' title='bbox 2049 1468 2288 1515; x_wconf 90' lang='lat' dir='ltr'><strong>maneat.</strong></span> <span class='ocrx_word' id='word_1_242' title='bbox 2310 1460 2444 1517; x_wconf 90' lang='lat' dir='ltr'><strong>Cum</strong></span> <span class='ocrx_word' id='word_1_243' title='bbox 2476 1477 2607 1535; x_wconf 88' lang='lat' dir='ltr'><strong>ergo</strong></span> <span class='ocrx_word' id='word_1_244' title='bbox 2629 1466 2922 1522; x_wconf 84' lang='lat' dir='ltr'><strong>essentiam</strong></span> <span class='ocrx_word' id='word_1_245' title='bbox 2955 1467 3186 1524; x_wconf 75' lang='lat' dir='ltr'><strong>dit-imus</strong></span> <span class='ocrx_word' id='word_1_246' title='bbox 3215 1472 3423 1541; x_wconf 86' lang='lat' dir='ltr'><strong>signiﬁ-</strong></span> 
     </span>
    </p>
   </div>
   <div class='ocr_carea' id='block_1_30' title="bbox 1819 1552 3427 1635">
    <p class='ocr_par' dir='ltr' id='par_1_30' title="bbox 1819 1552 3427 1635">
     <span class='ocr_line' id='line_1_30' title="bbox 1819 1552 3427 1635; baseline 0.011 -31"><span class='ocrx_word' id='word_1_247' title='bbox 1819 1562 1946 1605; x_wconf 90' lang='lat' dir='ltr'><strong>care</strong></span> <span class='ocrx_word' id='word_1_248' title='bbox 1969 1560 2215 1607; x_wconf 90' lang='lat' dir='ltr'><strong>naturam</strong></span> <span class='ocrx_word' id='word_1_249' title='bbox 2240 1552 2325 1609; x_wconf 90' lang='lat' dir='ltr'><strong>vel</strong></span> <span class='ocrx_word' id='word_1_250' title='bbox 2345 1568 2518 1624; x_wconf 90' lang='lat' dir='ltr'><strong>genus</strong></span> <span class='ocrx_word' id='word_1_251' title='bbox 2554 1556 2639 1613; x_wconf 86' lang='lat' dir='ltr'><strong>vel</strong></span> <span class='ocrx_word' id='word_1_252' title='bbox 2661 1558 3042 1629; x_wconf 84' lang='lat' dir='ltr'><strong>substantiam,</strong></span> <span class='ocrx_word' id='word_1_253' title='bbox 3072 1561 3427 1635; x_wconf 75' lang='lat' dir='ltr'><strong>intelligimus</strong></span> 
     </span>
    </p>
   </div>
   <div class='ocr_carea' id='block_1_31' title="bbox 1821 1640 3421 1721">
    <p class='ocr_par' dir='ltr' id='par_1_31' title="bbox 1821 1640 3421 1721">
     <span class='ocr_line' id='line_1_31' title="bbox 1821 1640 3421 1721; baseline 0.009 -25"><span class='ocrx_word' id='word_1_254' title='bbox 1821 1640 1937 1712; x_wconf 87' lang='lat' dir='ltr'><strong>ejus</strong></span> <span class='ocrx_word' id='word_1_255' title='bbox 1986 1642 2067 1699; x_wconf 89' lang='lat' dir='ltr'><strong>rei</strong></span> <span class='ocrx_word' id='word_1_256' title='bbox 2111 1659 2232 1715; x_wconf 71' lang='lat' dir='ltr'><strong>qua:</strong></span> <span class='ocrx_word' id='word_1_257' title='bbox 2261 1644 2315 1700; x_wconf 90' lang='lat' dir='ltr'><strong>in</strong></span> <span class='ocrx_word' id='word_1_258' title='bbox 2348 1645 2433 1704; x_wconf 89' lang='lat' dir='ltr'><strong>his</strong></span> <span class='ocrx_word' id='word_1_259' title='bbox 2468 1650 2723 1706; x_wconf 86' lang='lat' dir='ltr'><strong>omnibus</strong></span> <span class='ocrx_word' id='word_1_260' title='bbox 2748 1666 2964 1721; x_wconf 85' lang='lat' dir='ltr'><strong>semper</strong></span> <span class='ocrx_word' id='word_1_261' title='bbox 2991 1668 3116 1710; x_wconf 86' lang='lat' dir='ltr'><strong>esse</strong></span> <span class='ocrx_word' id='word_1_262' title='bbox 3141 1655 3421 1712; x_wconf 87' lang='lat' dir='ltr'><strong>subsistat.</strong></span> 
     </span>
    </p>
   </div>
   <div class='ocr_carea' id='block_1_32' title="bbox 1819 1733 3426 1812">
    <p class='ocr_par' dir='ltr' id='par_1_32' title="bbox 1819 1733 3426 1812">
     <span class='ocr_line' id='line_1_32' title="bbox 1819 1733 3426 1812; baseline 0.011 -23"><span class='ocrx_word' id='word_1_263' title='bbox 1819 1733 1975 1790; x_wconf 89' lang='lat' dir='ltr'><strong>Nunc</strong></span> <span class='ocrx_word' id='word_1_264' title='bbox 2000 1734 2162 1807; x_wconf 80' lang='lat' dir='ltr'><strong>igitur</strong></span> <span class='ocrx_word' id='word_1_265' title='bbox 2190 1740 2538 1812; x_wconf 73' lang='lat' dir='ltr'><strong>prtescriptas</strong></span> <span class='ocrx_word' id='word_1_266' title='bbox 2565 1741 2634 1799; x_wconf 89' lang='lat' dir='ltr'><strong>ab</strong></span> <span class='ocrx_word' id='word_1_267' title='bbox 2662 1742 3027 1803; x_wconf 86' lang='lat' dir='ltr'><strong>Orientalibus</strong></span> <span class='ocrx_word' id='word_1_268' title='bbox 3058 1746 3180 1804; x_wconf 90' lang='lat' dir='ltr'><strong>ﬁdei</strong></span> <span class='ocrx_word' id='word_1_269' title='bbox 3229 1747 3426 1806; x_wconf 87' lang='lat' dir='ltr'><strong>deﬁni-</strong></span> 
     </span>
    </p>
   </div>
   <div class='ocr_carea' id='block_1_33' title="bbox 154 1820 2538 1903">
    <p class='ocr_par' dir='ltr' id='par_1_33' title="bbox 154 1820 2538 1903">
     <span class='ocr_line' id='line_1_33' title="bbox 154 1820 2538 1903; baseline 0.005 -25"><span class='ocrx_word' id='word_1_270' title='bbox 154 1822 274 1893; x_wconf 86' lang='lat' dir='ltr'><strong>pisse</strong></span> <span class='ocrx_word' id='word_1_271' title='bbox 298 1836 359 1878; x_wconf 83' lang='lat' dir='ltr'><strong>ex</strong></span> <span class='ocrx_word' id='word_1_272' title='bbox 385 1830 542 1876; x_wconf 90' lang='lat' dir='ltr'><strong>utero</strong></span> <span class='ocrx_word' id='word_1_273' title='bbox 570 1820 793 1893; x_wconf 86' lang='lat' dir='ltr'><strong>virginis</strong></span> <span class='ocrx_word' id='word_1_274' title='bbox 824 1821 1005 1878; x_wconf 76' lang='lat' dir='ltr'><strong>Maria:</strong></span> <span class='ocrx_word' id='word_1_275' title='bbox 1035 1863 1050 1889; x_wconf 91' lang='lat'><strong>,</strong></span> <span class='ocrx_word' id='word_1_276' title='bbox 1081 1823 1222 1880; x_wconf 89' lang='lat' dir='ltr'><strong>sicut</strong></span> <span class='ocrx_word' id='word_1_277' title='bbox 1249 1825 1488 1896; x_wconf 81' lang='lat' dir='ltr'><strong>Angelus</strong></span> <span class='ocrx_word' id='word_1_278' title='bbox 1515 1824 1715 1896; x_wconf 70' lang='lat' dir='ltr'><strong>prcedi-</strong></span> <span class='ocrx_word' id='word_1_279' title='bbox 1744 1837 1793 1900; x_wconf 80' lang='grc' dir='ltr'><strong>Β</strong></span> <span class='ocrx_word' id='word_1_280' title='bbox 1823 1828 1997 1885; x_wconf 90' lang='lat' dir='ltr'><strong>tiones</strong></span> <span class='ocrx_word' id='word_1_281' title='bbox 2023 1828 2101 1903; x_wconf 79' lang='lat' dir='ltr'><strong>(It)</strong></span> <span class='ocrx_word' id='word_1_282' title='bbox 2134 1846 2538 1891; x_wconf 87' lang='lat' dir='ltr'><strong>recenseamus.</strong></span> 
     </span>
    </p>
   </div>
   <div class='ocr_carea' id='block_1_34' title="bbox 154 1912 1716 1989">
    <p class='ocr_par' dir='ltr' id='par_1_34' title="bbox 154 1912 1716 1989">
     <span class='ocr_line' id='line_1_34' title="bbox 154 1912 1716 1989; baseline 0.001 -17"><span class='ocrx_word' id='word_1_283' title='bbox 154 1916 271 1972; x_wconf 82' lang='lat' dir='ltr'><strong>cavit</strong></span> <span class='ocrx_word' id='word_1_284' title='bbox 290 1914 431 1988; x_wconf 88' lang='lat' dir='ltr'><strong>(Luc.</strong></span> <span class='ocrx_word' id='word_1_285' title='bbox 465 1931 504 1982; x_wconf 86' lang='grc' dir='ltr'><strong>ι,</strong></span> <span class='ocrx_word' id='word_1_286' title='bbox 529 1912 642 1987; x_wconf 76' lang='lat'><strong>3|).</strong></span> <span class='ocrx_word' id='word_1_287' title='bbox 672 1914 743 1972; x_wconf 90' lang='lat' dir='ltr'><strong>Ut</strong></span> <span class='ocrx_word' id='word_1_288' title='bbox 761 1924 941 1972; x_wconf 89' lang='lat' dir='ltr'><strong>autem</strong></span> <span class='ocrx_word' id='word_1_289' title='bbox 967 1915 1263 1989; x_wconf 64' lang='lat' dir='ltr'><strong>Scriptura:</strong></span> <span class='ocrx_word' id='word_1_290' title='bbox 1282 1932 1474 1975; x_wconf 90' lang='lat' dir='ltr'><strong>omnes</strong></span> <span class='ocrx_word' id='word_1_291' title='bbox 1497 1917 1716 1984; x_wconf 91' lang='lat' dir='ltr'><strong>docent,</strong></span> 
     </span>
    </p>
   </div>
   <div class='ocr_carea' id='block_1_35' title="bbox 154 2008 1718 2083">
    <p class='ocr_par' dir='ltr' id='par_1_35' title="bbox 154 2008 1718 2083">
     <span class='ocr_line' id='line_1_35' title="bbox 154 2008 1718 2083; baseline 0 -17"><span class='ocrx_word' id='word_1_292' title='bbox 154 2020 198 2066; x_wconf 87' lang='lat' dir='ltr'><strong>ct</strong></span> <span class='ocrx_word' id='word_1_293' title='bbox 223 2011 471 2081; x_wconf 73' lang='lat' dir='ltr'><strong>prtecipue</strong></span> <span class='ocrx_word' id='word_1_294' title='bbox 499 2008 615 2082; x_wconf 88' lang='lat' dir='ltr'><strong>ipse</strong></span> <span class='ocrx_word' id='word_1_295' title='bbox 642 2010 898 2080; x_wconf 87' lang='lat' dir='ltr'><strong>magister</strong></span> <span class='ocrx_word' id='word_1_296' title='bbox 926 2011 1166 2081; x_wconf 90' lang='lat' dir='ltr'><strong>gentium</strong></span> <span class='ocrx_word' id='word_1_297' title='bbox 1198 2010 1511 2083; x_wconf 85' lang='lat' dir='ltr'><strong>Apostolus,</strong></span> <span class='ocrx_word' id='word_1_298' title='bbox 1544 2009 1718 2068; x_wconf 88' lang='lat' dir='ltr'><strong>homi-</strong></span> 
     </span>
    </p>
   </div>
   <div class='ocr_carea' id='block_1_36' title="bbox 155 2103 1718 2178">
    <p class='ocr_par' dir='ltr' id='par_1_36' title="bbox 155 2103 1718 2178">
     <span class='ocr_line' id='line_1_36' title="bbox 155 2103 1718 2178; baseline 0.003 -19"><span class='ocrx_word' id='word_1_299' title='bbox 155 2119 257 2160; x_wconf 86' lang='lat' dir='ltr'><strong>nem</strong></span> <span class='ocrx_word' id='word_1_300' title='bbox 279 2104 579 2175; x_wconf 86' lang='lat' dir='ltr'><strong>suscepisse</strong></span> <span class='ocrx_word' id='word_1_301' title='bbox 608 2103 675 2160; x_wconf 89' lang='lat' dir='ltr'><strong>de</strong></span> <span class='ocrx_word' id='word_1_302' title='bbox 720 2104 884 2161; x_wconf 81' lang='lat' dir='ltr'><strong>Maria</strong></span> <span class='ocrx_word' id='word_1_303' title='bbox 916 2103 1138 2176; x_wconf 80' lang='lat' dir='ltr'><strong>Virgine</strong></span> <span class='ocrx_word' id='word_1_304' title='bbox 1160 2146 1177 2174; x_wconf 89' lang='lat'><strong>,</strong></span> <span class='ocrx_word' id='word_1_305' title='bbox 1229 2121 1325 2177; x_wconf 91' lang='lat' dir='ltr'><strong>per</strong></span> <span class='ocrx_word' id='word_1_306' title='bbox 1361 2122 1521 2178; x_wconf 89' lang='lat' dir='ltr'><strong>quem</strong></span> <span class='ocrx_word' id='word_1_307' title='bbox 1571 2122 1718 2163; x_wconf 88' lang='lat' dir='ltr'><strong>com-</strong></span> 
     </span>
    </p>
   </div>
   <div class='ocr_carea' id='block_1_37' title="bbox 154 2199 1721 2274">
    <p class='ocr_par' dir='ltr' id='par_1_37' title="bbox 154 2199 1721 2274">
     <span class='ocr_line' id='line_1_37' title="bbox 154 2199 1721 2274; baseline 0.003 -19"><span class='ocrx_word' id='word_1_308' title='bbox 154 2215 316 2268; x_wconf 77' lang='lat' dir='ltr'><strong>passus</strong></span> <span class='ocrx_word' id='word_1_309' title='bbox 339 2209 437 2256; x_wconf 87' lang='lat' dir='ltr'><strong>est.</strong></span> <span class='ocrx_word' id='word_1_310' title='bbox 471 2199 568 2255; x_wconf 85' lang='lat' dir='ltr'><strong>Illa</strong></span> <span class='ocrx_word' id='word_1_311' title='bbox 589 2210 767 2257; x_wconf 89' lang='lat' dir='ltr'><strong>autem</strong></span> <span class='ocrx_word' id='word_1_312' title='bbox 813 2200 895 2274; x_wconf 79' lang='grc' dir='ltr'><strong>(ά)</strong></span> <span class='ocrx_word' id='word_1_313' title='bbox 916 2202 1158 2258; x_wconf 88' lang='lat' dir='ltr'><strong>clausula</strong></span> <span class='ocrx_word' id='word_1_314' title='bbox 1199 2212 1284 2260; x_wconf 89' lang='lat' dir='ltr'><strong>est</strong></span> <span class='ocrx_word' id='word_1_315' title='bbox 1313 2205 1478 2259; x_wconf 89' lang='lat' dir='ltr'><strong>totius</strong></span> <span class='ocrx_word' id='word_1_316' title='bbox 1516 2202 1636 2260; x_wconf 87' lang='lat' dir='ltr'><strong>ﬁdei</strong></span> <span class='ocrx_word' id='word_1_317' title='bbox 1665 2211 1721 2260; x_wconf 89' lang='lat' dir='ltr'><strong>ct</strong></span> 
     </span>
    </p>
   </div>
   <div class='ocr_carea' id='block_1_38' title="bbox 154 2290 1717 2368">
    <p class='ocr_par' dir='ltr' id='par_1_38' title="bbox 154 2290 1717 2368">
     <span class='ocr_line' id='line_1_38' title="bbox 154 2290 1717 2368; baseline 0.004 -22"><span class='ocrx_word' id='word_1_318' title='bbox 154 2290 228 2347; x_wconf 90' lang='lat' dir='ltr'><strong>illa</strong></span> <span class='ocrx_word' id='word_1_319' title='bbox 250 2293 600 2363; x_wconf 89' lang='lat' dir='ltr'><strong>conﬁrmatio,</strong></span> <span class='ocrx_word' id='word_1_320' title='bbox 633 2293 776 2365; x_wconf 89' lang='lat' dir='ltr'><strong>quod</strong></span> <span class='ocrx_word' id='word_1_321' title='bbox 807 2293 1044 2352; x_wconf 84' lang='lat' dir='ltr'><strong>Trinitas</strong></span> <span class='ocrx_word' id='word_1_322' title='bbox 1074 2311 1291 2368; x_wconf 89' lang='lat' dir='ltr'><strong>semper</strong></span> <span class='ocrx_word' id='word_1_323' title='bbox 1315 2296 1584 2352; x_wconf 90' lang='lat' dir='ltr'><strong>servanda</strong></span> <span class='ocrx_word' id='word_1_324' title='bbox 1612 2304 1717 2364; x_wconf 88' lang='lat' dir='ltr'><strong>est,</strong></span> 
     </span>
    </p>
   </div>
   <div class='ocr_carea' id='block_1_39' title="bbox 153 2378 1719 2461">
    <p class='ocr_par' dir='ltr' id='par_1_39' title="bbox 153 2378 1719 2461">
     <span class='ocr_line' id='line_1_39' title="bbox 153 2378 1719 2461; baseline 0.004 -22"><span class='ocrx_word' id='word_1_325' title='bbox 153 2384 270 2441; x_wconf 90' lang='lat' dir='ltr'><strong>sicut</strong></span> <span class='ocrx_word' id='word_1_326' title='bbox 301 2387 526 2459; x_wconf 87' lang='lat' dir='ltr'><strong>legimus</strong></span> <span class='ocrx_word' id='word_1_327' title='bbox 574 2386 628 2442; x_wconf 93' lang='lat' dir='ltr'><strong>in</strong></span> <span class='ocrx_word' id='word_1_328' title='bbox 660 2382 988 2459; x_wconf 80' lang='lat' dir='ltr'><strong>Evangelia:</strong></span> <span class='ocrx_word' id='word_1_329' title='bbox 1038 2386 1119 2443; x_wconf 84' lang='lat' dir='ltr'><strong>Ite</strong></span> <span class='ocrx_word' id='word_1_330' title='bbox 1154 2398 1202 2443; x_wconf 90' lang='lat' dir='ltr'><strong>et</strong></span> <span class='ocrx_word' id='word_1_331' title='bbox 1250 2388 1503 2461; x_wconf 68' lang='lat' dir='ltr'><strong>baptizata</strong></span> <span class='ocrx_word' id='word_1_332' title='bbox 1545 2378 1719 2445; x_wconf 72' lang='lat' dir='ltr'><strong>omnes</strong></span> 
     </span>
    </p>
   </div>
   <div class='ocr_carea' id='block_1_40' title="bbox 153 2481 1722 2555">
    <p class='ocr_par' dir='ltr' id='par_1_40' title="bbox 153 2481 1722 2555">
     <span class='ocr_line' id='line_1_40' title="bbox 153 2481 1722 2555; baseline 0 -18"><span class='ocrx_word' id='word_1_333' title='bbox 153 2490 299 2551; x_wconf 78' lang='lat' dir='ltr'><strong>gentes</strong></span> <span class='ocrx_word' id='word_1_334' title='bbox 344 2483 394 2538; x_wconf 88' lang='lat' dir='ltr'><strong>in</strong></span> <span class='ocrx_word' id='word_1_335' title='bbox 443 2484 654 2539; x_wconf 84' lang='lat' dir='ltr'><strong>nomine</strong></span> <span class='ocrx_word' id='word_1_336' title='bbox 700 2481 876 2537; x_wconf 89' lang='lat' dir='ltr'><strong>Patris</strong></span> <span class='ocrx_word' id='word_1_337' title='bbox 917 2491 967 2538; x_wconf 89' lang='lat' dir='ltr'><strong>et</strong></span> <span class='ocrx_word' id='word_1_338' title='bbox 1006 2481 1136 2538; x_wconf 86' lang='lat' dir='ltr'><strong>Filii</strong></span> <span class='ocrx_word' id='word_1_339' title='bbox 1179 2493 1228 2539; x_wconf 87' lang='lat' dir='ltr'><strong>et</strong></span> <span class='ocrx_word' id='word_1_340' title='bbox 1273 2483 1505 2555; x_wconf 86' lang='lat' dir='ltr'><strong>Spiritus</strong></span> <span class='ocrx_word' id='word_1_341' title='bbox 1555 2483 1722 2540; x_wconf 88' lang='lat' dir='ltr'><strong>sancti</strong></span> 
     </span>
    </p>
   </div>
   <div class='ocr_carea' id='block_1_41' title="bbox 153 2574 1720 2649">
    <p class='ocr_par' dir='ltr' id='par_1_41' title="bbox 153 2574 1720 2649">
     <span class='ocr_line' id='line_1_41' title="bbox 153 2574 1720 2649; baseline 0.003 -21"><span class='ocrx_word' id='word_1_342' title='bbox 153 2574 341 2647; x_wconf 71' lang='lat' dir='ltr'><strong>(Matth.</strong></span> <span class='ocrx_word' id='word_1_343' title='bbox 373 2593 566 2644; x_wconf 77' lang='lat' dir='ltr'><strong>xxvm,</strong></span> <span class='ocrx_word' id='word_1_344' title='bbox 589 2578 702 2649; x_wconf 78' lang='lat' dir='ltr'><strong>i9).</strong></span> <span class='ocrx_word' id='word_1_345' title='bbox 745 2577 991 2648; x_wconf 85' lang='lat' dir='ltr'><strong>Integer,</strong></span> <span class='ocrx_word' id='word_1_346' title='bbox 1023 2577 1294 2648; x_wconf 89' lang='lat' dir='ltr'><strong>perfectus</strong></span> <span class='ocrx_word' id='word_1_347' title='bbox 1321 2592 1578 2635; x_wconf 89' lang='lat' dir='ltr'><strong>numerus</strong></span> <span class='ocrx_word' id='word_1_348' title='bbox 1601 2576 1720 2634; x_wconf 84' lang='lat' dir='ltr'><strong>Tri-</strong></span> 
     </span>
    </p>
   </div>
   <div class='ocr_carea' id='block_1_42' title="bbox 154 2669 1718 2745">
    <p class='ocr_par' dir='ltr' id='par_1_42' title="bbox 154 2669 1718 2745">
     <span class='ocr_line' id='line_1_42' title="bbox 154 2669 1718 2745; baseline 0.003 -22"><span class='ocrx_word' id='word_1_349' title='bbox 154 2670 312 2726; x_wconf 87' lang='lat' dir='ltr'><strong>nitatis</strong></span> <span class='ocrx_word' id='word_1_350' title='bbox 338 2681 441 2728; x_wconf 88' lang='lat' dir='ltr'><strong>est.</strong></span> <span class='ocrx_word' id='word_1_351' title='bbox 485 2669 557 2744; x_wconf 87' lang='lat' dir='ltr'><strong>(e)</strong></span> <span class='ocrx_word' id='word_1_352' title='bbox 588 2671 900 2730; x_wconf 87' lang='lat' dir='ltr'><strong>Paracletus</strong></span> <span class='ocrx_word' id='word_1_353' title='bbox 928 2681 1107 2729; x_wconf 88' lang='lat' dir='ltr'><strong>autem</strong></span> <span class='ocrx_word' id='word_1_354' title='bbox 1135 2673 1369 2744; x_wconf 86' lang='lat' dir='ltr'><strong>Spiritus</strong></span> <span class='ocrx_word' id='word_1_355' title='bbox 1395 2688 1494 2745; x_wconf 88' lang='lat' dir='ltr'><strong>per</strong></span> <span class='ocrx_word' id='word_1_356' title='bbox 1521 2672 1718 2729; x_wconf 89' lang='lat' dir='ltr'><strong>Filium</strong></span> 
     </span>
    </p>
   </div>
   <div class='ocr_carea' id='block_1_43' title="bbox 152 2765 1723 2839">
    <p class='ocr_par' dir='ltr' id='par_1_43' title="bbox 152 2765 1723 2839">
     <span class='ocr_line' id='line_1_43' title="bbox 152 2765 1723 2839; baseline 0.003 -19"><span class='ocrx_word' id='word_1_357' title='bbox 152 2774 221 2820; x_wconf 89' lang='lat' dir='ltr'><strong>est</strong></span> <span class='ocrx_word' id='word_1_358' title='bbox 241 2781 257 2832; x_wconf 69' lang='grc' dir='ltr'>ς</span> <span class='ocrx_word' id='word_1_359' title='bbox 281 2765 366 2837; x_wconf 89' lang='lat' dir='ltr'><strong>qui</strong></span> <span class='ocrx_word' id='word_1_360' title='bbox 389 2768 592 2824; x_wconf 88' lang='lat' dir='ltr'><strong>missus</strong></span> <span class='ocrx_word' id='word_1_361' title='bbox 614 2769 763 2823; x_wconf 84' lang='lat' dir='ltr'><strong>venit</strong></span> <span class='ocrx_word' id='word_1_362' title='bbox 787 2766 939 2838; x_wconf 76' lang='lat' dir='ltr'><strong>juxta</strong></span> <span class='ocrx_word' id='word_1_363' title='bbox 970 2766 1314 2839; x_wconf 83' lang='lat' dir='ltr'><strong>promissum,</strong></span> <span class='ocrx_word' id='word_1_364' title='bbox 1346 2776 1403 2822; x_wconf 89' lang='lat' dir='ltr'><strong>ut</strong></span> <span class='ocrx_word' id='word_1_365' title='bbox 1430 2767 1723 2839; x_wconf 78' lang='lat' dir='ltr'><strong>Apostolus</strong></span> 
     </span>
    </p>
   </div>
   <div class='ocr_carea' id='block_1_44' title="bbox 152 2861 1715 2929">
    <p class='ocr_par' dir='ltr' id='par_1_44' title="bbox 152 2861 1715 2929">
     <span class='ocr_line' id='line_1_44' title="bbox 152 2861 1715 2929; baseline 0.004 -18"><span class='ocrx_word' id='word_1_366' title='bbox 152 2868 196 2914; x_wconf 82' lang='lat' dir='ltr'><strong>et</strong></span> <span class='ocrx_word' id='word_1_367' title='bbox 216 2874 385 2919; x_wconf 86' lang='lat' dir='ltr'><strong>omnes</strong></span> <span class='ocrx_word' id='word_1_368' title='bbox 413 2861 705 2919; x_wconf 89' lang='lat' dir='ltr'><strong>credentes</strong></span> <span class='ocrx_word' id='word_1_369' title='bbox 731 2862 1044 2927; x_wconf 86' lang='lat' dir='ltr'><strong>instrueret,</strong></span> <span class='ocrx_word' id='word_1_370' title='bbox 1069 2863 1310 2929; x_wconf 85' lang='lat' dir='ltr'><strong>doceret,</strong></span> <span class='ocrx_word' id='word_1_371' title='bbox 1333 2861 1715 2919; x_wconf 87' lang='lat' dir='ltr'><strong>sanctiﬁearet.</strong></span> 
     </span>
    </p>
   </div>
   <div class='ocr_carea' id='block_1_45' title="bbox 211 2955 1723 3029">
    <p class='ocr_par' dir='ltr' id='par_1_45' title="bbox 211 2955 1723 3029">
     <span class='ocr_line' id='line_1_45' title="bbox 211 2955 1723 3029; baseline 0.001 -20"><span class='ocrx_word' id='word_1_372' title='bbox 211 2956 288 3010; x_wconf 70' lang='grc'><strong>12.</strong></span> <span class='ocrx_word' id='word_1_373' title='bbox 332 2955 573 3013; x_wconf 83' lang='lat' dir='ltr'><strong>Essentia</strong></span> <span class='ocrx_word' id='word_1_374' title='bbox 600 2968 648 3012; x_wconf 84' lang='lat' dir='ltr'><strong>et</strong></span> <span class='ocrx_word' id='word_1_375' title='bbox 675 2958 960 3013; x_wconf 80' lang='lat' dir='ltr'><strong>substantia</strong></span> <span class='ocrx_word' id='word_1_376' title='bbox 994 2959 1139 3029; x_wconf 86' lang='lat' dir='ltr'><strong>quid.</strong></span> <span class='ocrx_word' id='word_1_377' title='bbox 1169 2957 1446 3029; x_wconf 81' lang='lat' dir='ltr'><strong>Ancyraua</strong></span> <span class='ocrx_word' id='word_1_378' title='bbox 1476 2956 1723 3027; x_wconf 79' lang='lat' dir='ltr'><strong>Synodus</strong></span> 
     </span>
    </p>
   </div>
   <div class='ocr_carea' id='block_1_46' title="bbox 149 3050 1720 3125">
    <p class='ocr_par' dir='ltr' id='par_1_46' title="bbox 149 3050 1720 3125">
     <span class='ocr_line' id='line_1_46' title="bbox 149 3050 1720 3125; baseline 0.001 -23"><span class='ocrx_word' id='word_1_379' title='bbox 149 3050 380 3107; x_wconf 82' lang='lat' dir='ltr'><strong>ann.558.</strong></span> <span class='ocrx_word' id='word_1_380' title='bbox 416 3051 592 3108; x_wconf 82' lang='lat' dir='ltr'><strong>Filius</strong></span> <span class='ocrx_word' id='word_1_381' title='bbox 619 3063 674 3106; x_wconf 82' lang='lat' dir='ltr'><strong>ut</strong></span> <span class='ocrx_word' id='word_1_382' title='bbox 699 3054 870 3125; x_wconf 84' lang='lat' dir='ltr'><strong>imago</strong></span> <span class='ocrx_word' id='word_1_383' title='bbox 899 3069 999 3107; x_wconf 91' lang='lat' dir='ltr'><strong>non</strong></span> <span class='ocrx_word' id='word_1_384' title='bbox 1021 3052 1130 3108; x_wconf 87' lang='lat' dir='ltr'><strong>solo</strong></span> <span class='ocrx_word' id='word_1_385' title='bbox 1157 3053 1360 3107; x_wconf 83' lang='lat' dir='ltr'><strong>nomine</strong></span> <span class='ocrx_word' id='word_1_386' title='bbox 1387 3053 1522 3108; x_wconf 75' lang='lat' dir='ltr'><strong>alius</strong></span> <span class='ocrx_word' id='word_1_387' title='bbox 1548 3068 1579 3105; x_wconf 90' lang='lat' dir='ltr'><strong>a</strong></span> <span class='ocrx_word' id='word_1_388' title='bbox 1611 3050 1720 3105; x_wconf 60' lang='lat' dir='ltr'><strong>Pa.</strong></span> 
     </span>
    </p>
   </div>
   <div class='ocr_carea' id='block_1_47' title="bbox 153 3143 1725 3218">
    <p class='ocr_par' dir='ltr' id='par_1_47' title="bbox 153 3143 1725 3218">
     <span class='ocr_line' id='line_1_47' title="bbox 153 3143 1725 3218; baseline 0.004 -25"><span class='ocrx_word' id='word_1_389' title='bbox 153 3151 228 3195; x_wconf 74' lang='lat' dir='ltr'><strong>tre.</strong></span> <span class='ocrx_word' id='word_1_390' title='bbox 253 3174 318 3186; x_wconf 86' lang='lat'><em>--</em></span> <span class='ocrx_word' id='word_1_391' title='bbox 340 3145 433 3201; x_wconf 80' lang='lat' dir='ltr'><strong>His</strong></span> <span class='ocrx_word' id='word_1_392' title='bbox 456 3147 650 3218; x_wconf 85' lang='lat' dir='ltr'><strong>itaque</strong></span> <span class='ocrx_word' id='word_1_393' title='bbox 681 3155 759 3203; x_wconf 89' lang='lat' dir='ltr'><strong>tot</strong></span> <span class='ocrx_word' id='word_1_394' title='bbox 787 3156 842 3202; x_wconf 92' lang='lat' dir='ltr'><strong>et</strong></span> <span class='ocrx_word' id='word_1_395' title='bbox 868 3147 1029 3202; x_wconf 86' lang='lat' dir='ltr'><strong>tantis</strong></span> <span class='ocrx_word' id='word_1_396' title='bbox 1050 3145 1341 3217; x_wconf 87' lang='lat' dir='ltr'><strong>impietatis</strong></span> <span class='ocrx_word' id='word_1_397' title='bbox 1372 3143 1725 3215; x_wconf 85' lang='lat' dir='ltr'><strong>professioni-</strong></span> 
     </span>
    </p>
   </div>
   <div class='ocr_carea' id='block_1_48' title="bbox 1893 1921 3427 2003">
    <p class='ocr_par' dir='ltr' id='par_1_48' title="bbox 1893 1921 3427 2003">
     <span class='ocr_line' id='line_1_48' title="bbox 1893 1921 3427 2003; baseline 0.01 -26"><span class='ocrx_word' id='word_1_398' title='bbox 1893 1921 1935 1977; x_wconf 86' lang='grc' dir='ltr'><strong>Ι.</strong></span> <span class='ocrx_word' id='word_1_399' title='bbox 1976 1940 1997 1975; x_wconf 77' lang='lat' dir='ltr'><strong>t</strong></span> <span class='ocrx_word' id='word_1_400' title='bbox 2035 1922 2090 1979; x_wconf 89' lang='lat' dir='ltr'><strong>Si</strong></span> <span class='ocrx_word' id='word_1_401' title='bbox 2133 1925 2255 1996; x_wconf 90' lang='lat' dir='ltr'><strong>quis</strong></span> <span class='ocrx_word' id='word_1_402' title='bbox 2301 1926 2529 1984; x_wconf 88' lang='lat' dir='ltr'><strong>audiens</strong></span> <span class='ocrx_word' id='word_1_403' title='bbox 2576 1928 2865 2003; x_wconf 89' lang='lat' dir='ltr'><strong>imaginem</strong></span> <span class='ocrx_word' id='word_1_404' title='bbox 2916 1947 3038 1990; x_wconf 88' lang='lat' dir='ltr'><strong>esse</strong></span> <span class='ocrx_word' id='word_1_405' title='bbox 3087 1932 3280 1991; x_wconf 87' lang='lat' dir='ltr'><strong>Filium</strong></span> <span class='ocrx_word' id='word_1_406' title='bbox 3332 1937 3427 1995; x_wconf 91' lang='lat' dir='ltr'><strong>Dei</strong></span> 
     </span>
    </p>
   </div>
   <div class='ocr_carea' id='block_1_49' title="bbox 1823 2015 3429 2101">
    <p class='ocr_par' dir='ltr' id='par_1_49' title="bbox 1823 2015 3429 2101">
     <span class='ocr_line' id='line_1_49' title="bbox 1823 2015 3429 2101; baseline 0.009 -31"><span class='ocrx_word' id='word_1_407' title='bbox 1823 2015 2109 2073; x_wconf 90' lang='lat' dir='ltr'><strong>invisibilis</strong></span> <span class='ocrx_word' id='word_1_408' title='bbox 2134 2059 2150 2084; x_wconf 86' lang='lat'><strong>,</strong></span> <span class='ocrx_word' id='word_1_409' title='bbox 2198 2018 2341 2077; x_wconf 90' lang='lat' dir='ltr'><strong>idem</strong></span> <span class='ocrx_word' id='word_1_410' title='bbox 2369 2020 2514 2078; x_wconf 88' lang='lat' dir='ltr'><strong>dicat</strong></span> <span class='ocrx_word' id='word_1_411' title='bbox 2539 2037 2661 2080; x_wconf 91' lang='lat' dir='ltr'><strong>esse</strong></span> <span class='ocrx_word' id='word_1_412' title='bbox 2688 2021 2979 2098; x_wconf 90' lang='lat' dir='ltr'><strong>imaginem</strong></span> <span class='ocrx_word' id='word_1_413' title='bbox 3009 2027 3105 2086; x_wconf 82' lang='lat' dir='ltr'><strong>Dei</strong></span> <span class='ocrx_word' id='word_1_414' title='bbox 3132 2070 3148 2096; x_wconf 91' lang='lat'><strong>,</strong></span> <span class='ocrx_word' id='word_1_415' title='bbox 3191 2029 3334 2101; x_wconf 91' lang='lat' dir='ltr'><strong>quod</strong></span> <span class='ocrx_word' id='word_1_416' title='bbox 3370 2040 3429 2087; x_wconf 88' lang='lat' dir='ltr'><strong>et</strong></span> 
     </span>
    </p>
   </div>
   <div class='ocr_carea' id='block_1_50' title="bbox 1823 2110 3423 2194">
    <p class='ocr_par' dir='ltr' id='par_1_50' title="bbox 1823 2110 3423 2194">
     <span class='ocr_line' id='line_1_50' title="bbox 1823 2110 3423 2194; baseline 0.009 -28"><span class='ocrx_word' id='word_1_417' title='bbox 1823 2111 1990 2167; x_wconf 88' lang='lat' dir='ltr'><strong>Deum</strong></span> <span class='ocrx_word' id='word_1_418' title='bbox 2021 2110 2346 2171; x_wconf 89' lang='lat' dir='ltr'><strong>invisibilem</strong></span> <span class='ocrx_word' id='word_1_419' title='bbox 2374 2133 2388 2171; x_wconf 88' lang='lat'><strong>:</strong></span> <span class='ocrx_word' id='word_1_420' title='bbox 2438 2118 2592 2188; x_wconf 88' lang='lat' dir='ltr'><strong>quasi</strong></span> <span class='ocrx_word' id='word_1_421' title='bbox 2623 2133 2731 2175; x_wconf 91' lang='lat' dir='ltr'><strong>non</strong></span> <span class='ocrx_word' id='word_1_422' title='bbox 2755 2120 3022 2179; x_wconf 89' lang='lat' dir='ltr'><strong>conﬁtens</strong></span> <span class='ocrx_word' id='word_1_423' title='bbox 3050 2137 3179 2180; x_wconf 87' lang='lat' dir='ltr'><strong>vere</strong></span> <span class='ocrx_word' id='word_1_424' title='bbox 3219 2124 3385 2180; x_wconf 91' lang='lat' dir='ltr'><strong>ﬁlium</strong></span> <span class='ocrx_word' id='word_1_425' title='bbox 3406 2166 3423 2194; x_wconf 94' lang='lat'><strong>,</strong></span> 
     </span>
    </p>
   </div>
   <div class='ocr_carea' id='block_1_51' title="bbox 1820 2204 2418 2281">
    <p class='ocr_par' dir='ltr' id='par_1_51' title="bbox 1820 2204 2418 2281">
     <span class='ocr_line' id='line_1_51' title="bbox 1820 2204 2418 2281; baseline 0.005 -22"><span class='ocrx_word' id='word_1_426' title='bbox 1820 2204 2105 2262; x_wconf 90' lang='lat' dir='ltr'><strong>anathema</strong></span> <span class='ocrx_word' id='word_1_427' title='bbox 2135 2206 2208 2263; x_wconf 91' lang='lat' dir='ltr'><strong>sit</strong></span> <span class='ocrx_word' id='word_1_428' title='bbox 2258 2208 2347 2281; x_wconf 72' lang='grc' dir='ltr'><strong>(ε).</strong></span> <span class='ocrx_word' id='word_1_429' title='bbox 2399 2228 2418 2262; x_wconf 78' lang='lat' dir='ltr'><strong>s</strong></span> 
     </span>
    </p>
   </div>
   <div class='ocr_carea' id='block_1_52' title="bbox 1896 2298 3425 2376">
    <p class='ocr_par' dir='ltr' id='par_1_52' title="bbox 1896 2298 3425 2376">
     <span class='ocr_line' id='line_1_52' title="bbox 1896 2298 3425 2376; baseline 0.009 -23"><span class='ocrx_word' id='word_1_430' title='bbox 1896 2298 1982 2354; x_wconf 79' lang='grc'><strong>15.</strong></span> <span class='ocrx_word' id='word_1_431' title='bbox 2025 2299 2160 2355; x_wconf 82' lang='lat' dir='ltr'><strong>Item</strong></span> <span class='ocrx_word' id='word_1_432' title='bbox 2198 2302 2334 2357; x_wconf 85' lang='lat' dir='ltr'><strong>alius</strong></span> <span class='ocrx_word' id='word_1_433' title='bbox 2362 2311 2471 2370; x_wconf 88' lang='lat' dir='ltr'><strong>est,</strong></span> <span class='ocrx_word' id='word_1_434' title='bbox 2511 2314 2567 2358; x_wconf 84' lang='lat' dir='ltr'><strong>ut</strong></span> <span class='ocrx_word' id='word_1_435' title='bbox 2601 2306 2856 2376; x_wconf 84' lang='lat' dir='ltr'><strong>accipiens</strong></span> <span class='ocrx_word' id='word_1_436' title='bbox 2897 2324 2930 2362; x_wconf 94' lang='lat' dir='ltr'><strong>a</strong></span> <span class='ocrx_word' id='word_1_437' title='bbox 2968 2306 3131 2364; x_wconf 79' lang='lat' dir='ltr'><strong>Patre</strong></span> <span class='ocrx_word' id='word_1_438' title='bbox 3154 2310 3327 2365; x_wconf 72' lang='lat' dir='ltr'><strong>vitam.</strong></span> <span class='ocrx_word' id='word_1_439' title='bbox 3353 2340 3425 2353; x_wconf 92' lang='lat'><strong>—-</strong></span> 
     </span>
    </p>
   </div>
   <div class='ocr_carea' id='block_1_53' title="bbox 1823 2390 3425 2461">
    <p class='ocr_par' dir='ltr' id='par_1_53' title="bbox 1823 2390 3425 2461">
     <span class='ocr_line' id='line_1_53' title="bbox 1823 2390 3425 2461; baseline 0.009 -15"><span class='ocrx_word' id='word_1_440' title='bbox 1823 2390 2056 2449; x_wconf 86' lang='lat' dir='ltr'><strong>Exclusa</strong></span> <span class='ocrx_word' id='word_1_441' title='bbox 2102 2403 2185 2449; x_wconf 89' lang='lat' dir='ltr'><strong>est</strong></span> <span class='ocrx_word' id='word_1_442' title='bbox 2228 2396 2801 2457; x_wconf 9' lang='lat' dir='ltr'><strong>assertiogvolentium</strong></span> <span class='ocrx_word' id='word_1_443' title='bbox 2855 2400 3167 2458; x_wconf 89' lang='lat' dir='ltr'><strong>nominibus</strong></span> <span class='ocrx_word' id='word_1_444' title='bbox 3218 2411 3425 2461; x_wconf 91' lang='lat' dir='ltr'><strong>tantum</strong></span> 
     </span>
    </p>
   </div>
   <div class='ocr_carea' id='block_1_54' title="bbox 1823 2485 3429 2571">
    <p class='ocr_par' dir='ltr' id='par_1_54' title="bbox 1823 2485 3429 2571">
     <span class='ocr_line' id='line_1_54' title="bbox 1823 2485 3429 2571; baseline 0.009 -30"><span class='ocrx_word' id='word_1_445' title='bbox 1823 2485 2039 2543; x_wconf 83' lang='lat' dir='ltr'><strong>Patrem</strong></span> <span class='ocrx_word' id='word_1_446' title='bbox 2083 2496 2139 2544; x_wconf 91' lang='lat' dir='ltr'><strong>et</strong></span> <span class='ocrx_word' id='word_1_447' title='bbox 2180 2488 2377 2545; x_wconf 86' lang='lat' dir='ltr'><strong>Filium</strong></span> <span class='ocrx_word' id='word_1_448' title='bbox 2425 2490 2768 2561; x_wconf 75' lang='lat' dir='ltr'><strong>prtcdieare;</strong></span> <span class='ocrx_word' id='word_1_449' title='bbox 2811 2508 2934 2550; x_wconf 90' lang='lat' dir='ltr'><strong>cum</strong></span> <span class='ocrx_word' id='word_1_450' title='bbox 2980 2495 3198 2566; x_wconf 89' lang='lat' dir='ltr'><strong>quando</strong></span> <span class='ocrx_word' id='word_1_451' title='bbox 3250 2497 3429 2571; x_wconf 80' lang='lat' dir='ltr'><strong>imago</strong></span> 
     </span>
    </p>
   </div>
   <div class='ocr_carea' id='block_1_55' title="bbox 1823 2582 3430 2660">
    <p class='ocr_par' dir='ltr' id='par_1_55' title="bbox 1823 2582 3430 2660">
     <span class='ocr_line' id='line_1_55' title="bbox 1823 2582 3430 2660; baseline 0.007 -23"><span class='ocrx_word' id='word_1_452' title='bbox 1823 2582 2020 2651; x_wconf 88' lang='lat' dir='ltr'><strong>omnis,</strong></span> <span class='ocrx_word' id='word_1_453' title='bbox 2042 2584 2161 2653; x_wconf 88' lang='lat' dir='ltr'><strong>ejus</strong></span> <span class='ocrx_word' id='word_1_454' title='bbox 2180 2583 2250 2640; x_wconf 88' lang='lat' dir='ltr'><strong>ad</strong></span> <span class='ocrx_word' id='word_1_455' title='bbox 2278 2600 2441 2658; x_wconf 89' lang='lat' dir='ltr'><strong>quem</strong></span> <span class='ocrx_word' id='word_1_456' title='bbox 2463 2587 2862 2659; x_wconf 88' lang='lat' dir='ltr'><strong>coimaginetur</strong></span> <span class='ocrx_word' id='word_1_457' title='bbox 2882 2590 3093 2660; x_wconf 89' lang='lat' dir='ltr'><strong>species</strong></span> <span class='ocrx_word' id='word_1_458' title='bbox 3116 2591 3430 2648; x_wconf 86' lang='lat' dir='ltr'><strong>inditl&#39;erens</strong></span> 
     </span>
    </p>
   </div>
   <div class='ocr_carea' id='block_1_56' title="bbox 1824 2674 3426 2753">
    <p class='ocr_par' dir='ltr' id='par_1_56' title="bbox 1824 2674 3426 2753">
     <span class='ocr_line' id='line_1_56' title="bbox 1824 2674 3426 2753; baseline 0.006 -22"><span class='ocrx_word' id='word_1_459' title='bbox 1824 2674 1913 2731; x_wconf 90' lang='lat' dir='ltr'><strong>sit.</strong></span> <span class='ocrx_word' id='word_1_460' title='bbox 1942 2674 2127 2748; x_wconf 86' lang='lat' dir='ltr'><strong>Neque</strong></span> <span class='ocrx_word' id='word_1_461' title='bbox 2152 2676 2297 2733; x_wconf 91' lang='lat' dir='ltr'><strong>enim</strong></span> <span class='ocrx_word' id='word_1_462' title='bbox 2329 2677 2445 2748; x_wconf 87' lang='lat' dir='ltr'><strong>ipse</strong></span> <span class='ocrx_word' id='word_1_463' title='bbox 2491 2678 2593 2734; x_wconf 90' lang='lat' dir='ltr'><strong>sibi</strong></span> <span class='ocrx_word' id='word_1_464' title='bbox 2625 2681 2909 2752; x_wconf 88' lang='lat' dir='ltr'><strong>quisquam</strong></span> <span class='ocrx_word' id='word_1_465' title='bbox 2942 2682 3119 2753; x_wconf 89' lang='lat' dir='ltr'><strong>imago</strong></span> <span class='ocrx_word' id='word_1_466' title='bbox 3159 2692 3281 2750; x_wconf 89' lang='lat' dir='ltr'><strong>est;</strong></span> <span class='ocrx_word' id='word_1_467' title='bbox 3330 2683 3426 2740; x_wconf 88' lang='lat' dir='ltr'><strong>sed</strong></span> 
     </span>
    </p>
   </div>
   <div class='ocr_carea' id='block_1_57' title="bbox 1824 2769 3432 2849">
    <p class='ocr_par' dir='ltr' id='par_1_57' title="bbox 1824 2769 3432 2849">
     <span class='ocr_line' id='line_1_57' title="bbox 1824 2769 3432 2849; baseline 0.006 -25"><span class='ocrx_word' id='word_1_468' title='bbox 1824 2783 1971 2835; x_wconf 89' lang='lat' dir='ltr'><strong>eum,</strong></span> <span class='ocrx_word' id='word_1_469' title='bbox 2000 2769 2157 2839; x_wconf 90' lang='lat' dir='ltr'><strong>cujus</strong></span> <span class='ocrx_word' id='word_1_470' title='bbox 2197 2770 2375 2842; x_wconf 86' lang='lat' dir='ltr'><strong>imago</strong></span> <span class='ocrx_word' id='word_1_471' title='bbox 2399 2780 2503 2837; x_wconf 88' lang='lat' dir='ltr'><strong>est,</strong></span> <span class='ocrx_word' id='word_1_472' title='bbox 2533 2786 2756 2830; x_wconf 89' lang='lat' dir='ltr'><strong>necesse</strong></span> <span class='ocrx_word' id='word_1_473' title='bbox 2782 2786 2864 2830; x_wconf 89' lang='lat' dir='ltr'><strong>est</strong></span> <span class='ocrx_word' id='word_1_474' title='bbox 2892 2784 2950 2830; x_wconf 90' lang='lat' dir='ltr'><strong>ut</strong></span> <span class='ocrx_word' id='word_1_475' title='bbox 2986 2776 3163 2849; x_wconf 87' lang='lat' dir='ltr'><strong>imago</strong></span> <span class='ocrx_word' id='word_1_476' title='bbox 3206 2777 3432 2834; x_wconf 62' lang='lat' dir='ltr'><strong>demono</strong></span> 
     </span>
    </p>
   </div>
   <div class='ocr_carea' id='block_1_58' title="bbox 1826 2863 3432 2942">
    <p class='ocr_par' dir='ltr' id='par_1_58' title="bbox 1826 2863 3432 2942">
     <span class='ocr_line' id='line_1_58' title="bbox 1826 2863 3432 2942; baseline 0.007 -26"><span class='ocrx_word' id='word_1_477' title='bbox 1826 2870 1980 2918; x_wconf 89' lang='lat' dir='ltr'><strong>stret.</strong></span> <span class='ocrx_word' id='word_1_478' title='bbox 2031 2863 2214 2935; x_wconf 85' lang='lat' dir='ltr'><strong>Imago</strong></span> <span class='ocrx_word' id='word_1_479' title='bbox 2242 2865 2420 2936; x_wconf 86' lang='lat' dir='ltr'><strong>itaque</strong></span> <span class='ocrx_word' id='word_1_480' title='bbox 2445 2876 2524 2921; x_wconf 90' lang='lat' dir='ltr'><strong>est</strong></span> <span class='ocrx_word' id='word_1_481' title='bbox 2560 2867 2634 2922; x_wconf 86' lang='lat' dir='ltr'><strong>rei</strong></span> <span class='ocrx_word' id='word_1_482' title='bbox 2664 2867 2729 2921; x_wconf 89' lang='lat' dir='ltr'><strong>ad</strong></span> <span class='ocrx_word' id='word_1_483' title='bbox 2760 2884 2873 2924; x_wconf 90' lang='lat' dir='ltr'><strong>rem</strong></span> <span class='ocrx_word' id='word_1_484' title='bbox 2900 2872 3250 2942; x_wconf 68' lang='lat' dir='ltr'><strong>eomquandte</strong></span> <span class='ocrx_word' id='word_1_485' title='bbox 3294 2872 3432 2927; x_wconf 82' lang='lat' dir='ltr'><strong>ima-</strong></span> 
     </span>
    </p>
   </div>
   <div class='ocr_carea' id='block_1_59' title="bbox 1825 2954 3432 3034">
    <p class='ocr_par' dir='ltr' id='par_1_59' title="bbox 1825 2954 3432 3034">
     <span class='ocr_line' id='line_1_59' title="bbox 1825 2954 3432 3034; baseline 0.009 -25"><span class='ocrx_word' id='word_1_486' title='bbox 1825 2954 2004 3025; x_wconf 85' lang='lat' dir='ltr'><strong>ginata</strong></span> <span class='ocrx_word' id='word_1_487' title='bbox 2032 2965 2088 3011; x_wconf 91' lang='lat' dir='ltr'><strong>et</strong></span> <span class='ocrx_word' id='word_1_488' title='bbox 2116 2957 2401 3013; x_wconf 88' lang='lat' dir='ltr'><strong>indiscreta</strong></span> <span class='ocrx_word' id='word_1_489' title='bbox 2432 2960 2747 3015; x_wconf 88' lang='lat' dir='ltr'><strong>similitudo.</strong></span> <span class='ocrx_word' id='word_1_490' title='bbox 2803 2962 2900 3018; x_wconf 85' lang='lat' dir='ltr'><strong>Est</strong></span> <span class='ocrx_word' id='word_1_491' title='bbox 2938 2979 3068 3034; x_wconf 89' lang='lat' dir='ltr'><strong>ergo</strong></span> <span class='ocrx_word' id='word_1_492' title='bbox 3100 2966 3262 3022; x_wconf 89' lang='lat' dir='ltr'><strong>Pater</strong></span> <span class='ocrx_word' id='word_1_493' title='bbox 3285 3008 3299 3031; x_wconf 90' lang='lat'><strong>,</strong></span> <span class='ocrx_word' id='word_1_494' title='bbox 3347 2978 3432 3023; x_wconf 91' lang='lat' dir='ltr'><strong>est</strong></span> 
     </span>
    </p>
   </div>
   <div class='ocr_carea' id='block_1_60' title="bbox 1828 3046 3430 3131">
    <p class='ocr_par' dir='ltr' id='par_1_60' title="bbox 1828 3046 3430 3131">
     <span class='ocr_line' id='line_1_60' title="bbox 1828 3046 3430 3131; baseline 0.007 -28"><span class='ocrx_word' id='word_1_495' title='bbox 1828 3056 1882 3103; x_wconf 90' lang='lat' dir='ltr'><strong>et</strong></span> <span class='ocrx_word' id='word_1_496' title='bbox 1910 3046 2081 3103; x_wconf 88' lang='lat' dir='ltr'><strong>Filius</strong></span> <span class='ocrx_word' id='word_1_497' title='bbox 2108 3067 2120 3103; x_wconf 88' lang='lat'><strong>:</strong></span> <span class='ocrx_word' id='word_1_498' title='bbox 2147 3052 2266 3119; x_wconf 81' lang='lat' dir='ltr'><strong>quia</strong></span> <span class='ocrx_word' id='word_1_499' title='bbox 2302 3052 2476 3122; x_wconf 84' lang='lat' dir='ltr'><strong>imago</strong></span> <span class='ocrx_word' id='word_1_500' title='bbox 2507 3053 2679 3108; x_wconf 87' lang='lat' dir='ltr'><strong>Patris</strong></span> <span class='ocrx_word' id='word_1_501' title='bbox 2707 3064 2787 3109; x_wconf 89' lang='lat' dir='ltr'><strong>est</strong></span> <span class='ocrx_word' id='word_1_502' title='bbox 2819 3053 2982 3111; x_wconf 71' lang='lat' dir='ltr'><strong>Filius</strong></span> <span class='ocrx_word' id='word_1_503' title='bbox 3008 3073 3021 3123; x_wconf 93' lang='lat'>;</span> <span class='ocrx_word' id='word_1_504' title='bbox 3048 3067 3102 3112; x_wconf 88' lang='lat' dir='ltr'><strong>et</strong></span> <span class='ocrx_word' id='word_1_505' title='bbox 3129 3058 3221 3129; x_wconf 78' lang='lat' dir='ltr'><strong>qui</strong></span> <span class='ocrx_word' id='word_1_506' title='bbox 3252 3059 3430 3131; x_wconf 85' lang='lat' dir='ltr'><strong>imago</strong></span> 
     </span>
    </p>
   </div>
   <div class='ocr_carea' id='block_1_61' title="bbox 1828 3140 3432 3216">
    <p class='ocr_par' dir='ltr' id='par_1_61' title="bbox 1828 3140 3432 3216">
     <span class='ocr_line' id='line_1_61' title="bbox 1828 3140 3432 3216; baseline 0.007 -22"><span class='ocrx_word' id='word_1_507' title='bbox 1828 3149 1939 3207; x_wconf 88' lang='lat' dir='ltr'><strong>est,</strong></span> <span class='ocrx_word' id='word_1_508' title='bbox 1967 3140 2034 3216; x_wconf 82' lang='lat' dir='ltr'><strong>(j)</strong></span> <span class='ocrx_word' id='word_1_509' title='bbox 2057 3149 2113 3194; x_wconf 93' lang='lat' dir='ltr'><strong>ut</strong></span> <span class='ocrx_word' id='word_1_510' title='bbox 2140 3141 2217 3196; x_wconf 85' lang='lat' dir='ltr'><strong>rei</strong></span> <span class='ocrx_word' id='word_1_511' title='bbox 2250 3143 2425 3214; x_wconf 87' lang='lat' dir='ltr'><strong>imago</strong></span> <span class='ocrx_word' id='word_1_512' title='bbox 2450 3143 2540 3211; x_wconf 87' lang='lat' dir='ltr'><strong>sit,</strong></span> <span class='ocrx_word' id='word_1_513' title='bbox 2572 3146 2809 3215; x_wconf 89' lang='lat' dir='ltr'><strong>speciem</strong></span> <span class='ocrx_word' id='word_1_514' title='bbox 2833 3163 3055 3206; x_wconf 89' lang='lat' dir='ltr'><strong>necesse</strong></span> <span class='ocrx_word' id='word_1_515' title='bbox 3077 3158 3161 3205; x_wconf 88' lang='lat' dir='ltr'><strong>est</strong></span> <span class='ocrx_word' id='word_1_516' title='bbox 3192 3160 3246 3206; x_wconf 89' lang='lat' dir='ltr'><strong>et</strong></span> <span class='ocrx_word' id='word_1_517' title='bbox 3276 3159 3432 3206; x_wconf 87' lang='lat' dir='ltr'><strong>natu-</strong></span> 
     </span>
    </p>
   </div>
   <div class='ocr_carea' id='block_1_62' title="bbox 153 3232 3429 3314">
    <p class='ocr_par' dir='ltr' id='par_1_62' title="bbox 153 3232 3429 3314">
     <span class='ocr_line' id='line_1_62' title="bbox 153 3232 3429 3314; baseline 0.004 -25"><span class='ocrx_word' id='word_1_518' title='bbox 153 3232 237 3292; x_wconf 83' lang='lat' dir='ltr'><strong>bus</strong></span> <span class='ocrx_word' id='word_1_519' title='bbox 259 3236 404 3295; x_wconf 83' lang='lat' dir='ltr'><strong>editis</strong></span> <span class='ocrx_word' id='word_1_520' title='bbox 430 3281 447 3308; x_wconf 92' lang='lat'><strong>,</strong></span> <span class='ocrx_word' id='word_1_521' title='bbox 498 3239 599 3295; x_wconf 87' lang='lat' dir='ltr'><strong>bas</strong></span> <span class='ocrx_word' id='word_1_522' title='bbox 647 3254 862 3296; x_wconf 88' lang='lat' dir='ltr'><strong>rursum</strong></span> <span class='ocrx_word' id='word_1_523' title='bbox 888 3256 920 3296; x_wconf 91' lang='lat' dir='ltr'><strong>e</strong></span> <span class='ocrx_word' id='word_1_524' title='bbox 947 3240 1225 3296; x_wconf 87' lang='lat' dir='ltr'><strong>contrario</strong></span> <span class='ocrx_word' id='word_1_525' title='bbox 1248 3236 1553 3295; x_wconf 87' lang='lat' dir='ltr'><strong>Orientales</strong></span> <span class='ocrx_word' id='word_1_526' title='bbox 1603 3236 1722 3307; x_wconf 87' lang='lat' dir='ltr'><strong>epi-</strong></span> <span class='ocrx_word' id='word_1_527' title='bbox 1752 3249 1797 3314; x_wconf 61' lang='grc' dir='ltr'><strong>(ξ</strong></span> <span class='ocrx_word' id='word_1_528' title='bbox 1831 3250 1945 3290; x_wconf 88' lang='lat' dir='ltr'><strong>ram</strong></span> <span class='ocrx_word' id='word_1_529' title='bbox 1972 3243 2027 3291; x_wconf 90' lang='lat' dir='ltr'><strong>et</strong></span> <span class='ocrx_word' id='word_1_530' title='bbox 2051 3236 2361 3305; x_wconf 85' lang='lat' dir='ltr'><strong>essentiam,</strong></span> <span class='ocrx_word' id='word_1_531' title='bbox 2404 3238 2699 3294; x_wconf 88' lang='lat' dir='ltr'><strong>secundum</strong></span> <span class='ocrx_word' id='word_1_532' title='bbox 2728 3238 2873 3310; x_wconf 89' lang='lat' dir='ltr'><strong>quod</strong></span> <span class='ocrx_word' id='word_1_533' title='bbox 2913 3240 3091 3313; x_wconf 87' lang='lat' dir='ltr'><strong>imago</strong></span> <span class='ocrx_word' id='word_1_534' title='bbox 3114 3250 3200 3300; x_wconf 88' lang='lat' dir='ltr'><strong>est</strong></span> <span class='ocrx_word' id='word_1_535' title='bbox 3221 3283 3235 3310; x_wconf 91' lang='lat'><strong>,</strong></span> <span class='ocrx_word' id='word_1_536' title='bbox 3285 3243 3340 3299; x_wconf 94' lang='lat' dir='ltr'><strong>in</strong></span> <span class='ocrx_word' id='word_1_537' title='bbox 3366 3259 3429 3301; x_wconf 90' lang='lat' dir='ltr'><strong>se</strong></span> 
     </span>
    </p>
   </div>
   <div class='ocr_carea' id='block_1_63' title="bbox 153 3328 1726 3409">
    <p class='ocr_par' dir='ltr' id='par_1_63' title="bbox 153 3328 1726 3409">
     <span class='ocr_line' id='line_1_63' title="bbox 153 3328 1726 3409; baseline -0.003 -19"><span class='ocrx_word' id='word_1_538' title='bbox 153 3333 279 3403; x_wconf 86' lang='lat' dir='ltr'><strong>scopi</strong></span> <span class='ocrx_word' id='word_1_539' title='bbox 304 3332 356 3390; x_wconf 92' lang='lat' dir='ltr'><strong>in</strong></span> <span class='ocrx_word' id='word_1_540' title='bbox 394 3351 563 3392; x_wconf 88' lang='lat' dir='ltr'><strong>unum</strong></span> <span class='ocrx_word' id='word_1_541' title='bbox 601 3335 912 3409; x_wconf 87' lang='lat' dir='ltr'><strong>congregati</strong></span> <span class='ocrx_word' id='word_1_542' title='bbox 958 3336 1349 3392; x_wconf 89' lang='lat' dir='ltr'><strong>sententiarum</strong></span> <span class='ocrx_word' id='word_1_543' title='bbox 1381 3328 1726 3389; x_wconf 88' lang='lat' dir='ltr'><strong>deﬁnitiones</strong></span> 
     </span>
    </p>
   </div>
   <div class='ocr_carea' id='block_1_64' title="bbox 213 3493 1723 3568">
    <p class='ocr_par' dir='ltr' id='par_1_64' title="bbox 213 3493 1723 3568">
     <span class='ocr_line' id='line_1_64' title="bbox 213 3493 1723 3568; baseline -0.001 -16"><span class='ocrx_word' id='word_1_544' title='bbox 213 3494 280 3568; x_wconf 74' lang='grc' dir='ltr'><strong>(ᾳ)</strong></span> <span class='ocrx_word' id='word_1_545' title='bbox 295 3494 405 3568; x_wconf 81' lang='lat' dir='ltr'><strong>Hoc</strong></span> <span class='ocrx_word' id='word_1_546' title='bbox 430 3496 609 3568; x_wconf 89' lang='lat' dir='ltr'><strong>ipsum</strong></span> <span class='ocrx_word' id='word_1_547' title='bbox 638 3493 857 3551; x_wconf 88' lang='lat' dir='ltr'><strong>totidem</strong></span> <span class='ocrx_word' id='word_1_548' title='bbox 890 3494 1068 3552; x_wconf 87' lang='lat' dir='ltr'><strong>verbis</strong></span> <span class='ocrx_word' id='word_1_549' title='bbox 1095 3495 1343 3566; x_wconf 81' lang='lat' dir='ltr'><strong>exprimit</strong></span> <span class='ocrx_word' id='word_1_550' title='bbox 1367 3493 1723 3553; x_wconf 86' lang='lat' dir='ltr'><strong>Phoebadius.</strong></span> 
     </span>
    </p>
   </div>
   <div class='ocr_carea' id='block_1_65' title="bbox 154 3562 1725 3643">
    <p class='ocr_par' dir='ltr' id='par_1_65' title="bbox 154 3562 1725 3643">
     <span class='ocr_line' id='line_1_65' title="bbox 154 3562 1725 3643; baseline 0.003 -23"><span class='ocrx_word' id='word_1_551' title='bbox 154 3562 211 3620; x_wconf 86' lang='lat' dir='ltr'><strong>At</strong></span> <span class='ocrx_word' id='word_1_552' title='bbox 223 3562 308 3622; x_wconf 72' lang='lat' dir='ltr'><strong>ita:</strong></span> <span class='ocrx_word' id='word_1_553' title='bbox 330 3562 643 3643; x_wconf 62' lang='lat' dir='ltr'><strong>duae&#39;voees</strong></span> <span class='ocrx_word' id='word_1_554' title='bbox 672 3568 928 3643; x_wconf 69' lang='lat' dir='ltr'><strong>claritate,</strong></span> <span class='ocrx_word' id='word_1_555' title='bbox 953 3562 1249 3643; x_wconf 74' lang='lat' dir='ltr'><strong>niaiestate.</strong></span> <span class='ocrx_word' id='word_1_556' title='bbox 1282 3582 1385 3623; x_wconf 90' lang='lat' dir='ltr'><strong>una</strong></span> <span class='ocrx_word' id='word_1_557' title='bbox 1409 3583 1583 3643; x_wconf 69' lang='lat' dir='ltr'><strong>graeca</strong></span> <span class='ocrx_word' id='word_1_558' title='bbox 1611 3569 1725 3625; x_wconf 85' lang='grc' dir='ltr'><strong>θεό-</strong></span> 
     </span>
    </p>
   </div>
   <div class='ocr_carea' id='block_1_66' title="bbox 151 3637 1355 3710">
    <p class='ocr_par' dir='ltr' id='par_1_66' title="bbox 151 3637 1355 3710">
     <span class='ocr_line' id='line_1_66' title="bbox 151 3637 1355 3710; baseline -0.004 -12"><span class='ocrx_word' id='word_1_559' title='bbox 151 3659 248 3698; x_wconf 76' lang='grc' dir='ltr'>τητι</span> <span class='ocrx_word' id='word_1_560' title='bbox 264 3640 394 3710; x_wconf 88' lang='lat' dir='ltr'><strong>apud</strong></span> <span class='ocrx_word' id='word_1_561' title='bbox 421 3640 689 3696; x_wconf 86' lang='lat' dir='ltr'><strong>Athanas.</strong></span> <span class='ocrx_word' id='word_1_562' title='bbox 714 3648 769 3695; x_wconf 90' lang='lat' dir='ltr'><strong>et</strong></span> <span class='ocrx_word' id='word_1_563' title='bbox 797 3637 1007 3695; x_wconf 85' lang='lat' dir='ltr'><strong>Socrat.</strong></span> <span class='ocrx_word' id='word_1_564' title='bbox 1037 3638 1355 3710; x_wconf 88' lang='lat' dir='ltr'><strong>redduntur.</strong></span> 
     </span>
    </p>
   </div>
   <div class='ocr_carea' id='block_1_67' title="bbox 215 3709 1727 3784">
    <p class='ocr_par' dir='ltr' id='par_1_67' title="bbox 215 3709 1727 3784">
     <span class='ocr_line' id='line_1_67' title="bbox 215 3709 1727 3784; baseline 0.001 -19"><span class='ocrx_word' id='word_1_565' title='bbox 215 3709 463 3784; x_wconf 60' lang='lat' dir='ltr'><strong>(biApud</strong></span> <span class='ocrx_word' id='word_1_566' title='bbox 491 3711 757 3784; x_wconf 80' lang='lat' dir='ltr'><strong>Albanas.</strong></span> <span class='ocrx_word' id='word_1_567' title='bbox 806 3712 1097 3784; x_wconf 14' lang='lat' dir='ltr'><strong>subjectum,</strong></span> <span class='ocrx_word' id='word_1_568' title='bbox 1112 3709 1268 3784; x_wconf 77' lang='lat' dir='ltr'><strong>Patri</strong></span> <span class='ocrx_word' id='word_1_569' title='bbox 1308 3710 1505 3766; x_wconf 85' lang='lat' dir='ltr'><strong>Filium</strong></span> <span class='ocrx_word' id='word_1_570' title='bbox 1533 3754 1548 3778; x_wconf 90' lang='lat'><strong>,</strong></span> <span class='ocrx_word' id='word_1_571' title='bbox 1590 3725 1727 3784; x_wconf 88' lang='lat' dir='ltr'><strong>quo-</strong></span> 
     </span>
    </p>
   </div>
   <div class='ocr_carea' id='block_1_68' title="bbox 152 3781 1210 3855">
    <p class='ocr_par' dir='ltr' id='par_1_68' title="bbox 152 3781 1210 3855">
     <span class='ocr_line' id='line_1_68' title="bbox 152 3781 1210 3855; baseline 0.003 -21"><span class='ocrx_word' id='word_1_572' title='bbox 152 3781 506 3855; x_wconf 70' lang='lat' dir='ltr'><strong>modoiegisse</strong></span> <span class='ocrx_word' id='word_1_573' title='bbox 537 3782 753 3855; x_wconf 84' lang='lat' dir='ltr'><strong>videtur</strong></span> <span class='ocrx_word' id='word_1_574' title='bbox 780 3793 834 3839; x_wconf 92' lang='lat' dir='ltr'><strong>et</strong></span> <span class='ocrx_word' id='word_1_575' title='bbox 865 3781 1210 3855; x_wconf 64' lang='lat' dir='ltr'><strong>Pltmliadius.</strong></span> 
     </span>
    </p>
   </div>
   <div class='ocr_carea' id='block_1_69' title="bbox 210 3852 1727 3926">
    <p class='ocr_par' dir='ltr' id='par_1_69' title="bbox 210 3852 1727 3926">
     <span class='ocr_line' id='line_1_69' title="bbox 210 3852 1727 3926; baseline 0.001 -19"><span class='ocrx_word' id='word_1_576' title='bbox 210 3852 272 3926; x_wconf 78' lang='grc' dir='ltr'><strong>(ο)</strong></span> <span class='ocrx_word' id='word_1_577' title='bbox 300 3852 602 3911; x_wconf 82' lang='lat' dir='ltr'><strong>Prudenter</strong></span> <span class='ocrx_word' id='word_1_578' title='bbox 647 3855 701 3909; x_wconf 93' lang='lat' dir='ltr'><strong>in</strong></span> <span class='ocrx_word' id='word_1_579' title='bbox 741 3853 1249 3926; x_wconf 25' lang='lat' dir='ltr'><strong>lizecii’limliaditts:</strong></span> <span class='ocrx_word' id='word_1_580' title='bbox 1297 3853 1423 3909; x_wconf 78' lang='lat' dir='ltr'><strong>llwc</strong></span> <span class='ocrx_word' id='word_1_581' title='bbox 1455 3853 1569 3908; x_wconf 81' lang='lat' dir='ltr'><strong>ideo</strong></span> <span class='ocrx_word' id='word_1_582' title='bbox 1605 3871 1727 3925; x_wconf 82' lang='lat' dir='ltr'><strong>pro-</strong></span> 
     </span>
    </p>
   </div>
   <div class='ocr_carea' id='block_1_70' title="bbox 154 3925 1723 3993">
    <p class='ocr_par' dir='ltr' id='par_1_70' title="bbox 154 3925 1723 3993">
     <span class='ocr_line' id='line_1_70' title="bbox 154 3925 1723 3993; baseline 0.002 -15"><span class='ocrx_word' id='word_1_583' title='bbox 154 3925 341 3993; x_wconf 80' lang='lat' dir='ltr'><strong>ponunt,</strong></span> <span class='ocrx_word' id='word_1_584' title='bbox 364 3935 419 3981; x_wconf 86' lang='lat' dir='ltr'><strong>ut</strong></span> <span class='ocrx_word' id='word_1_585' title='bbox 442 3928 708 3984; x_wconf 86' lang='lat' dir='ltr'><strong>contraria</strong></span> <span class='ocrx_word' id='word_1_586' title='bbox 734 3927 813 3980; x_wconf 80' lang='lat' dir='ltr'><strong>Itis</strong></span> <span class='ocrx_word' id='word_1_587' title='bbox 844 3925 986 3981; x_wconf 83' lang='lat' dir='ltr'><strong>Filio</strong></span> <span class='ocrx_word' id='word_1_588' title='bbox 1016 3926 1309 3980; x_wconf 79' lang='lat' dir='ltr'><strong>adscribam</strong></span> <span class='ocrx_word' id='word_1_589' title='bbox 1335 3965 1347 3979; x_wconf 95' lang='lat'><strong>.</strong></span> <span class='ocrx_word' id='word_1_590' title='bbox 1373 3965 1385 3977; x_wconf 93' lang='lat'><strong>.</strong></span> <span class='ocrx_word' id='word_1_591' title='bbox 1411 3966 1425 3979; x_wconf 92' lang='lat'><strong>.</strong></span> <span class='ocrx_word' id='word_1_592' title='bbox 1451 3927 1536 3991; x_wconf 85' lang='lat' dir='ltr'><strong>qui</strong></span> <span class='ocrx_word' id='word_1_593' title='bbox 1552 3927 1598 3981; x_wconf 89' lang='lat' dir='ltr'><strong>si</strong></span> <span class='ocrx_word' id='word_1_594' title='bbox 1622 3926 1723 3981; x_wconf 88' lang='lat' dir='ltr'><strong>ini-</strong></span> 
     </span>
    </p>
   </div>
   <div class='ocr_carea' id='block_1_71' title="bbox 152 3995 1721 4072">
    <p class='ocr_par' dir='ltr' id='par_1_71' title="bbox 152 3995 1721 4072">
     <span class='ocr_line' id='line_1_71' title="bbox 152 3995 1721 4072; baseline 0.002 -24"><span class='ocrx_word' id='word_1_595' title='bbox 152 3995 257 4072; x_wconf 70' lang='lat' dir='ltr'><strong>tium</strong></span> <span class='ocrx_word' id='word_1_596' title='bbox 285 3999 463 4054; x_wconf 76' lang='lat' dir='ltr'><strong>habere</strong></span> <span class='ocrx_word' id='word_1_597' title='bbox 487 3998 734 4072; x_wconf 69' lang='lat' dir='ltr'><strong>probatur</strong></span> <span class='ocrx_word' id='word_1_598' title='bbox 762 4041 776 4063; x_wconf 89' lang='lat'><strong>,</strong></span> <span class='ocrx_word' id='word_1_599' title='bbox 826 4000 1004 4072; x_wconf 77' lang='lat' dir='ltr'><strong>merito</strong></span> <span class='ocrx_word' id='word_1_600' title='bbox 1035 3999 1265 4072; x_wconf 82' lang='lat' dir='ltr'><strong>mortalis</strong></span> <span class='ocrx_word' id='word_1_601' title='bbox 1290 4040 1303 4063; x_wconf 90' lang='lat'><strong>,</strong></span> <span class='ocrx_word' id='word_1_602' title='bbox 1344 3998 1523 4072; x_wconf 69' lang='lat' dir='ltr'><strong>merito</strong></span> <span class='ocrx_word' id='word_1_603' title='bbox 1542 3999 1721 4072; x_wconf 79' lang='lat' dir='ltr'><strong>passi-</strong></span> 
     </span>
    </p>
   </div>
   <div class='ocr_carea' id='block_1_72' title="bbox 149 4064 1720 4127">
    <p class='ocr_par' dir='ltr' id='par_1_72' title="bbox 149 4064 1720 4127">
     <span class='ocr_line' id='line_1_72' title="bbox 149 4064 1720 4127; baseline 0.003 -8"><span class='ocrx_word' id='word_1_604' title='bbox 149 4064 250 4122; x_wconf 78' lang='lat' dir='ltr'><strong>bilis</strong></span> <span class='ocrx_word' id='word_1_605' title='bbox 289 4064 557 4127; x_wconf 80' lang='lat' dir='ltr'><strong>credetur.</strong></span> <span class='ocrx_word' id='word_1_606' title='bbox 606 4069 843 4125; x_wconf 88' lang='lat' dir='ltr'><strong>Primam</strong></span> <span class='ocrx_word' id='word_1_607' title='bbox 887 4070 1264 4125; x_wconf 75' lang='lat' dir='ltr'><strong>ltmreticorum</strong></span> <span class='ocrx_word' id='word_1_608' title='bbox 1322 4064 1720 4126; x_wconf 80' lang='lat' dir='ltr'><strong>confessionem</strong></span> 
     </span>
    </p>
   </div>
   <div class='ocr_carea' id='block_1_73' title="bbox 151 4139 1718 4199">
    <p class='ocr_par' dir='ltr' id='par_1_73' title="bbox 151 4139 1718 4199">
     <span class='ocr_line' id='line_1_73' title="bbox 151 4139 1718 4199; baseline 0.003 -7"><span class='ocrx_word' id='word_1_609' title='bbox 151 4139 287 4195; x_wconf 89' lang='lat' dir='ltr'><strong>simili</strong></span> <span class='ocrx_word' id='word_1_610' title='bbox 307 4151 419 4198; x_wconf 89' lang='lat' dir='ltr'><strong>arte</strong></span> <span class='ocrx_word' id='word_1_611' title='bbox 446 4151 757 4199; x_wconf 78' lang='lat' dir='ltr'><strong>contextam</strong></span> <span class='ocrx_word' id='word_1_612' title='bbox 782 4140 1011 4197; x_wconf 87' lang='lat' dir='ltr'><strong>advertit</strong></span> <span class='ocrx_word' id='word_1_613' title='bbox 1032 4155 1096 4197; x_wconf 90' lang='lat' dir='ltr'><strong>ac</strong></span> <span class='ocrx_word' id='word_1_614' title='bbox 1124 4141 1332 4197; x_wconf 90' lang='lat' dir='ltr'><strong>monuit</strong></span> <span class='ocrx_word' id='word_1_615' title='bbox 1356 4150 1542 4196; x_wconf 89' lang='lat' dir='ltr'><strong>noster</strong></span> <span class='ocrx_word' id='word_1_616' title='bbox 1571 4141 1718 4196; x_wconf 89' lang='lat' dir='ltr'><strong>llila-</strong></span> 
     </span>
    </p>
   </div>
   <div class='ocr_carea' id='block_1_74' title="bbox 149 4208 1719 4271">
    <p class='ocr_par' dir='ltr' id='par_1_74' title="bbox 149 4208 1719 4271">
     <span class='ocr_line' id='line_1_74' title="bbox 149 4208 1719 4271; baseline 0.004 -8"><span class='ocrx_word' id='word_1_617' title='bbox 149 4208 244 4266; x_wconf 90' lang='lat' dir='ltr'><strong>rius</strong></span> <span class='ocrx_word' id='word_1_618' title='bbox 270 4212 357 4268; x_wconf 90' lang='lat' dir='ltr'><strong>lib.</strong></span> <span class='ocrx_word' id='word_1_619' title='bbox 380 4229 435 4271; x_wconf 85' lang='lat' dir='ltr'><strong>tv</strong></span> <span class='ocrx_word' id='word_1_620' title='bbox 462 4225 520 4270; x_wconf 90' lang='lat' dir='ltr'><strong>et</strong></span> <span class='ocrx_word' id='word_1_621' title='bbox 548 4228 606 4268; x_wconf 85' lang='lat' dir='ltr'><strong>vt</strong></span> <span class='ocrx_word' id='word_1_622' title='bbox 643 4213 711 4269; x_wconf 90' lang='lat' dir='ltr'><strong>de</strong></span> <span class='ocrx_word' id='word_1_623' title='bbox 728 4213 878 4268; x_wconf 86' lang='lat' dir='ltr'><strong>Trin.</strong></span> <span class='ocrx_word' id='word_1_624' title='bbox 906 4211 1138 4268; x_wconf 83' lang='lat' dir='ltr'><strong>Maxime</strong></span> <span class='ocrx_word' id='word_1_625' title='bbox 1172 4228 1303 4269; x_wconf 90' lang='lat' dir='ltr'><strong>vero</strong></span> <span class='ocrx_word' id='word_1_626' title='bbox 1321 4211 1538 4268; x_wconf 90' lang='lat' dir='ltr'><strong>laudato</strong></span> <span class='ocrx_word' id='word_1_627' title='bbox 1554 4211 1719 4269; x_wconf 67' lang='lat' dir='ltr'><strong>Phat-</strong></span> 
     </span>
    </p>
   </div>
   <div class='ocr_carea' id='block_1_75' title="bbox 150 4280 1720 4357">
    <p class='ocr_par' dir='ltr' id='par_1_75' title="bbox 150 4280 1720 4357">
     <span class='ocr_line' id='line_1_75' title="bbox 150 4280 1720 4357; baseline 0.002 -22"><span class='ocrx_word' id='word_1_628' title='bbox 150 4280 286 4338; x_wconf 87' lang='lat' dir='ltr'><strong>badio</strong></span> <span class='ocrx_word' id='word_1_629' title='bbox 325 4286 620 4357; x_wconf 73' lang='lat' dir='ltr'><strong>displicent</strong></span> <span class='ocrx_word' id='word_1_630' title='bbox 666 4285 905 4357; x_wconf 86' lang='lat' dir='ltr'><strong>subjecta</strong></span> <span class='ocrx_word' id='word_1_631' title='bbox 952 4282 1180 4357; x_wconf 85' lang='lat' dir='ltr'><strong>inferius</strong></span> <span class='ocrx_word' id='word_1_632' title='bbox 1221 4283 1399 4357; x_wconf 80' lang='lat' dir='ltr'><strong>verba</strong></span> <span class='ocrx_word' id='word_1_633' title='bbox 1434 4300 1523 4355; x_wconf 84' lang='lat' dir='ltr'><strong>per</strong></span> <span class='ocrx_word' id='word_1_634' title='bbox 1570 4300 1720 4357; x_wconf 76' lang='lat' dir='ltr'><strong>quem</strong></span> 
     </span>
    </p>
   </div>
   <div class='ocr_carea' id='block_1_76' title="bbox 151 4355 1721 4428">
    <p class='ocr_par' dir='ltr' id='par_1_76' title="bbox 151 4355 1721 4428">
     <span class='ocr_line' id='line_1_76' title="bbox 151 4355 1721 4428; baseline 0.006 -25"><span class='ocrx_word' id='word_1_635' title='bbox 151 4355 423 4424; x_wconf 74' lang='lat' dir='ltr'><strong>compassus</strong></span> <span class='ocrx_word' id='word_1_636' title='bbox 450 4369 528 4413; x_wconf 87' lang='lat' dir='ltr'><strong>est</strong></span> <span class='ocrx_word' id='word_1_637' title='bbox 548 4372 568 4412; x_wconf 87' lang='lat'><strong><em>:</em></strong></span> <span class='ocrx_word' id='word_1_638' title='bbox 596 4362 747 4428; x_wconf 90' lang='lat' dir='ltr'><strong>quast</strong></span> <span class='ocrx_word' id='word_1_639' title='bbox 776 4355 895 4412; x_wconf 91' lang='lat' dir='ltr'><strong>scil.</strong></span> <span class='ocrx_word' id='word_1_640' title='bbox 928 4356 1037 4428; x_wconf 67' lang='lat' dir='ltr'><strong>dog</strong></span> <span class='ocrx_word' id='word_1_641' title='bbox 1068 4356 1263 4428; x_wconf 78' lang='lat' dir='ltr'><strong>fuerint</strong></span> <span class='ocrx_word' id='word_1_642' title='bbox 1294 4355 1591 4428; x_wconf 85' lang='lat' dir='ltr'><strong>patientes,</strong></span> <span class='ocrx_word' id='word_1_643' title='bbox 1622 4355 1721 4412; x_wconf 83' lang='lat' dir='ltr'><strong>ho-</strong></span> 
     </span>
    </p>
   </div>
   <div class='ocr_carea' id='block_1_77' title="bbox 150 4425 1715 4502">
    <p class='ocr_par' dir='ltr' id='par_1_77' title="bbox 150 4425 1715 4502">
     <span class='ocr_line' id='line_1_77' title="bbox 150 4425 1715 4502; baseline 0.004 -24"><span class='ocrx_word' id='word_1_644' title='bbox 150 4438 225 4502; x_wconf 66' lang='lat' dir='ltr'><strong>tuo</strong></span> <span class='ocrx_word' id='word_1_645' title='bbox 249 4425 656 4502; x_wconf 81' lang='lat' dir='ltr'><strong>assumptus,_et</strong></span> <span class='ocrx_word' id='word_1_646' title='bbox 679 4442 958 4502; x_wconf 73' lang='lat' dir='ltr'><strong>assumens</strong></span> <span class='ocrx_word' id='word_1_647' title='bbox 987 4425 1174 4502; x_wconf 63' lang='lat' dir='ltr'><strong>Filius.</strong></span> <span class='ocrx_word' id='word_1_648' title='bbox 1197 4425 1715 4502; x_wconf 74' lang='lat' dir='ltr'><strong>Uttde_Athanasius,</strong></span> 
     </span>
    </p>
   </div>
   <div class='ocr_carea' id='block_1_78' title="bbox 150 4493 1716 4572">
    <p class='ocr_par' dir='ltr' id='par_1_78' title="bbox 150 4493 1716 4572">
     <span class='ocr_line' id='line_1_78' title="bbox 150 4493 1716 4572; baseline 0.003 -21"><span class='ocrx_word' id='word_1_649' title='bbox 150 4493 228 4572; x_wconf 67' lang='lat' dir='ltr'><strong>lib.</strong></span> <span class='ocrx_word' id='word_1_650' title='bbox 267 4499 331 4556; x_wconf 91' lang='lat' dir='ltr'><strong>de</strong></span> <span class='ocrx_word' id='word_1_651' title='bbox 377 4493 599 4558; x_wconf 72' lang='lat' dir='ltr'><strong>salutari</strong></span> <span class='ocrx_word' id='word_1_652' title='bbox 626 4501 873 4556; x_wconf 88' lang='lat' dir='ltr'><strong>Adventu</strong></span> <span class='ocrx_word' id='word_1_653' title='bbox 924 4499 974 4556; x_wconf 84' lang='lat' dir='ltr'><strong>J.</strong></span> <span class='ocrx_word' id='word_1_654' title='bbox 1007 4499 1069 4554; x_wconf 90' lang='lat' dir='ltr'><strong>C.</strong></span> <span class='ocrx_word' id='word_1_655' title='bbox 1125 4515 1245 4572; x_wconf 84' lang='lat' dir='ltr'><strong>pag.</strong></span> <span class='ocrx_word' id='word_1_656' title='bbox 1277 4498 1417 4566; x_wconf 69' lang='lat'><strong>645,</strong></span> <span class='ocrx_word' id='word_1_657' title='bbox 1472 4513 1566 4555; x_wconf 90' lang='lat' dir='ltr'><strong>eos</strong></span> <span class='ocrx_word' id='word_1_658' title='bbox 1595 4493 1716 4557; x_wconf 84' lang='lat' dir='ltr'><strong>cum</strong></span> 
     </span>
    </p>
   </div>
   <div class='ocr_carea' id='block_1_79' title="bbox 148 4565 1719 4643">
    <p class='ocr_par' dir='ltr' id='par_1_79' title="bbox 148 4565 1719 4643">
     <span class='ocr_line' id='line_1_79' title="bbox 148 4565 1719 4643; baseline 0.004 -24"><span class='ocrx_word' id='word_1_659' title='bbox 148 4565 339 4626; x_wconf 78' lang='lat' dir='ltr'><strong>Arianis</strong></span> <span class='ocrx_word' id='word_1_660' title='bbox 371 4572 752 4643; x_wconf 87' lang='lat' dir='ltr'><strong>blasphemare</strong></span> <span class='ocrx_word' id='word_1_661' title='bbox 777 4573 988 4627; x_wconf 86' lang='lat' dir='ltr'><strong>incusat</strong></span> <span class='ocrx_word' id='word_1_662' title='bbox 1014 4613 1028 4638; x_wconf 91' lang='lat'><strong>,</strong></span> <span class='ocrx_word' id='word_1_663' title='bbox 1060 4565 1149 4643; x_wconf 82' lang='lat' dir='ltr'><strong>qui</strong></span> <span class='ocrx_word' id='word_1_664' title='bbox 1181 4565 1341 4626; x_wconf 79' lang='lat' dir='ltr'><strong>Deum</strong></span> <span class='ocrx_word' id='word_1_665' title='bbox 1386 4565 1477 4643; x_wconf 76' lang='lat' dir='ltr'><strong>per</strong></span> <span class='ocrx_word' id='word_1_666' title='bbox 1515 4588 1719 4626; x_wconf 87' lang='lat' dir='ltr'><strong>carnem</strong></span> 
     </span>
    </p>
   </div>
   <div class='ocr_carea' id='block_1_80' title="bbox 147 4643 1720 4713">
    <p class='ocr_par' dir='ltr' id='par_1_80' title="bbox 147 4643 1720 4713">
     <span class='ocr_line' id='line_1_80' title="bbox 147 4643 1720 4713; baseline 0.004 -21"><span class='ocrx_word' id='word_1_667' title='bbox 147 4656 334 4705; x_wconf 83' lang='lat' dir='ltr'><strong>passum</strong></span> <span class='ocrx_word' id='word_1_668' title='bbox 375 4662 482 4700; x_wconf 86' lang='lat' dir='ltr'><strong>esse</strong></span> <span class='ocrx_word' id='word_1_669' title='bbox 503 4655 551 4699; x_wconf 87' lang='lat' dir='ltr'><strong>et</strong></span> <span class='ocrx_word' id='word_1_670' title='bbox 577 4644 915 4700; x_wconf 71' lang='lat' dir='ltr'><strong>resurrexisse</strong></span> <span class='ocrx_word' id='word_1_671' title='bbox 936 4643 1158 4710; x_wconf 89' lang='lat' dir='ltr'><strong>dicunt;</strong></span> <span class='ocrx_word' id='word_1_672' title='bbox 1183 4659 1300 4697; x_wconf 87' lang='lat' dir='ltr'><strong>cum</strong></span> <span class='ocrx_word' id='word_1_673' title='bbox 1326 4643 1599 4713; x_wconf 85' lang='lat' dir='ltr'><strong>Scriptura</strong></span> <span class='ocrx_word' id='word_1_674' title='bbox 1627 4643 1720 4699; x_wconf 87' lang='lat' dir='ltr'><strong>do-</strong></span> 
     </span>
    </p>
   </div>
   <div class='ocr_carea' id='block_1_81' title="bbox 148 4714 1717 4789">
    <p class='ocr_par' dir='ltr' id='par_1_81' title="bbox 148 4714 1717 4789">
     <span class='ocr_line' id='line_1_81' title="bbox 148 4714 1717 4789; baseline 0.004 -26"><span class='ocrx_word' id='word_1_675' title='bbox 148 4722 259 4789; x_wconf 57' lang='lat' dir='ltr'><strong>ceat,</strong></span> <span class='ocrx_word' id='word_1_676' title='bbox 291 4731 376 4784; x_wconf 86' lang='lat' dir='ltr'><strong>per</strong></span> <span class='ocrx_word' id='word_1_677' title='bbox 401 4714 572 4772; x_wconf 88' lang='lat' dir='ltr'><strong>Deum</strong></span> <span class='ocrx_word' id='word_1_678' title='bbox 600 4718 653 4770; x_wconf 87' lang='lat' dir='ltr'><strong>in</strong></span> <span class='ocrx_word' id='word_1_679' title='bbox 674 4733 827 4771; x_wconf 83' lang='lat' dir='ltr'><strong>carne</strong></span> <span class='ocrx_word' id='word_1_680' title='bbox 851 4718 962 4789; x_wconf 83' lang='lat' dir='ltr'><strong>ejus</strong></span> <span class='ocrx_word' id='word_1_681' title='bbox 992 4716 1278 4784; x_wconf 82' lang='lat' dir='ltr'><strong>passionem</strong></span> <span class='ocrx_word' id='word_1_682' title='bbox 1291 4716 1583 4787; x_wconf 85' lang='lat' dir='ltr'><strong>contigisse,</strong></span> <span class='ocrx_word' id='word_1_683' title='bbox 1615 4732 1717 4771; x_wconf 91' lang='lat' dir='ltr'><strong>non</strong></span> 
     </span>
    </p>
   </div>
   <div class='ocr_carea' id='block_1_82' title="bbox 148 4778 1031 4857">
    <p class='ocr_par' dir='ltr' id='par_1_82' title="bbox 148 4778 1031 4857">
     <span class='ocr_line' id='line_1_82' title="bbox 148 4778 1031 4857; baseline 0.002 -19"><span class='ocrx_word' id='word_1_684' title='bbox 148 4778 301 4857; x_wconf 77' lang='lat' dir='ltr'><strong>Deum</strong></span> <span class='ocrx_word' id='word_1_685' title='bbox 320 4804 408 4856; x_wconf 85' lang='lat' dir='ltr'><strong>per</strong></span> <span class='ocrx_word' id='word_1_686' title='bbox 432 4804 642 4843; x_wconf 85' lang='lat' dir='ltr'><strong>carnem</strong></span> <span class='ocrx_word' id='word_1_687' title='bbox 672 4778 888 4857; x_wconf 43' lang='lat' dir='ltr'><strong>passum.</strong></span> <span class='ocrx_word' id='word_1_688' title='bbox 906 4778 1031 4843; x_wconf 79' lang='lat' dir='ltr'><strong>esse.</strong></span> 
     </span>
    </p>
   </div>
   <div class='ocr_carea' id='block_1_83' title="bbox 149 4856 1715 4933">
    <p class='ocr_par' dir='ltr' id='par_1_83' title="bbox 149 4856 1715 4933">
     <span class='ocr_line' id='line_1_83' title="bbox 149 4856 1715 4933; baseline -0.016 2"><span class='ocrx_word' id='word_1_689' title='bbox 149 4856 282 4933; x_wconf 74' lang='lat' dir='ltr'><strong>..(d)</strong></span> <span class='ocrx_word' id='word_1_690' title='bbox 321 4859 376 4914; x_wconf 88' lang='lat' dir='ltr'><strong>In</strong></span> <span class='ocrx_word' id='word_1_691' title='bbox 408 4856 683 4930; x_wconf 81' lang='lat' dir='ltr'><strong>vulgatis,</strong></span> <span class='ocrx_word' id='word_1_692' title='bbox 711 4860 891 4933; x_wconf 82' lang='lat' dir='ltr'><strong>clavis.</strong></span> <span class='ocrx_word' id='word_1_693' title='bbox 938 4858 1161 4915; x_wconf 81' lang='lat' dir='ltr'><strong>Rectius</strong></span> <span class='ocrx_word' id='word_1_694' title='bbox 1189 4858 1241 4914; x_wconf 91' lang='lat' dir='ltr'><strong>in</strong></span> <span class='ocrx_word' id='word_1_695' title='bbox 1272 4871 1406 4913; x_wconf 90' lang='lat' dir='ltr'><strong>mss.</strong></span> <span class='ocrx_word' id='word_1_696' title='bbox 1434 4858 1668 4933; x_wconf 78' lang='lat' dir='ltr'><strong>clausula</strong></span> <span class='ocrx_word' id='word_1_697' title='bbox 1698 4898 1715 4925; x_wconf 91' lang='lat'><strong>,</strong></span> 
     </span>
    </p>
   </div>
   <div class='ocr_carea' id='block_1_84' title="bbox 150 4923 1623 5001">
    <p class='ocr_par' dir='ltr' id='par_1_84' title="bbox 150 4923 1623 5001">
     <span class='ocr_line' id='line_1_84' title="bbox 150 4923 1623 5001; baseline 0.001 -20"><span class='ocrx_word' id='word_1_698' title='bbox 150 4923 191 4978; x_wconf 84' lang='lat' dir='ltr'><strong>id</strong></span> <span class='ocrx_word' id='word_1_699' title='bbox 218 4923 310 5001; x_wconf 74' lang='lat' dir='ltr'><strong>est,</strong></span> <span class='ocrx_word' id='word_1_700' title='bbox 340 4923 583 4986; x_wconf 66' lang='lat' dir='ltr'><strong>summa:</strong></span> <span class='ocrx_word' id='word_1_701' title='bbox 621 4923 762 5001; x_wconf 82' lang='lat' dir='ltr'><strong>quod</strong></span> <span class='ocrx_word' id='word_1_702' title='bbox 789 4946 963 5001; x_wconf 80' lang='lat' dir='ltr'><strong>grzece</strong></span> <span class='ocrx_word' id='word_1_703' title='bbox 992 4944 1206 4986; x_wconf 90' lang='lat' dir='ltr'><strong>versum</strong></span> <span class='ocrx_word' id='word_1_704' title='bbox 1230 4940 1312 4986; x_wconf 88' lang='lat' dir='ltr'><strong>est</strong></span> <span class='ocrx_word' id='word_1_705' title='bbox 1340 4930 1623 5001; x_wconf 78' lang='grc' dir='ltr'><strong>κεφαλαῖον.</strong></span> 
     </span>
    </p>
   </div>
   <div class='ocr_carea' id='block_1_85' title="bbox 208 4999 1715 5073">
    <p class='ocr_par' dir='ltr' id='par_1_85' title="bbox 208 4999 1715 5073">
     <span class='ocr_line' id='line_1_85' title="bbox 208 4999 1715 5073; baseline -0.001 -17"><span class='ocrx_word' id='word_1_706' title='bbox 208 4999 276 5073; x_wconf 79' lang='lat' dir='ltr'><strong>(e)</strong></span> <span class='ocrx_word' id='word_1_707' title='bbox 312 5001 366 5057; x_wconf 86' lang='lat' dir='ltr'><strong>In</strong></span> <span class='ocrx_word' id='word_1_708' title='bbox 395 5018 532 5060; x_wconf 87' lang='lat' dir='ltr'><strong>mss.</strong></span> <span class='ocrx_word' id='word_1_709' title='bbox 565 4999 876 5058; x_wconf 79' lang='lat' dir='ltr'><strong>constanter</strong></span> <span class='ocrx_word' id='word_1_710' title='bbox 912 5000 1231 5070; x_wconf 82' lang='lat' dir='ltr'><strong>Paraclitus,</strong></span> <span class='ocrx_word' id='word_1_711' title='bbox 1261 5013 1353 5057; x_wconf 84' lang='lat' dir='ltr'><strong>aut</strong></span> <span class='ocrx_word' id='word_1_712' title='bbox 1384 4999 1715 5073; x_wconf 84' lang='lat' dir='ltr'><strong>Paraclytus.</strong></span> 
     </span>
    </p>
   </div>
   <div class='ocr_carea' id='block_1_86' title="bbox 208 5069 1719 5145">
    <p class='ocr_par' dir='ltr' id='par_1_86' title="bbox 208 5069 1719 5145">
     <span class='ocr_line' id='line_1_86' title="bbox 208 5069 1719 5145; baseline -0.001 -17"><span class='ocrx_word' id='word_1_713' title='bbox 208 5069 279 5141; x_wconf 77' lang='grc' dir='ltr'><strong>(Ι)</strong></span> <span class='ocrx_word' id='word_1_714' title='bbox 313 5073 537 5145; x_wconf 85' lang='lat' dir='ltr'><strong>Supple.</strong></span> <span class='ocrx_word' id='word_1_715' title='bbox 569 5091 648 5129; x_wconf 85' lang='lat' dir='ltr'><strong>res</strong></span> <span class='ocrx_word' id='word_1_716' title='bbox 678 5091 868 5128; x_wconf 86' lang='lat' dir='ltr'><strong>eorum.</strong></span> <span class='ocrx_word' id='word_1_717' title='bbox 922 5073 1034 5129; x_wconf 85' lang='lat' dir='ltr'><strong>Hoc</strong></span> <span class='ocrx_word' id='word_1_718' title='bbox 1063 5069 1237 5130; x_wconf 87' lang='lat' dir='ltr'><strong>altero</strong></span> <span class='ocrx_word' id='word_1_719' title='bbox 1261 5073 1521 5130; x_wconf 89' lang='lat' dir='ltr'><strong>orationis</strong></span> <span class='ocrx_word' id='word_1_720' title='bbox 1550 5069 1719 5129; x_wconf 80' lang='lat' dir='ltr'><strong>mem-</strong></span> 
     </span>
    </p>
   </div>
   <div class='ocr_carea' id='block_1_87' title="bbox 148 5140 1720 5217">
    <p class='ocr_par' dir='ltr' id='par_1_87' title="bbox 148 5140 1720 5217">
     <span class='ocr_line' id='line_1_87' title="bbox 148 5140 1720 5217; baseline 0.001 -21"><span class='ocrx_word' id='word_1_721' title='bbox 148 5140 232 5197; x_wconf 73' lang='lat' dir='ltr'><strong>bro</strong></span> <span class='ocrx_word' id='word_1_722' title='bbox 258 5140 553 5214; x_wconf 67' lang='lat' dir='ltr'><strong>explicatur</strong></span> <span class='ocrx_word' id='word_1_723' title='bbox 590 5147 824 5202; x_wconf 64' lang='lat' dir='ltr'><strong>essentia</strong></span> <span class='ocrx_word' id='word_1_724' title='bbox 863 5146 1039 5214; x_wconf 74' lang='lat' dir='ltr'><strong>genita</strong></span> <span class='ocrx_word' id='word_1_725' title='bbox 1065 5187 1077 5205; x_wconf 93' lang='lat'><strong>.</strong></span> <span class='ocrx_word' id='word_1_726' title='bbox 1124 5145 1257 5202; x_wconf 74' lang='lat' dir='ltr'><strong>sicut</strong></span> <span class='ocrx_word' id='word_1_727' title='bbox 1306 5145 1567 5217; x_wconf 69' lang='lat' dir='ltr'><strong>superiori</strong></span> <span class='ocrx_word' id='word_1_728' title='bbox 1617 5160 1720 5199; x_wconf 86' lang='lat' dir='ltr'><strong>non</strong></span> 
     </span>
    </p>
   </div>
   <div class='ocr_carea' id='block_1_88' title="bbox 149 5222 271 5267">
    <p class='ocr_par' dir='ltr' id='par_1_88' title="bbox 149 5222 271 5267">
     <span class='ocr_line' id='line_1_88' title="bbox 149 5222 271 5267; baseline 0.049 -5"><span class='ocrx_word' id='word_1_729' title='bbox 149 5222 271 5267; x_wconf 77' lang='lat' dir='ltr'><strong>itala.</strong></span> 
     </span>
    </p>
   </div>
   <div class='ocr_carea' id='block_1_89' title="bbox 211 5287 1723 5356">
    <p class='ocr_par' dir='ltr' id='par_1_89' title="bbox 211 5287 1723 5356">
     <span class='ocr_line' id='line_1_89' title="bbox 211 5287 1723 5356; baseline -0.005 -9"><span class='ocrx_word' id='word_1_730' title='bbox 211 5287 282 5353; x_wconf 79' lang='lat' dir='ltr'><strong>(gi</strong></span> <span class='ocrx_word' id='word_1_731' title='bbox 326 5287 437 5344; x_wconf 61' lang='lat' dir='ltr'><strong>Non</strong></span> <span class='ocrx_word' id='word_1_732' title='bbox 493 5290 649 5344; x_wconf 64' lang='lat' dir='ltr'><strong>:tiiant</strong></span> <span class='ocrx_word' id='word_1_733' title='bbox 688 5299 899 5356; x_wconf 65' lang='lat' dir='ltr'><strong>prmstat</strong></span> <span class='ocrx_word' id='word_1_734' title='bbox 933 5287 1254 5345; x_wconf 58' lang='lat' dir='ltr'><strong>Plut-badius</strong></span> <span class='ocrx_word' id='word_1_735' title='bbox 1287 5289 1598 5344; x_wconf 67' lang='lat' dir='ltr'><strong>substantia:</strong></span> <span class='ocrx_word' id='word_1_736' title='bbox 1630 5305 1723 5341; x_wconf 78' lang='lat' dir='ltr'><strong>no-</strong></span> 
     </span>
    </p>
   </div>
   <div class='ocr_carea' id='block_1_90' title="bbox 150 5357 1723 5430">
    <p class='ocr_par' dir='ltr' id='par_1_90' title="bbox 150 5357 1723 5430">
     <span class='ocr_line' id='line_1_90' title="bbox 150 5357 1723 5430; baseline 0.002 -21"><span class='ocrx_word' id='word_1_737' title='bbox 150 5357 324 5413; x_wconf 80' lang='lat' dir='ltr'><strong>tionem</strong></span> <span class='ocrx_word' id='word_1_738' title='bbox 354 5380 363 5413; x_wconf 77' lang='grc' dir='ltr'>ε</span> <span class='ocrx_word' id='word_1_739' title='bbox 416 5361 716 5416; x_wconf 79' lang='lat' dir='ltr'><strong>Sttbslaulia</strong></span> <span class='ocrx_word' id='word_1_740' title='bbox 745 5364 897 5426; x_wconf 64' lang='lat' dir='ltr'><strong>enim,</strong></span> <span class='ocrx_word' id='word_1_741' title='bbox 942 5361 1129 5430; x_wconf 83' lang='lat' dir='ltr'><strong>inquit.</strong></span> <span class='ocrx_word' id='word_1_742' title='bbox 1156 5362 1343 5415; x_wconf 70' lang='lat' dir='ltr'><strong>dicitur</strong></span> <span class='ocrx_word' id='word_1_743' title='bbox 1367 5360 1419 5412; x_wconf 78' lang='lat' dir='ltr'><strong>id</strong></span> <span class='ocrx_word' id='word_1_744' title='bbox 1438 5360 1575 5427; x_wconf 82' lang='lat' dir='ltr'><strong>quod</strong></span> <span class='ocrx_word' id='word_1_745' title='bbox 1596 5378 1723 5413; x_wconf 81' lang='lat' dir='ltr'><strong>sem—</strong></span> 
     </span>
    </p>
   </div>
   <div class='ocr_carea' id='block_1_91' title="bbox 147 5432 1729 5504">
    <p class='ocr_par' dir='ltr' id='par_1_91' title="bbox 147 5432 1729 5504">
     <span class='ocr_line' id='line_1_91' title="bbox 147 5432 1729 5504; baseline 0.001 -19"><span class='ocrx_word' id='word_1_746' title='bbox 147 5444 297 5504; x_wconf 24' lang='lat' dir='ltr'><strong>per‘ea:</strong></span> <span class='ocrx_word' id='word_1_747' title='bbox 316 5448 424 5487; x_wconf 87' lang='lat' dir='ltr'><strong>sese</strong></span> <span class='ocrx_word' id='word_1_748' title='bbox 440 5444 540 5499; x_wconf 84' lang='lat' dir='ltr'><strong>est,</strong></span> <span class='ocrx_word' id='word_1_749' title='bbox 562 5434 655 5489; x_wconf 81' lang='lat' dir='ltr'><strong>hoc</strong></span> <span class='ocrx_word' id='word_1_750' title='bbox 674 5446 770 5501; x_wconf 81' lang='lat' dir='ltr'><strong>est;</strong></span> <span class='ocrx_word' id='word_1_751' title='bbox 792 5435 929 5504; x_wconf 80' lang='lat' dir='ltr'><strong>quod</strong></span> <span class='ocrx_word' id='word_1_752' title='bbox 954 5435 1160 5504; x_wconf 82' lang='lat' dir='ltr'><strong>propria</strong></span> <span class='ocrx_word' id='word_1_753' title='bbox 1188 5434 1319 5487; x_wconf 85' lang='lat' dir='ltr'><strong>intra</strong></span> <span class='ocrx_word' id='word_1_754' title='bbox 1336 5435 1585 5504; x_wconf 66' lang='lat' dir='ltr'><strong>seuirtute</strong></span> <span class='ocrx_word' id='word_1_755' title='bbox 1612 5432 1729 5486; x_wconf 86' lang='lat' dir='ltr'><strong>sub-</strong></span> 
     </span>
    </p>
   </div>
   <div class='ocr_carea' id='block_1_92' title="bbox 146 5499 1730 5576">
    <p class='ocr_par' dir='ltr' id='par_1_92' title="bbox 146 5499 1730 5576">
     <span class='ocr_line' id='line_1_92' title="bbox 146 5499 1730 5576; baseline 0.004 -26"><span class='ocrx_word' id='word_1_756' title='bbox 146 5499 293 5557; x_wconf 81' lang='lat' dir='ltr'><strong>sistit:</strong></span> <span class='ocrx_word' id='word_1_757' title='bbox 315 5519 428 5574; x_wconf 80' lang='lat' dir='ltr'><strong>quce</strong></span> <span class='ocrx_word' id='word_1_758' title='bbox 451 5505 530 5560; x_wconf 78' lang='lat' dir='ltr'><strong>vis</strong></span> <span class='ocrx_word' id='word_1_759' title='bbox 557 5506 646 5560; x_wconf 88' lang='lat' dir='ltr'><strong>uni</strong></span> <span class='ocrx_word' id='word_1_760' title='bbox 672 5516 719 5561; x_wconf 91' lang='lat' dir='ltr'><strong>et</strong></span> <span class='ocrx_word' id='word_1_761' title='bbox 747 5499 845 5559; x_wconf 69' lang='lat' dir='ltr'><strong>sati</strong></span> <span class='ocrx_word' id='word_1_762' title='bbox 884 5499 993 5559; x_wconf 83' lang='lat' dir='ltr'><strong>Deo</strong></span> <span class='ocrx_word' id='word_1_763' title='bbox 1023 5499 1278 5576; x_wconf 58' lang='lat' dir='ltr'><strong>competit.</strong></span> <span class='ocrx_word' id='word_1_764' title='bbox 1333 5502 1497 5560; x_wconf 79' lang='lat' dir='ltr'><strong>Vocis</strong></span> <span class='ocrx_word' id='word_1_765' title='bbox 1526 5504 1730 5558; x_wconf 89' lang='lat' dir='ltr'><strong>utrius-</strong></span> 
     </span>
    </p>
   </div>
   <div class='ocr_carea' id='block_1_93' title="bbox 147 5575 1638 5646">
    <p class='ocr_par' dir='ltr' id='par_1_93' title="bbox 147 5575 1638 5646">
     <span class='ocr_line' id='line_1_93' title="bbox 147 5575 1638 5646; baseline 0 -18"><span class='ocrx_word' id='word_1_766' title='bbox 147 5584 238 5646; x_wconf 83' lang='lat' dir='ltr'><strong>que</strong></span> <span class='ocrx_word' id='word_1_767' title='bbox 263 5576 511 5646; x_wconf 83' lang='lat' dir='ltr'><strong>distincta</strong></span> <span class='ocrx_word' id='word_1_768' title='bbox 544 5577 681 5633; x_wconf 89' lang='lat' dir='ltr'><strong>ratio</strong></span> <span class='ocrx_word' id='word_1_769' title='bbox 705 5576 1003 5646; x_wconf 83' lang='lat' dir='ltr'><strong>explicatur</strong></span> <span class='ocrx_word' id='word_1_770' title='bbox 1023 5575 1345 5644; x_wconf 77' lang='lat' dir='ltr'><strong>Fragmeuto</strong></span> <span class='ocrx_word' id='word_1_771' title='bbox 1372 5591 1431 5642; x_wconf 86' lang='lat' dir='ltr'><strong>tt,</strong></span> <span class='ocrx_word' id='word_1_772' title='bbox 1465 5593 1519 5631; x_wconf 92' lang='lat' dir='ltr'><strong>u.</strong></span> <span class='ocrx_word' id='word_1_773' title='bbox 1548 5575 1638 5630; x_wconf 70' lang='lat'><strong>52.</strong></span> 
     </span>
    </p>
   </div>
   <div class='ocr_carea' id='block_1_94' title="bbox 215 5643 1721 5720">
    <p class='ocr_par' dir='ltr' id='par_1_94' title="bbox 215 5643 1721 5720">
     <span class='ocr_line' id='line_1_94' title="bbox 215 5643 1721 5720; baseline 0.001 -20"><span class='ocrx_word' id='word_1_774' title='bbox 215 5643 287 5720; x_wconf 85' lang='grc' dir='ltr'><strong>(Ιι)</strong></span> <span class='ocrx_word' id='word_1_775' title='bbox 327 5646 470 5715; x_wconf 85' lang='lat' dir='ltr'><strong>Quas</strong></span> <span class='ocrx_word' id='word_1_776' title='bbox 509 5649 630 5704; x_wconf 89' lang='lat' dir='ltr'><strong>scil.</strong></span> <span class='ocrx_word' id='word_1_777' title='bbox 662 5643 893 5720; x_wconf 80' lang='lat' dir='ltr'><strong>Ancyrae</strong></span> <span class='ocrx_word' id='word_1_778' title='bbox 923 5664 1012 5703; x_wconf 90' lang='lat' dir='ltr'><strong>an.</strong></span> <span class='ocrx_word' id='word_1_779' title='bbox 1044 5646 1150 5703; x_wconf 71' lang='lat'><strong>558</strong></span> <span class='ocrx_word' id='word_1_780' title='bbox 1175 5690 1190 5714; x_wconf 91' lang='lat'><strong>,</strong></span> <span class='ocrx_word' id='word_1_781' title='bbox 1237 5648 1397 5719; x_wconf 90' lang='lat' dir='ltr'><strong>paulo</strong></span> <span class='ocrx_word' id='word_1_782' title='bbox 1428 5659 1551 5704; x_wconf 88' lang='lat' dir='ltr'><strong>ante</strong></span> <span class='ocrx_word' id='word_1_783' title='bbox 1580 5646 1721 5720; x_wconf 81' lang='lat' dir='ltr'><strong>diem</strong></span> 
     </span>
    </p>
   </div>
   <div class='ocr_carea' id='block_1_95' title="bbox 150 5709 1723 5792">
    <p class='ocr_par' dir='ltr' id='par_1_95' title="bbox 150 5709 1723 5792">
     <span class='ocr_line' id='line_1_95' title="bbox 150 5709 1723 5792; baseline 0.004 -23"><span class='ocrx_word' id='word_1_784' title='bbox 150 5709 684 5792; x_wconf 56' lang='lat' dir='ltr'><strong>Pascbm&#39;congregati</strong></span> <span class='ocrx_word' id='word_1_785' title='bbox 709 5709 1149 5792; x_wconf 78' lang='lat' dir='ltr'><strong>conscripserunt</strong></span> <span class='ocrx_word' id='word_1_786' title='bbox 1171 5709 1252 5775; x_wconf 63' lang='lat' dir='ltr'><strong>ad&#39;</strong></span> <span class='ocrx_word' id='word_1_787' title='bbox 1265 5723 1466 5791; x_wconf 89' lang='lat' dir='ltr'><strong>eompri</strong></span> <span class='ocrx_word' id='word_1_788' title='bbox 1476 5717 1723 5775; x_wconf 87' lang='lat' dir='ltr'><strong>mendam</strong></span> 
     </span>
    </p>
   </div>
   <div class='ocr_carea' id='block_1_96' title="bbox 151 5783 1726 5866">
    <p class='ocr_par' dir='ltr' id='par_1_96' title="bbox 151 5783 1726 5866">
     <span class='ocr_line' id='line_1_96' title="bbox 151 5783 1726 5866; baseline 0.004 -26"><span class='ocrx_word' id='word_1_789' title='bbox 151 5783 904 5866; x_wconf 37' lang='lat' dir='ltr'><strong>Quotumoruﬁtimpietatem.</strong></span> <span class='ocrx_word' id='word_1_790' title='bbox 928 5783 1233 5866; x_wconf 57' lang='lat' dir='ltr'><strong>&#39;Eudoxius</strong></span> <span class='ocrx_word' id='word_1_791' title='bbox 1283 5783 1428 5866; x_wconf 69' lang='lat' dir='ltr'><strong>enim</strong></span> <span class='ocrx_word' id='word_1_792' title='bbox 1480 5807 1603 5848; x_wconf 89' lang='lat' dir='ltr'><strong>cum</strong></span> <span class='ocrx_word' id='word_1_793' title='bbox 1633 5806 1726 5846; x_wconf 91' lang='lat' dir='ltr'><strong>au-</strong></span> 
     </span>
    </p>
   </div>
   <div class='ocr_carea' id='block_1_97' title="bbox 152 5854 1730 5936">
    <p class='ocr_par' dir='ltr' id='par_1_97' title="bbox 152 5854 1730 5936">
     <span class='ocr_line' id='line_1_97' title="bbox 152 5854 1730 5936; baseline 0.006 -23"><span class='ocrx_word' id='word_1_794' title='bbox 152 5854 302 5918; x_wconf 86' lang='lat' dir='ltr'><strong>disset</strong></span> <span class='ocrx_word' id='word_1_795' title='bbox 327 5862 451 5936; x_wconf 87' lang='lat' dir='ltr'><strong>quid</strong></span> <span class='ocrx_word' id='word_1_796' title='bbox 483 5854 666 5920; x_wconf 86' lang='lat' dir='ltr'><strong>Sirmii</strong></span> <span class='ocrx_word' id='word_1_797' title='bbox 698 5866 933 5936; x_wconf 87' lang='lat' dir='ltr'><strong>egissent</strong></span> <span class='ocrx_word' id='word_1_798' title='bbox 959 5862 1217 5923; x_wconf 88' lang='lat' dir='ltr'><strong>Ursacius</strong></span> <span class='ocrx_word' id='word_1_799' title='bbox 1241 5907 1257 5933; x_wconf 93' lang='lat'><strong>,</strong></span> <span class='ocrx_word' id='word_1_800' title='bbox 1308 5863 1500 5922; x_wconf 85' lang='lat' dir='ltr'><strong>Valens</strong></span> <span class='ocrx_word' id='word_1_801' title='bbox 1547 5876 1612 5921; x_wconf 88' lang='lat' dir='ltr'><strong>ac</strong></span> <span class='ocrx_word' id='word_1_802' title='bbox 1640 5879 1730 5922; x_wconf 84' lang='lat' dir='ltr'><strong>so-</strong></span> 
     </span>
    </p>
   </div>
   <div class='ocr_carea' id='block_1_98' title="bbox 496 5960 917 6023">
    <p class='ocr_par' dir='ltr' id='par_1_98' title="bbox 496 5960 917 6023">
     <span class='ocr_line' id='line_1_98' title="bbox 496 5960 917 6023; baseline -0.01 0"><span class='ocrx_word' id='word_1_803' title='bbox 496 5961 775 6023; x_wconf 78' lang='lat' dir='ltr'><strong>PATROL.</strong></span> <span class='ocrx_word' id='word_1_804' title='bbox 833 5960 917 6023; x_wconf 86' lang='lat' dir='ltr'><strong>X.</strong></span> 
     </span>
    </p>
   </div>
   <div class='ocr_carea' id='block_1_99' title="bbox 1833 3326 2311 3387">
    <p class='ocr_par' dir='ltr' id='par_1_99' title="bbox 1833 3326 2311 3387">
     <span class='ocr_line' id='line_1_99' title="bbox 1833 3326 2311 3387; baseline 0.006 -5"><span class='ocrx_word' id='word_1_805' title='bbox 1833 3326 2032 3387; x_wconf 85' lang='lat' dir='ltr'><strong>habeat</strong></span> <span class='ocrx_word' id='word_1_806' title='bbox 2055 3330 2311 3386; x_wconf 86' lang='lat' dir='ltr'><strong>auctoris.</strong></span> 
     </span>
    </p>
   </div>
   <div class='ocr_carea' id='block_1_100' title="bbox 1833 3492 3438 3567">
    <p class='ocr_par' dir='ltr' id='par_1_100' title="bbox 1833 3492 3438 3567">
     <span class='ocr_line' id='line_1_100' title="bbox 1833 3492 3438 3567; baseline 0.003 -17"><span class='ocrx_word' id='word_1_807' title='bbox 1833 3494 1942 3567; x_wconf 83' lang='lat' dir='ltr'><strong>cii,</strong></span> <span class='ocrx_word' id='word_1_808' title='bbox 1992 3497 2218 3551; x_wconf 90' lang='lat' dir='ltr'><strong>multum</strong></span> <span class='ocrx_word' id='word_1_809' title='bbox 2251 3492 2377 3552; x_wconf 88' lang='lat' dir='ltr'><strong>inde</strong></span> <span class='ocrx_word' id='word_1_810' title='bbox 2415 3494 2495 3553; x_wconf 91' lang='lat' dir='ltr'><strong>eis</strong></span> <span class='ocrx_word' id='word_1_811' title='bbox 2533 3495 2829 3566; x_wconf 85' lang='lat' dir='ltr'><strong>gratulatus</strong></span> <span class='ocrx_word' id='word_1_812' title='bbox 2855 3537 2868 3562; x_wconf 90' lang='lat'><strong>,</strong></span> <span class='ocrx_word' id='word_1_813' title='bbox 2922 3495 3034 3567; x_wconf 89' lang='lat' dir='ltr'><strong>ipse</strong></span> <span class='ocrx_word' id='word_1_814' title='bbox 3081 3496 3243 3554; x_wconf 89' lang='lat' dir='ltr'><strong>etiam</strong></span> <span class='ocrx_word' id='word_1_815' title='bbox 3293 3499 3438 3556; x_wconf 79' lang='lat' dir='ltr'><strong>Aetii</strong></span> 
     </span>
    </p>
   </div>
   <div class='ocr_carea' id='block_1_101' title="bbox 1836 3566 3433 3640">
    <p class='ocr_par' dir='ltr' id='par_1_101' title="bbox 1836 3566 3433 3640">
     <span class='ocr_line' id='line_1_101' title="bbox 1836 3566 3433 3640; baseline 0.004 -19"><span class='ocrx_word' id='word_1_816' title='bbox 1836 3566 2107 3640; x_wconf 72' lang='lat' dir='ltr'><strong>limresim,</strong></span> <span class='ocrx_word' id='word_1_817' title='bbox 2142 3576 2398 3639; x_wconf 82' lang='lat' dir='ltr'><strong>quantum</strong></span> <span class='ocrx_word' id='word_1_818' title='bbox 2436 3577 2683 3640; x_wconf 85' lang='lat' dir='ltr'><strong>poterat,</strong></span> <span class='ocrx_word' id='word_1_819' title='bbox 2716 3566 3038 3640; x_wconf 83' lang='lat' dir='ltr'><strong>promovere</strong></span> <span class='ocrx_word' id='word_1_820' title='bbox 3063 3570 3287 3625; x_wconf 89' lang='lat' dir='ltr'><strong>studuit.</strong></span> <span class='ocrx_word' id='word_1_821' title='bbox 3318 3571 3433 3640; x_wconf 84' lang='lat' dir='ltr'><strong>Qua</strong></span> 
     </span>
    </p>
   </div>
   <div class='ocr_carea' id='block_1_102' title="bbox 1834 3638 3435 3713">
    <p class='ocr_par' dir='ltr' id='par_1_102' title="bbox 1834 3638 3435 3713">
     <span class='ocr_line' id='line_1_102' title="bbox 1834 3638 3435 3713; baseline 0.002 -19"><span class='ocrx_word' id='word_1_822' title='bbox 1834 3638 1903 3694; x_wconf 91' lang='lat' dir='ltr'><strong>de</strong></span> <span class='ocrx_word' id='word_1_823' title='bbox 1939 3655 1999 3695; x_wconf 89' lang='lat' dir='ltr'><strong>re</strong></span> <span class='ocrx_word' id='word_1_824' title='bbox 2026 3681 2041 3706; x_wconf 95' lang='lat'><strong>,</strong></span> <span class='ocrx_word' id='word_1_825' title='bbox 2067 3638 2438 3713; x_wconf 23' lang='lat' dir='ltr'><strong>quiiecclesiae</strong></span> <span class='ocrx_word' id='word_1_826' title='bbox 2467 3638 2781 3713; x_wconf 68' lang='lat' dir='ltr'><strong>dedicanda:</strong></span> <span class='ocrx_word' id='word_1_827' title='bbox 2809 3640 2975 3713; x_wconf 82' lang='lat' dir='ltr'><strong>gratia</strong></span> <span class='ocrx_word' id='word_1_828' title='bbox 2996 3643 3270 3713; x_wconf 70' lang='lat' dir='ltr'><strong>Ancyram</strong></span> <span class='ocrx_word' id='word_1_829' title='bbox 3302 3638 3435 3697; x_wconf 84' lang='lat' dir='ltr'><strong>con-</strong></span> 
     </span>
    </p>
   </div>
   <div class='ocr_carea' id='block_1_103' title="bbox 1837 3710 3433 3784">
    <p class='ocr_par' dir='ltr' id='par_1_103' title="bbox 1837 3710 3433 3784">
     <span class='ocr_line' id='line_1_103' title="bbox 1837 3710 3433 3784; baseline 0.003 -19"><span class='ocrx_word' id='word_1_830' title='bbox 1837 3720 2124 3775; x_wconf 81' lang='lat' dir='ltr'><strong>venerant,</strong></span> <span class='ocrx_word' id='word_1_831' title='bbox 2154 3711 2375 3784; x_wconf 81' lang='lat' dir='ltr'><strong>Georgii</strong></span> <span class='ocrx_word' id='word_1_832' title='bbox 2403 3710 2690 3767; x_wconf 82' lang='lat' dir='ltr'><strong>Laodiceni</strong></span> <span class='ocrx_word' id='word_1_833' title='bbox 2724 3711 2918 3767; x_wconf 89' lang='lat' dir='ltr'><strong>litteris</strong></span> <span class='ocrx_word' id='word_1_834' title='bbox 2943 3710 3202 3784; x_wconf 84' lang='lat' dir='ltr'><strong>admoniti</strong></span> <span class='ocrx_word' id='word_1_835' title='bbox 3230 3756 3245 3780; x_wconf 90' lang='lat'><strong>,</strong></span> <span class='ocrx_word' id='word_1_836' title='bbox 3269 3725 3433 3784; x_wconf 87' lang='lat' dir='ltr'><strong>quot-</strong></span> 
     </span>
    </p>
   </div>
   <div class='ocr_carea' id='block_1_104' title="bbox 1832 3782 3429 3855">
    <p class='ocr_par' dir='ltr' id='par_1_104' title="bbox 1832 3782 3429 3855">
     <span class='ocr_line' id='line_1_104' title="bbox 1832 3782 3429 3855; baseline 0.002 -19"><span class='ocrx_word' id='word_1_837' title='bbox 1832 3782 2257 3855; x_wconf 69' lang='lat' dir='ltr'><strong>quotcommodc</strong></span> <span class='ocrx_word' id='word_1_838' title='bbox 2270 3791 2562 3855; x_wconf 89' lang='lat' dir='ltr'><strong>potuerunt</strong></span> <span class='ocrx_word' id='word_1_839' title='bbox 2584 3798 2904 3855; x_wconf 75' lang='lat' dir='ltr'><strong>convocare,</strong></span> <span class='ocrx_word' id='word_1_840' title='bbox 2923 3782 3024 3838; x_wconf 88' lang='lat' dir='ltr'><strong>sibi</strong></span> <span class='ocrx_word' id='word_1_841' title='bbox 3048 3782 3429 3852; x_wconf 74' lang='lat' dir='ltr'><strong>adiunxerunt,</strong></span> 
     </span>
    </p>
   </div>
   <div class='ocr_carea' id='block_1_105' title="bbox 1834 3854 3431 3925">
    <p class='ocr_par' dir='ltr' id='par_1_105' title="bbox 1834 3854 3431 3925">
     <span class='ocr_line' id='line_1_105' title="bbox 1834 3854 3431 3925; baseline 0.002 -16"><span class='ocrx_word' id='word_1_842' title='bbox 1834 3864 1890 3925; x_wconf 79' lang='lat' dir='ltr'><strong>ut</strong></span> <span class='ocrx_word' id='word_1_843' title='bbox 1910 3854 2131 3909; x_wconf 81' lang='lat' dir='ltr'><strong>Eudoxii</strong></span> <span class='ocrx_word' id='word_1_844' title='bbox 2160 3862 2385 3910; x_wconf 91' lang='lat' dir='ltr'><strong>conatus</strong></span> <span class='ocrx_word' id='word_1_845' title='bbox 2414 3854 2787 3911; x_wconf 88' lang='lat' dir='ltr'><strong>retunderent.</strong></span> <span class='ocrx_word' id='word_1_846' title='bbox 2815 3854 3042 3909; x_wconf 90' lang='lat' dir='ltr'><strong>Basilius</strong></span> <span class='ocrx_word' id='word_1_847' title='bbox 3064 3856 3220 3925; x_wconf 84' lang='lat' dir='ltr'><strong>epist.</strong></span> <span class='ocrx_word' id='word_1_848' title='bbox 3249 3871 3431 3922; x_wconf 81' lang='lat' dir='ltr'><strong>Lxxtv,</strong></span> 
     </span>
    </p>
   </div>
   <div class='ocr_carea' id='block_1_106' title="bbox 1829 3923 3430 4000">
    <p class='ocr_par' dir='ltr' id='par_1_106' title="bbox 1829 3923 3430 4000">
     <span class='ocr_line' id='line_1_106' title="bbox 1829 3923 3430 4000; baseline 0.002 -19"><span class='ocrx_word' id='word_1_849' title='bbox 1829 3923 2055 3981; x_wconf 87' lang='lat' dir='ltr'><strong>Concilii</strong></span> <span class='ocrx_word' id='word_1_850' title='bbox 2089 3926 2248 3996; x_wconf 83' lang='lat' dir='ltr'><strong>ltujus</strong></span> <span class='ocrx_word' id='word_1_851' title='bbox 2274 3926 2542 4000; x_wconf 83' lang='lat' dir='ltr'><strong>meminit,</strong></span> <span class='ocrx_word' id='word_1_852' title='bbox 2576 3935 2840 4000; x_wconf 69' lang='lat' dir='ltr'><strong>vocatque</strong></span> <span class='ocrx_word' id='word_1_853' title='bbox 2868 3923 3150 4000; x_wconf 54' lang='lat'><strong>06119706;</strong></span> <span class='ocrx_word' id='word_1_854' title='bbox 3176 3943 3295 3996; x_wconf 75' lang='lat' dir='ltr'><strong>qua:</strong></span> <span class='ocrx_word' id='word_1_855' title='bbox 3323 3943 3430 3984; x_wconf 77' lang='lat' dir='ltr'><strong>vox</strong></span> 
     </span>
    </p>
   </div>
   <div class='ocr_carea' id='block_1_107' title="bbox 1831 3996 3428 4068">
    <p class='ocr_par' dir='ltr' id='par_1_107' title="bbox 1831 3996 3428 4068">
     <span class='ocr_line' id='line_1_107' title="bbox 1831 3996 3428 4068; baseline 0.001 -16"><span class='ocrx_word' id='word_1_856' title='bbox 1831 4013 1937 4052; x_wconf 89' lang='lat' dir='ltr'><strong>non</strong></span> <span class='ocrx_word' id='word_1_857' title='bbox 1963 4038 1979 4064; x_wconf 95' lang='lat'><strong>,</strong></span> <span class='ocrx_word' id='word_1_858' title='bbox 2029 4008 2087 4052; x_wconf 92' lang='lat' dir='ltr'><strong>ut</strong></span> <span class='ocrx_word' id='word_1_859' title='bbox 2129 4007 2279 4068; x_wconf 87' lang='lat' dir='ltr'><strong>putat</strong></span> <span class='ocrx_word' id='word_1_860' title='bbox 2305 3999 2389 4052; x_wconf 91' lang='lat' dir='ltr'><strong>vir</strong></span> <span class='ocrx_word' id='word_1_861' title='bbox 2418 3997 2553 4052; x_wconf 89' lang='lat' dir='ltr'><strong>alias</strong></span> <span class='ocrx_word' id='word_1_862' title='bbox 2592 3996 2835 4053; x_wconf 78' lang='lat' dir='ltr'><strong>eruditus</strong></span> <span class='ocrx_word' id='word_1_863' title='bbox 2860 4038 2875 4061; x_wconf 87' lang='lat'><strong>,</strong></span> <span class='ocrx_word' id='word_1_864' title='bbox 2905 3996 3216 4068; x_wconf 77' lang='lat' dir='ltr'><strong>colloquium</strong></span> <span class='ocrx_word' id='word_1_865' title='bbox 3248 4008 3428 4063; x_wconf 88' lang='lat' dir='ltr'><strong>sonat,</strong></span> 
     </span>
    </p>
   </div>
   <div class='ocr_carea' id='block_1_108' title="bbox 1828 4068 3430 4143">
    <p class='ocr_par' dir='ltr' id='par_1_108' title="bbox 1828 4068 3430 4143">
     <span class='ocr_line' id='line_1_108' title="bbox 1828 4068 3430 4143; baseline 0 -19"><span class='ocrx_word' id='word_1_866' title='bbox 1828 4068 1924 4143; x_wconf 76' lang='lat' dir='ltr'><strong>sed</strong></span> <span class='ocrx_word' id='word_1_867' title='bbox 1962 4077 2263 4143; x_wconf 72' lang='lat' dir='ltr'><strong>conventum</strong></span> <span class='ocrx_word' id='word_1_868' title='bbox 2287 4110 2302 4130; x_wconf 86' lang='lat'><em>.</em></span> <span class='ocrx_word' id='word_1_869' title='bbox 2357 4069 2627 4143; x_wconf 63' lang='lat' dir='ltr'><strong>nimirum</strong></span> <span class='ocrx_word' id='word_1_870' title='bbox 2650 4084 2677 4122; x_wconf 93' lang='lat' dir='ltr'><strong>a</strong></span> <span class='ocrx_word' id='word_1_871' title='bbox 2711 4068 3243 4143; x_wconf 51' lang='lat' dir='ltr'><strong>aoni79_convoco._</strong></span> <span class='ocrx_word' id='word_1_872' title='bbox 3266 4069 3430 4143; x_wconf 81' lang='lat' dir='ltr'><strong>Gesta</strong></span> 
     </span>
    </p>
   </div>
   <div class='ocr_carea' id='block_1_109' title="bbox 1829 4138 3429 4206">
    <p class='ocr_par' dir='ltr' id='par_1_109' title="bbox 1829 4138 3429 4206">
     <span class='ocr_line' id='line_1_109' title="bbox 1829 4138 3429 4206; baseline 0.001 -10"><span class='ocrx_word' id='word_1_873' title='bbox 1829 4139 1972 4196; x_wconf 90' lang='lat' dir='ltr'><strong>illius</strong></span> <span class='ocrx_word' id='word_1_874' title='bbox 2000 4151 2184 4196; x_wconf 90' lang='lat' dir='ltr'><strong>narrat</strong></span> <span class='ocrx_word' id='word_1_875' title='bbox 2208 4141 2543 4196; x_wconf 89' lang='lat' dir='ltr'><strong>Sozomenus</strong></span> <span class='ocrx_word' id='word_1_876' title='bbox 2575 4140 2670 4196; x_wconf 90' lang='lat' dir='ltr'><strong>lib.</strong></span> <span class='ocrx_word' id='word_1_877' title='bbox 2701 4155 2755 4194; x_wconf 82' lang='lat' dir='ltr'><strong>tv</strong></span> <span class='ocrx_word' id='word_1_878' title='bbox 2776 4181 2791 4206; x_wconf 92' lang='lat'><strong>,</strong></span> <span class='ocrx_word' id='word_1_879' title='bbox 2817 4138 2880 4195; x_wconf 63' lang='grc' dir='ltr'><strong>οἱ</strong></span> <span class='ocrx_word' id='word_1_880' title='bbox 2904 4140 2988 4195; x_wconf 75' lang='grc'><strong>13.</strong></span> <span class='ocrx_word' id='word_1_881' title='bbox 3045 4138 3429 4197; x_wconf 88' lang='lat' dir='ltr'><strong>Consulendus</strong></span> 
     </span>
    </p>
   </div>
   <div class='ocr_carea' id='block_1_110' title="bbox 1828 4211 3430 4283">
    <p class='ocr_par' dir='ltr' id='par_1_110' title="bbox 1828 4211 3430 4283">
     <span class='ocr_line' id='line_1_110' title="bbox 1828 4211 3430 4283; baseline -0.001 -14"><span class='ocrx_word' id='word_1_882' title='bbox 1828 4226 1891 4269; x_wconf 88' lang='lat' dir='ltr'><strong>ea</strong></span> <span class='ocrx_word' id='word_1_883' title='bbox 1921 4211 1990 4268; x_wconf 88' lang='lat' dir='ltr'><strong>de</strong></span> <span class='ocrx_word' id='word_1_884' title='bbox 2010 4227 2068 4268; x_wconf 92' lang='lat' dir='ltr'><strong>re</strong></span> <span class='ocrx_word' id='word_1_885' title='bbox 2089 4212 2443 4283; x_wconf 88' lang='lat' dir='ltr'><strong>Epiphanius,</strong></span> <span class='ocrx_word' id='word_1_886' title='bbox 2475 4212 2604 4267; x_wconf 73' lang='lat' dir='ltr'><strong>liter.</strong></span> <span class='ocrx_word' id='word_1_887' title='bbox 2636 4227 2823 4283; x_wconf 60' lang='lat' dir='ltr'><strong>usus,</strong></span> <span class='ocrx_word' id='word_1_888' title='bbox 2845 4226 2927 4283; x_wconf 80' lang='lat' dir='ltr'><strong>_n.</strong></span> <span class='ocrx_word' id='word_1_889' title='bbox 2947 4211 3013 4274; x_wconf 72' lang='grc'><strong>2,</strong></span> <span class='ocrx_word' id='word_1_890' title='bbox 3044 4221 3150 4283; x_wconf 85' lang='lat' dir='ltr'><strong>etc.</strong></span> <span class='ocrx_word' id='word_1_891' title='bbox 3175 4211 3277 4280; x_wconf 86' lang='lat' dir='ltr'><strong>Qui</strong></span> <span class='ocrx_word' id='word_1_892' title='bbox 3308 4213 3430 4282; x_wconf 91' lang='lat' dir='ltr'><strong>qui-</strong></span> 
     </span>
    </p>
   </div>
   <div class='ocr_carea' id='block_1_111' title="bbox 1826 4281 3426 4355">
    <p class='ocr_par' dir='ltr' id='par_1_111' title="bbox 1826 4281 3426 4355">
     <span class='ocr_line' id='line_1_111' title="bbox 1826 4281 3426 4355; baseline 0 -15"><span class='ocrx_word' id='word_1_893' title='bbox 1826 4283 1949 4340; x_wconf 90' lang='lat' dir='ltr'><strong>dem</strong></span> <span class='ocrx_word' id='word_1_894' title='bbox 1978 4283 2071 4352; x_wconf 89' lang='lat' dir='ltr'><strong>ibi,</strong></span> <span class='ocrx_word' id='word_1_895' title='bbox 2104 4281 2250 4339; x_wconf 85' lang='lat' dir='ltr'><strong>num.</strong></span> <span class='ocrx_word' id='word_1_896' title='bbox 2282 4286 2352 4341; x_wconf 77' lang='grc'><strong>10</strong></span> <span class='ocrx_word' id='word_1_897' title='bbox 2401 4292 2455 4339; x_wconf 91' lang='lat' dir='ltr'><strong>et</strong></span> <span class='ocrx_word' id='word_1_898' title='bbox 2481 4284 2543 4339; x_wconf 77' lang='grc'><strong>11</strong></span> <span class='ocrx_word' id='word_1_899' title='bbox 2574 4326 2587 4349; x_wconf 84' lang='grc'>,</span> <span class='ocrx_word' id='word_1_900' title='bbox 2619 4281 2809 4355; x_wconf 81' lang='lat' dir='ltr'><strong>synodi</strong></span> <span class='ocrx_word' id='word_1_901' title='bbox 2843 4281 3009 4355; x_wconf 5' lang='lat' dir='ltr'><strong>hujus,</strong></span> <span class='ocrx_word' id='word_1_902' title='bbox 3026 4282 3242 4355; x_wconf 89' lang='lat' dir='ltr'><strong>decreta</strong></span> <span class='ocrx_word' id='word_1_903' title='bbox 3274 4281 3426 4353; x_wconf 88' lang='lat' dir='ltr'><strong>plura</strong></span> 
     </span>
    </p>
   </div>
   <div class='ocr_carea' id='block_1_112' title="bbox 1820 4353 3428 4427">
    <p class='ocr_par' dir='ltr' id='par_1_112' title="bbox 1820 4353 3428 4427">
     <span class='ocr_line' id='line_1_112' title="bbox 1820 4353 3428 4427; baseline 0.001 -17"><span class='ocrx_word' id='word_1_904' title='bbox 1820 4356 1989 4412; x_wconf 88' lang='lat' dir='ltr'><strong>refert</strong></span> <span class='ocrx_word' id='word_1_905' title='bbox 2011 4371 2172 4427; x_wconf 85' lang='lat' dir='ltr'><strong>quam</strong></span> <span class='ocrx_word' id='word_1_906' title='bbox 2205 4363 2389 4412; x_wconf 90' lang='lat' dir='ltr'><strong>noster</strong></span> <span class='ocrx_word' id='word_1_907' title='bbox 2419 4353 2692 4427; x_wconf 82' lang='lat' dir='ltr'><strong>Hilarius:</strong></span> <span class='ocrx_word' id='word_1_908' title='bbox 2726 4355 2851 4427; x_wconf 81' lang='lat' dir='ltr'><strong>quia</strong></span> <span class='ocrx_word' id='word_1_909' title='bbox 2878 4353 3127 4427; x_wconf 89' lang='lat' dir='ltr'><strong>videlicet</strong></span> <span class='ocrx_word' id='word_1_910' title='bbox 3151 4372 3212 4412; x_wconf 90' lang='lat' dir='ltr'><strong>ea</strong></span> <span class='ocrx_word' id='word_1_911' title='bbox 3237 4371 3428 4411; x_wconf 86' lang='lat' dir='ltr'><strong>recen-</strong></span> 
     </span>
    </p>
   </div>
   <div class='ocr_carea' id='block_1_113' title="bbox 1820 4425 3423 4512">
    <p class='ocr_par' dir='ltr' id='par_1_113' title="bbox 1820 4425 3423 4512">
     <span class='ocr_line' id='line_1_113' title="bbox 1820 4425 3423 4512; baseline 0.001 -30"><span class='ocrx_word' id='word_1_912' title='bbox 1820 4435 1905 4483; x_wconf 90' lang='lat' dir='ltr'><strong>set</strong></span> <span class='ocrx_word' id='word_1_913' title='bbox 1946 4425 2066 4499; x_wconf 73' lang='lat' dir='ltr'><strong>quae</strong></span> <span class='ocrx_word' id='word_1_914' title='bbox 2092 4425 2331 4512; x_wconf 65' lang='lat' dir='ltr'><strong>Ancyrae</strong></span> <span class='ocrx_word' id='word_1_915' title='bbox 2353 4436 2488 4512; x_wconf 61' lang='lat' dir='ltr'><strong>sunt</strong></span> <span class='ocrx_word' id='word_1_916' title='bbox 2507 4426 2648 4483; x_wconf 86' lang='lat' dir='ltr'><strong>edita</strong></span> <span class='ocrx_word' id='word_1_917' title='bbox 2670 4467 2686 4494; x_wconf 90' lang='lat'><strong>,</strong></span> <span class='ocrx_word' id='word_1_918' title='bbox 2737 4426 2971 4481; x_wconf 90' lang='lat' dir='ltr'><strong>llilarius</strong></span> <span class='ocrx_word' id='word_1_919' title='bbox 3018 4441 3147 4512; x_wconf 57' lang='lat' dir='ltr'><strong>vero</strong></span> <span class='ocrx_word' id='word_1_920' title='bbox 3167 4468 3181 4493; x_wconf 87' lang='lat'><strong>,</strong></span> <span class='ocrx_word' id='word_1_921' title='bbox 3232 4428 3423 4512; x_wconf 57' lang='lat' dir='ltr'><strong>utimex</strong></span> 
     </span>
    </p>
   </div>
   <div class='ocr_carea' id='block_1_114' title="bbox 1821 4497 3423 4571">
    <p class='ocr_par' dir='ltr' id='par_1_114' title="bbox 1821 4497 3423 4571">
     <span class='ocr_line' id='line_1_114' title="bbox 1821 4497 3423 4571; baseline 0.001 -18"><span class='ocrx_word' id='word_1_922' title='bbox 1821 4507 1948 4555; x_wconf 86' lang='lat' dir='ltr'><strong>nota</strong></span> <span class='ocrx_word' id='word_1_923' title='bbox 1967 4497 2227 4571; x_wconf 81' lang='lat' dir='ltr'><strong>sequenti</strong></span> <span class='ocrx_word' id='word_1_924' title='bbox 2248 4500 2422 4570; x_wconf 87' lang='lat' dir='ltr'><strong>palam</strong></span> <span class='ocrx_word' id='word_1_925' title='bbox 2454 4499 2588 4564; x_wconf 85' lang='lat' dir='ltr'><strong>ﬁet,</strong></span> <span class='ocrx_word' id='word_1_926' title='bbox 2639 4514 2758 4571; x_wconf 68' lang='lat' dir='ltr'><strong>qua:</strong></span> <span class='ocrx_word' id='word_1_927' title='bbox 2799 4513 2827 4552; x_wconf 88' lang='lat' dir='ltr'><strong>a</strong></span> <span class='ocrx_word' id='word_1_928' title='bbox 2865 4497 3057 4569; x_wconf 82' lang='lat' dir='ltr'><strong>synodi</strong></span> <span class='ocrx_word' id='word_1_929' title='bbox 3087 4498 3277 4571; x_wconf 88' lang='lat' dir='ltr'><strong>legatis</strong></span> <span class='ocrx_word' id='word_1_930' title='bbox 3303 4498 3423 4555; x_wconf 88' lang='lat' dir='ltr'><strong>Sir-</strong></span> 
     </span>
    </p>
   </div>
   <div class='ocr_carea' id='block_1_115' title="bbox 1820 4571 2596 4641">
    <p class='ocr_par' dir='ltr' id='par_1_115' title="bbox 1820 4571 2596 4641">
     <span class='ocr_line' id='line_1_115' title="bbox 1820 4571 2596 4641; baseline -0.001 -17"><span class='ocrx_word' id='word_1_931' title='bbox 1820 4571 1987 4625; x_wconf 90' lang='lat' dir='ltr'><strong>mium</strong></span> <span class='ocrx_word' id='word_1_932' title='bbox 2018 4571 2192 4627; x_wconf 88' lang='lat' dir='ltr'><strong>delata</strong></span> <span class='ocrx_word' id='word_1_933' title='bbox 2226 4580 2280 4626; x_wconf 91' lang='lat' dir='ltr'><strong>et</strong></span> <span class='ocrx_word' id='word_1_934' title='bbox 2310 4572 2596 4641; x_wconf 90' lang='lat' dir='ltr'><strong>publicata.</strong></span> 
     </span>
    </p>
   </div>
   <div class='ocr_carea' id='block_1_116' title="bbox 1897 4640 3425 4715">
    <p class='ocr_par' dir='ltr' id='par_1_116' title="bbox 1897 4640 3425 4715">
     <span class='ocr_line' id='line_1_116' title="bbox 1897 4640 3425 4715; baseline 0.001 -19"><span class='ocrx_word' id='word_1_935' title='bbox 1897 4642 1959 4715; x_wconf 88' lang='lat' dir='ltr'><strong>(i)</strong></span> <span class='ocrx_word' id='word_1_936' title='bbox 2006 4643 2255 4698; x_wconf 78' lang='lat' dir='ltr'><strong>Proxime</strong></span> <span class='ocrx_word' id='word_1_937' title='bbox 2281 4654 2405 4714; x_wconf 85' lang='lat' dir='ltr'><strong>p05t</strong></span> <span class='ocrx_word' id='word_1_938' title='bbox 2433 4646 2710 4698; x_wconf 79' lang='lat' dir='ltr'><strong>anathema</strong></span> <span class='ocrx_word' id='word_1_939' title='bbox 2745 4643 2815 4715; x_wconf 67' lang='lat' dir='ltr'><strong>sit</strong></span> <span class='ocrx_word' id='word_1_940' title='bbox 2836 4683 2851 4709; x_wconf 91' lang='lat'><strong>,</strong></span> <span class='ocrx_word' id='word_1_941' title='bbox 2885 4640 3203 4715; x_wconf 9' lang='lat' dir='ltr'><strong>AapgudBad.</strong></span> <span class='ocrx_word' id='word_1_942' title='bbox 3234 4684 3249 4708; x_wconf 89' lang='lat'><strong>,</strong></span> <span class='ocrx_word' id='word_1_943' title='bbox 3283 4644 3375 4699; x_wconf 87' lang='lat' dir='ltr'><strong>Er.</strong></span> <span class='ocrx_word' id='word_1_944' title='bbox 3406 4683 3425 4709; x_wconf 94' lang='lat'><strong>,</strong></span> 
     </span>
    </p>
   </div>
   <div class='ocr_carea' id='block_1_117' title="bbox 1821 4712 3425 4785">
    <p class='ocr_par' dir='ltr' id='par_1_117' title="bbox 1821 4712 3425 4785">
     <span class='ocr_line' id='line_1_117' title="bbox 1821 4712 3425 4785; baseline 0.001 -17"><span class='ocrx_word' id='word_1_945' title='bbox 1821 4712 1947 4769; x_wconf 79' lang='lat' dir='ltr'><strong>Mir.</strong></span> <span class='ocrx_word' id='word_1_946' title='bbox 1976 4723 2029 4770; x_wconf 92' lang='lat' dir='ltr'><strong>et</strong></span> <span class='ocrx_word' id='word_1_947' title='bbox 2057 4715 2109 4769; x_wconf 92' lang='lat' dir='ltr'><strong>in</strong></span> <span class='ocrx_word' id='word_1_948' title='bbox 2142 4712 2451 4785; x_wconf 83' lang='lat' dir='ltr'><strong>pervetusto</strong></span> <span class='ocrx_word' id='word_1_949' title='bbox 2495 4730 2599 4770; x_wconf 89' lang='lat' dir='ltr'><strong>ms.</strong></span> <span class='ocrx_word' id='word_1_950' title='bbox 2641 4716 2703 4771; x_wconf 86' lang='lat' dir='ltr'><strong>S.</strong></span> <span class='ocrx_word' id='word_1_951' title='bbox 2752 4713 2896 4785; x_wconf 84' lang='lat' dir='ltr'><strong>Petri</strong></span> <span class='ocrx_word' id='word_1_952' title='bbox 2947 4713 3116 4769; x_wconf 81' lang='lat' dir='ltr'><strong>Vatic.</strong></span> <span class='ocrx_word' id='word_1_953' title='bbox 3165 4716 3268 4770; x_wconf 87' lang='lat' dir='ltr'><strong>sub</strong></span> <span class='ocrx_word' id='word_1_954' title='bbox 3314 4730 3425 4770; x_wconf 90' lang='lat' dir='ltr'><strong>uno</strong></span> 
     </span>
    </p>
   </div>
   <div class='ocr_carea' id='block_1_118' title="bbox 1822 4784 3425 4858">
    <p class='ocr_par' dir='ltr' id='par_1_118' title="bbox 1822 4784 3425 4858">
     <span class='ocr_line' id='line_1_118' title="bbox 1822 4784 3425 4858; baseline -0.001 -16"><span class='ocrx_word' id='word_1_955' title='bbox 1822 4786 2126 4858; x_wconf 89' lang='lat' dir='ltr'><strong>eodemque</strong></span> <span class='ocrx_word' id='word_1_956' title='bbox 2142 4784 2399 4842; x_wconf 80' lang='lat' dir='ltr'><strong>contextu</strong></span> <span class='ocrx_word' id='word_1_957' title='bbox 2419 4785 2664 4858; x_wconf 89' lang='lat' dir='ltr'><strong>sequitur</strong></span> <span class='ocrx_word' id='word_1_958' title='bbox 2688 4801 2714 4858; x_wconf 91' lang='lat'><strong>:_</strong></span> <span class='ocrx_word' id='word_1_959' title='bbox 2747 4784 3108 4851; x_wconf 74' lang='lat' dir='ltr'><strong>Expositiones</strong></span> <span class='ocrx_word' id='word_1_960' title='bbox 3139 4802 3348 4854; x_wconf 83' lang='lat' dir='ltr'><strong>omnes,</strong></span> <span class='ocrx_word' id='word_1_961' title='bbox 3379 4787 3425 4840; x_wconf 90' lang='lat' dir='ltr'><strong>si</strong></span> 
     </span>
    </p>
   </div>
   <div class='ocr_carea' id='block_1_119' title="bbox 1822 4856 3427 4929">
    <p class='ocr_par' dir='ltr' id='par_1_119' title="bbox 1822 4856 3427 4929">
     <span class='ocr_line' id='line_1_119' title="bbox 1822 4856 3427 4929; baseline 0 -17"><span class='ocrx_word' id='word_1_962' title='bbox 1822 4858 1948 4929; x_wconf 85' lang='lat' dir='ltr'><strong>quid</strong></span> <span class='ocrx_word' id='word_1_963' title='bbox 1975 4856 2161 4913; x_wconf 81' lang='lat' dir='ltr'><strong>habent</strong></span> <span class='ocrx_word' id='word_1_964' title='bbox 2176 4859 2427 4923; x_wconf 74' lang='lat' dir='ltr'><strong>criminis,</strong></span> <span class='ocrx_word' id='word_1_965' title='bbox 2451 4856 2589 4912; x_wconf 74' lang='lat' dir='ltr'><strong>intra</strong></span> <span class='ocrx_word' id='word_1_966' title='bbox 2612 4872 2666 4911; x_wconf 85' lang='lat' dir='ltr'><strong>se</strong></span> <span class='ocrx_word' id='word_1_967' title='bbox 2695 4856 2919 4922; x_wconf 85' lang='lat' dir='ltr'><strong>habent;</strong></span> <span class='ocrx_word' id='word_1_968' title='bbox 2943 4866 3180 4912; x_wconf 75' lang='lat' dir='ltr'><strong>cteterum</strong></span> <span class='ocrx_word' id='word_1_969' title='bbox 3203 4874 3307 4911; x_wconf 88' lang='lat' dir='ltr'><strong>non</strong></span> <span class='ocrx_word' id='word_1_970' title='bbox 3334 4859 3427 4912; x_wconf 83' lang='lat' dir='ltr'><strong>Ita-</strong></span> 
     </span>
    </p>
   </div>
   <div class='ocr_carea' id='block_1_120' title="bbox 1823 4929 3427 5001">
    <p class='ocr_par' dir='ltr' id='par_1_120' title="bbox 1823 4929 3427 5001">
     <span class='ocr_line' id='line_1_120' title="bbox 1823 4929 3427 5001; baseline 0 -18"><span class='ocrx_word' id='word_1_971' title='bbox 1823 4931 1939 4984; x_wconf 87' lang='lat' dir='ltr'><strong>bere</strong></span> <span class='ocrx_word' id='word_1_972' title='bbox 1970 4930 2026 5001; x_wconf 79' lang='lat' dir='ltr'><strong>in</strong></span> <span class='ocrx_word' id='word_1_973' title='bbox 2054 4931 2262 4999; x_wconf 84' lang='lat' dir='ltr'><strong>publica</strong></span> <span class='ocrx_word' id='word_1_974' title='bbox 2298 4930 2433 5001; x_wconf 78' lang='lat' dir='ltr'><strong>[acie</strong></span> <span class='ocrx_word' id='word_1_975' title='bbox 2455 4929 2832 5001; x_wconf 72' lang='lat' dir='ltr'><strong>existimantur.</strong></span> <span class='ocrx_word' id='word_1_976' title='bbox 2873 4930 2979 4985; x_wconf 81' lang='lat' dir='ltr'><strong>Sed</strong></span> <span class='ocrx_word' id='word_1_977' title='bbox 3012 4930 3132 4998; x_wconf 86' lang='lat' dir='ltr'><strong>quia</strong></span> <span class='ocrx_word' id='word_1_978' title='bbox 3153 4930 3336 4984; x_wconf 80' lang='lat' dir='ltr'><strong>scirem</strong></span> <span class='ocrx_word' id='word_1_979' title='bbox 3366 4946 3427 4984; x_wconf 87' lang='lat' dir='ltr'><strong>ea</strong></span> 
     </span>
    </p>
   </div>
   <div class='ocr_carea' id='block_1_121' title="bbox 1824 4999 3426 5072">
    <p class='ocr_par' dir='ltr' id='par_1_121' title="bbox 1824 4999 3426 5072">
     <span class='ocr_line' id='line_1_121' title="bbox 1824 4999 3426 5072; baseline 0.001 -16"><span class='ocrx_word' id='word_1_980' title='bbox 1824 5002 1936 5056; x_wconf 87' lang='lat' dir='ltr'><strong>sola</strong></span> <span class='ocrx_word' id='word_1_981' title='bbox 1958 5000 2205 5056; x_wconf 87' lang='lat' dir='ltr'><strong>Sirmium</strong></span> <span class='ocrx_word' id='word_1_982' title='bbox 2224 4999 2335 5056; x_wconf 86' lang='lat' dir='ltr'><strong>esse</strong></span> <span class='ocrx_word' id='word_1_983' title='bbox 2372 5000 2563 5055; x_wconf 84' lang='lat' dir='ltr'><strong>delata.</strong></span> <span class='ocrx_word' id='word_1_984' title='bbox 2595 4999 2709 5072; x_wconf 89' lang='lat' dir='ltr'><strong>llac_</strong></span> <span class='ocrx_word' id='word_1_985' title='bbox 2732 4999 2898 5054; x_wconf 87' lang='lat' dir='ltr'><strong>altera</strong></span> <span class='ocrx_word' id='word_1_986' title='bbox 2932 5008 3056 5055; x_wconf 88' lang='lat' dir='ltr'><strong>nota</strong></span> <span class='ocrx_word' id='word_1_987' title='bbox 3086 5002 3426 5072; x_wconf 87' lang='lat' dir='ltr'><strong>apologetica</strong></span> 
     </span>
    </p>
   </div>
   <div class='ocr_carea' id='block_1_122' title="bbox 1824 5070 3424 5142">
    <p class='ocr_par' dir='ltr' id='par_1_122' title="bbox 1824 5070 3424 5142">
     <span class='ocr_line' id='line_1_122' title="bbox 1824 5070 3424 5142; baseline -0.002 -13"><span class='ocrx_word' id='word_1_988' title='bbox 1824 5072 2064 5129; x_wconf 87' lang='lat' dir='ltr'><strong>declarat</strong></span> <span class='ocrx_word' id='word_1_989' title='bbox 2105 5072 2373 5138; x_wconf 80' lang='lat' dir='ltr'><strong>Hilarius,</strong></span> <span class='ocrx_word' id='word_1_990' title='bbox 2405 5073 2581 5127; x_wconf 90' lang='lat' dir='ltr'><strong>nullas</strong></span> <span class='ocrx_word' id='word_1_991' title='bbox 2612 5070 2985 5127; x_wconf 84' lang='lat' dir='ltr'><strong>definitionum</strong></span> <span class='ocrx_word' id='word_1_992' title='bbox 3015 5070 3198 5128; x_wconf 80' lang='lat' dir='ltr'><strong>earum</strong></span> <span class='ocrx_word' id='word_1_993' title='bbox 3230 5070 3424 5142; x_wconf 19' lang='lat' dir='ltr'><strong>,iquas</strong></span> 
     </span>
    </p>
   </div>
   <div class='ocr_carea' id='block_1_123' title="bbox 1826 5142 3428 5215">
    <p class='ocr_par' dir='ltr' id='par_1_123' title="bbox 1826 5142 3428 5215">
     <span class='ocr_line' id='line_1_123' title="bbox 1826 5142 3428 5215; baseline -0.001 -16"><span class='ocrx_word' id='word_1_994' title='bbox 1826 5143 1972 5199; x_wconf 82' lang='lat' dir='ltr'><strong>solas</strong></span> <span class='ocrx_word' id='word_1_995' title='bbox 1998 5146 2066 5198; x_wconf 85' lang='lat' dir='ltr'><strong>ab</strong></span> <span class='ocrx_word' id='word_1_996' title='bbox 2098 5143 2391 5215; x_wconf 61' lang='lat' dir='ltr'><strong>\ncyrana:</strong></span> <span class='ocrx_word' id='word_1_997' title='bbox 2431 5142 2621 5215; x_wconf 77' lang='lat' dir='ltr'><strong>synodi</strong></span> <span class='ocrx_word' id='word_1_998' title='bbox 2670 5142 2858 5210; x_wconf 68' lang='lat' dir='ltr'><strong>legatis</strong></span> <span class='ocrx_word' id='word_1_999' title='bbox 2887 5144 3141 5199; x_wconf 82' lang='lat' dir='ltr'><strong>Sirmium</strong></span> <span class='ocrx_word' id='word_1_1000' title='bbox 3176 5158 3296 5215; x_wconf 74' lang='lat' dir='ltr'><strong>esse</strong></span> <span class='ocrx_word' id='word_1_1001' title='bbox 3331 5144 3428 5198; x_wconf 85' lang='lat' dir='ltr'><strong>de-</strong></span> 
     </span>
    </p>
   </div>
   <div class='ocr_carea' id='block_1_124' title="bbox 1830 5214 3423 5285">
    <p class='ocr_par' dir='ltr' id='par_1_124' title="bbox 1830 5214 3423 5285">
     <span class='ocr_line' id='line_1_124' title="bbox 1830 5214 3423 5285; baseline -0.002 -16"><span class='ocrx_word' id='word_1_1002' title='bbox 1830 5216 1963 5271; x_wconf 84' lang='lat' dir='ltr'><strong>latas</strong></span> <span class='ocrx_word' id='word_1_1003' title='bbox 1999 5216 2180 5277; x_wconf 77' lang='lat' dir='ltr'><strong>sciret,</strong></span> <span class='ocrx_word' id='word_1_1004' title='bbox 2218 5214 2265 5269; x_wconf 85' lang='lat' dir='ltr'><strong>in</strong></span> <span class='ocrx_word' id='word_1_1005' title='bbox 2293 5214 2502 5285; x_wconf 81' lang='lat' dir='ltr'><strong>publica</strong></span> <span class='ocrx_word' id='word_1_1006' title='bbox 2537 5216 2669 5269; x_wconf 80' lang='lat' dir='ltr'><strong>facie</strong></span> <span class='ocrx_word' id='word_1_1007' title='bbox 2712 5224 2766 5270; x_wconf 88' lang='lat' dir='ltr'><strong>et</strong></span> <span class='ocrx_word' id='word_1_1008' title='bbox 2796 5215 3087 5271; x_wconf 82' lang='lat' dir='ltr'><strong>secundum</strong></span> <span class='ocrx_word' id='word_1_1009' title='bbox 3124 5214 3423 5274; x_wconf 85' lang='lat' dir='ltr'><strong>verborum</strong></span> 
     </span>
    </p>
   </div>
   <div class='ocr_carea' id='block_1_125' title="bbox 1829 5286 3428 5358">
    <p class='ocr_par' dir='ltr' id='par_1_125' title="bbox 1829 5286 3428 5358">
     <span class='ocr_line' id='line_1_125' title="bbox 1829 5286 3428 5358; baseline -0.002 -17"><span class='ocrx_word' id='word_1_1010' title='bbox 1829 5302 1993 5342; x_wconf 80' lang='lat' dir='ltr'><strong>sonos</strong></span> <span class='ocrx_word' id='word_1_1011' title='bbox 2018 5331 2030 5346; x_wconf 93' lang='lat'><strong>.</strong></span> <span class='ocrx_word' id='word_1_1012' title='bbox 2070 5287 2360 5358; x_wconf 85' lang='lat' dir='ltr'><strong>quidquam</strong></span> <span class='ocrx_word' id='word_1_1013' title='bbox 2404 5287 2602 5344; x_wconf 80' lang='lat' dir='ltr'><strong>habere</strong></span> <span class='ocrx_word' id='word_1_1014' title='bbox 2631 5288 2772 5358; x_wconf 90' lang='lat' dir='ltr'><strong>quod</strong></span> <span class='ocrx_word' id='word_1_1015' title='bbox 2805 5287 3313 5358; x_wconf 76' lang='lat' dir='ltr'><strong>reprehendendum</strong></span> <span class='ocrx_word' id='word_1_1016' title='bbox 3348 5286 3428 5338; x_wconf 80' lang='lat' dir='ltr'><strong>vi—</strong></span> 
     </span>
    </p>
   </div>
   <div class='ocr_carea' id='block_1_126' title="bbox 1832 5357 3427 5431">
    <p class='ocr_par' dir='ltr' id='par_1_126' title="bbox 1832 5357 3427 5431">
     <span class='ocr_line' id='line_1_126' title="bbox 1832 5357 3427 5431; baseline 0.001 -19"><span class='ocrx_word' id='word_1_1017' title='bbox 1832 5361 2018 5415; x_wconf 85' lang='lat' dir='ltr'><strong>deatur</strong></span> <span class='ocrx_word' id='word_1_1018' title='bbox 2043 5400 2061 5426; x_wconf 92' lang='lat'><strong>,</strong></span> <span class='ocrx_word' id='word_1_1019' title='bbox 2086 5357 2329 5431; x_wconf 75' lang='lat' dir='ltr'><strong>quamvis</strong></span> <span class='ocrx_word' id='word_1_1020' title='bbox 2362 5358 2601 5415; x_wconf 77' lang='lat' dir='ltr'><strong>fraudem</strong></span> <span class='ocrx_word' id='word_1_1021' title='bbox 2633 5357 2731 5414; x_wconf 76' lang='lat' dir='ltr'><strong>sub</strong></span> <span class='ocrx_word' id='word_1_1022' title='bbox 2757 5360 3016 5431; x_wconf 74' lang='lat' dir='ltr'><strong>speciosis</strong></span> <span class='ocrx_word' id='word_1_1023' title='bbox 3051 5358 3227 5414; x_wconf 82' lang='lat' dir='ltr'><strong>verbis</strong></span> <span class='ocrx_word' id='word_1_1024' title='bbox 3256 5357 3427 5431; x_wconf 75' lang='lat' dir='ltr'><strong>laten-</strong></span> 
     </span>
    </p>
   </div>
   <div class='ocr_carea' id='block_1_127' title="bbox 1833 5428 3437 5502">
    <p class='ocr_par' dir='ltr' id='par_1_127' title="bbox 1833 5428 3437 5502">
     <span class='ocr_line' id='line_1_127' title="bbox 1833 5428 3437 5502; baseline 0 -16"><span class='ocrx_word' id='word_1_1025' title='bbox 1833 5439 1938 5486; x_wconf 88' lang='lat' dir='ltr'><strong>tem</strong></span> <span class='ocrx_word' id='word_1_1026' title='bbox 1969 5445 2076 5486; x_wconf 86' lang='lat' dir='ltr'><strong>nou</strong></span> <span class='ocrx_word' id='word_1_1027' title='bbox 2102 5428 2284 5502; x_wconf 79' lang='lat' dir='ltr'><strong>neget.</strong></span> <span class='ocrx_word' id='word_1_1028' title='bbox 2344 5431 2475 5500; x_wconf 72' lang='lat' dir='ltr'><strong>Qua:</strong></span> <span class='ocrx_word' id='word_1_1029' title='bbox 2506 5440 2630 5487; x_wconf 90' lang='lat' dir='ltr'><strong>nota</strong></span> <span class='ocrx_word' id='word_1_1030' title='bbox 2659 5428 2801 5487; x_wconf 86' lang='lat' dir='ltr'><strong>male</strong></span> <span class='ocrx_word' id='word_1_1031' title='bbox 2829 5428 3044 5501; x_wconf 89' lang='lat' dir='ltr'><strong>quidem</strong></span> <span class='ocrx_word' id='word_1_1032' title='bbox 3073 5432 3124 5485; x_wconf 93' lang='lat' dir='ltr'><strong>in</strong></span> <span class='ocrx_word' id='word_1_1033' title='bbox 3153 5429 3437 5501; x_wconf 71' lang='lat' dir='ltr'><strong>prtedietis</strong></span> 
     </span>
    </p>
   </div>
   <div class='ocr_carea' id='block_1_128' title="bbox 1831 5502 3428 5559">
    <p class='ocr_par' dir='ltr' id='par_1_128' title="bbox 1831 5502 3428 5559">
     <span class='ocr_line' id='line_1_128' title="bbox 1831 5502 3428 5559; baseline -0.001 -1"><span class='ocrx_word' id='word_1_1034' title='bbox 1831 5502 1985 5558; x_wconf 88' lang='lat' dir='ltr'><strong>libris</strong></span> <span class='ocrx_word' id='word_1_1035' title='bbox 2028 5503 2202 5559; x_wconf 77' lang='lat' dir='ltr'><strong>locum</strong></span> <span class='ocrx_word' id='word_1_1036' title='bbox 2235 5504 2287 5558; x_wconf 91' lang='lat' dir='ltr'><strong>in</strong></span> <span class='ocrx_word' id='word_1_1037' title='bbox 2315 5510 2468 5559; x_wconf 81' lang='lat' dir='ltr'><strong>textu</strong></span> <span class='ocrx_word' id='word_1_1038' title='bbox 2489 5502 2759 5559; x_wconf 89' lang='lat' dir='ltr'><strong>obtinuit:</strong></span> <span class='ocrx_word' id='word_1_1039' title='bbox 2804 5503 2898 5557; x_wconf 90' lang='lat' dir='ltr'><strong>sed</strong></span> <span class='ocrx_word' id='word_1_1040' title='bbox 2944 5511 3122 5559; x_wconf 84' lang='lat' dir='ltr'><strong>tamen</strong></span> <span class='ocrx_word' id='word_1_1041' title='bbox 3169 5515 3274 5557; x_wconf 93' lang='lat' dir='ltr'><strong>non</strong></span> <span class='ocrx_word' id='word_1_1042' title='bbox 3305 5503 3428 5557; x_wconf 90' lang='lat' dir='ltr'><strong>sine</strong></span> 
     </span>
    </p>
   </div>
   <div class='ocr_carea' id='block_1_129' title="bbox 1831 5571 3427 5645">
    <p class='ocr_par' dir='ltr' id='par_1_129' title="bbox 1831 5571 3427 5645">
     <span class='ocr_line' id='line_1_129' title="bbox 1831 5571 3427 5645; baseline -0.001 -16"><span class='ocrx_word' id='word_1_1043' title='bbox 1831 5573 2024 5645; x_wconf 89' lang='lat' dir='ltr'><strong>injuria</strong></span> <span class='ocrx_word' id='word_1_1044' title='bbox 2058 5591 2085 5630; x_wconf 88' lang='lat' dir='ltr'><strong>a</strong></span> <span class='ocrx_word' id='word_1_1045' title='bbox 2113 5574 2297 5644; x_wconf 86' lang='lat' dir='ltr'><strong>Lipsio</strong></span> <span class='ocrx_word' id='word_1_1046' title='bbox 2322 5588 2545 5645; x_wconf 89' lang='lat' dir='ltr'><strong>prorsus</strong></span> <span class='ocrx_word' id='word_1_1047' title='bbox 2575 5587 2863 5645; x_wconf 84' lang='lat' dir='ltr'><strong>suppressa</strong></span> <span class='ocrx_word' id='word_1_1048' title='bbox 2910 5571 3035 5645; x_wconf 72' lang='lat' dir='ltr'><strong>fuit.</strong></span> <span class='ocrx_word' id='word_1_1049' title='bbox 3078 5572 3212 5628; x_wconf 89' lang='lat' dir='ltr'><strong>Cum</strong></span> <span class='ocrx_word' id='word_1_1050' title='bbox 3243 5582 3427 5630; x_wconf 89' lang='lat' dir='ltr'><strong>autem</strong></span> 
     </span>
    </p>
   </div>
   <div class='ocr_carea' id='block_1_130' title="bbox 1831 5643 3433 5716">
    <p class='ocr_par' dir='ltr' id='par_1_130' title="bbox 1831 5643 3433 5716">
     <span class='ocr_line' id='line_1_130' title="bbox 1831 5643 3433 5716; baseline -0.001 -14"><span class='ocrx_word' id='word_1_1051' title='bbox 1831 5643 1983 5716; x_wconf 82' lang='lat' dir='ltr'><strong>aeque</strong></span> <span class='ocrx_word' id='word_1_1052' title='bbox 2005 5643 2260 5716; x_wconf 78' lang='lat' dir='ltr'><strong>reSpiciat</strong></span> <span class='ocrx_word' id='word_1_1053' title='bbox 2289 5643 2478 5704; x_wconf 81' lang='lat' dir='ltr'><strong>omnes</strong></span> <span class='ocrx_word' id='word_1_1054' title='bbox 2505 5643 2816 5716; x_wconf 72' lang='lat' dir='ltr'><strong>Ancyranas</strong></span> <span class='ocrx_word' id='word_1_1055' title='bbox 2835 5643 3179 5701; x_wconf 89' lang='lat' dir='ltr'><strong>deﬁnitiones</strong></span> <span class='ocrx_word' id='word_1_1056' title='bbox 3206 5646 3433 5701; x_wconf 88' lang='lat' dir='ltr'><strong>inferius</strong></span> 
     </span>
    </p>
   </div>
   <div class='ocr_carea' id='block_1_131' title="bbox 1832 5716 3491 5789">
    <p class='ocr_par' dir='ltr' id='par_1_131' title="bbox 1832 5716 3491 5789">
     <span class='ocr_line' id='line_1_131' title="bbox 1832 5716 3491 5789; baseline 0 -16"><span class='ocrx_word' id='word_1_1057' title='bbox 1832 5723 2050 5785; x_wconf 88' lang='lat' dir='ltr'><strong>relatas;</strong></span> <span class='ocrx_word' id='word_1_1058' title='bbox 2078 5720 2266 5789; x_wconf 64' lang='lat' dir='ltr'><strong>primae</strong></span> <span class='ocrx_word' id='word_1_1059' title='bbox 2292 5718 2415 5774; x_wconf 92' lang='lat' dir='ltr'><strong>huic</strong></span> <span class='ocrx_word' id='word_1_1060' title='bbox 2437 5734 2542 5772; x_wconf 92' lang='lat' dir='ltr'><strong>non</strong></span> <span class='ocrx_word' id='word_1_1061' title='bbox 2574 5717 2824 5788; x_wconf 91' lang='lat' dir='ltr'><strong>postponi</strong></span> <span class='ocrx_word' id='word_1_1062' title='bbox 2851 5716 3056 5788; x_wconf 86' lang='lat' dir='ltr'><strong>debuit,</strong></span> <span class='ocrx_word' id='word_1_1063' title='bbox 3105 5716 3199 5773; x_wconf 85' lang='lat' dir='ltr'><strong>sed</strong></span> <span class='ocrx_word' id='word_1_1064' title='bbox 3254 5718 3434 5787; x_wconf 90' lang='lat' dir='ltr'><strong>potius</strong></span> <span class='ocrx_word' id='word_1_1065' title='bbox 3488 5722 3491 5725; x_wconf 69' lang='grc'>“</span> 
     </span>
    </p>
   </div>
   <div class='ocr_carea' id='block_1_132' title="bbox 1833 5789 3434 5861">
    <p class='ocr_par' dir='ltr' id='par_1_132' title="bbox 1833 5789 3434 5861">
     <span class='ocr_line' id='line_1_132' title="bbox 1833 5789 3434 5861; baseline -0.001 -16"><span class='ocrx_word' id='word_1_1066' title='bbox 1833 5791 2110 5858; x_wconf 82' lang='lat' dir='ltr'><strong>anteponi.</strong></span> <span class='ocrx_word' id='word_1_1067' title='bbox 2140 5789 2305 5861; x_wconf 89' lang='lat' dir='ltr'><strong>Magis</strong></span> <span class='ocrx_word' id='word_1_1068' title='bbox 2335 5790 2494 5845; x_wconf 89' lang='lat' dir='ltr'><strong>etiam</strong></span> <span class='ocrx_word' id='word_1_1069' title='bbox 2529 5790 2761 5859; x_wconf 89' lang='lat' dir='ltr'><strong>placeret</strong></span> <span class='ocrx_word' id='word_1_1070' title='bbox 2791 5805 2875 5843; x_wconf 84' lang='lat' dir='ltr'><strong>eos</strong></span> <span class='ocrx_word' id='word_1_1071' title='bbox 2894 5790 3033 5845; x_wconf 89' lang='lat' dir='ltr'><strong>solas</strong></span> <span class='ocrx_word' id='word_1_1072' title='bbox 3059 5831 3071 5844; x_wconf 95' lang='lat'><strong>.</strong></span> <span class='ocrx_word' id='word_1_1073' title='bbox 3107 5831 3119 5843; x_wconf 92' lang='lat'><strong>.</strong></span> <span class='ocrx_word' id='word_1_1074' title='bbox 3150 5830 3164 5844; x_wconf 93' lang='lat'><strong>.</strong></span> <span class='ocrx_word' id='word_1_1075' title='bbox 3210 5789 3434 5845; x_wconf 83' lang='lat' dir='ltr'><strong>delatas.</strong></span> 
     </span>
    </p>
   </div>
   <div class='ocr_carea' id='block_1_133' title="bbox 1905 5861 3434 5937">
    <p class='ocr_par' dir='ltr' id='par_1_133' title="bbox 1905 5861 3434 5937">
     <span class='ocr_line' id='line_1_133' title="bbox 1905 5861 3434 5937; baseline -0.001 -17"><span class='ocrx_word' id='word_1_1076' title='bbox 1905 5861 1980 5937; x_wconf 88' lang='lat' dir='ltr'><strong>(j)</strong></span> <span class='ocrx_word' id='word_1_1077' title='bbox 2002 5862 2147 5919; x_wconf 75' lang='lat' dir='ltr'><strong>Editi</strong></span> <span class='ocrx_word' id='word_1_1078' title='bbox 2167 5903 2181 5929; x_wconf 93' lang='lat'><strong>,</strong></span> <span class='ocrx_word' id='word_1_1079' title='bbox 2214 5873 2268 5917; x_wconf 82' lang='lat' dir='ltr'><strong>ut</strong></span> <span class='ocrx_word' id='word_1_1080' title='bbox 2292 5878 2404 5918; x_wconf 82' lang='lat' dir='ltr'><strong>vere</strong></span> <span class='ocrx_word' id='word_1_1081' title='bbox 2429 5863 2597 5935; x_wconf 85' lang='lat' dir='ltr'><strong>imago</strong></span> <span class='ocrx_word' id='word_1_1082' title='bbox 2622 5863 2708 5918; x_wconf 85' lang='lat' dir='ltr'><strong>sit.</strong></span> <span class='ocrx_word' id='word_1_1083' title='bbox 2747 5862 3071 5933; x_wconf 81' lang='lat' dir='ltr'><strong>Expressius</strong></span> <span class='ocrx_word' id='word_1_1084' title='bbox 3098 5876 3256 5930; x_wconf 91' lang='lat' dir='ltr'><strong>mss.,</strong></span> <span class='ocrx_word' id='word_1_1085' title='bbox 3286 5871 3337 5915; x_wconf 88' lang='lat' dir='ltr'><strong>ut</strong></span> <span class='ocrx_word' id='word_1_1086' title='bbox 3358 5863 3434 5920; x_wconf 86' lang='lat' dir='ltr'><strong>rei</strong></span> 
     </span>
    </p>
   </div>
   <div class='ocr_carea' id='block_1_134' title="bbox 2921 5953 2999 6015">
    <p class='ocr_par' dir='ltr' id='par_1_134' title="bbox 2921 5953 2999 6015">
     <span class='ocr_line' id='line_1_134' title="bbox 2921 5953 2999 6015; baseline 0 0"><span class='ocrx_word' id='word_1_1087' title='bbox 2921 5953 2999 6015; x_wconf 88' lang='grc'>16</span> 
     </span>
    </p>
   </div>
  </div>
