3996 6330
572 355 684 415 493

575 483 879 535 creaturam
908 485 1029 531 esse
1056 471 1152 528 Dei
1179 469 1347 527 ﬁlium
1384 467 1623 541 proﬁteri
1650 482 1799 536 ausa,
1829 469 2113 526 damnatur
2158 487 2172 522 :

572 569 698 643 quia
722 568 940 641 impiam
964 576 1227 624 creatura:
1269 579 1333 621 ex
1363 563 1533 620 nihilo
1570 564 1903 635 opinionem,
1928 562 2178 636 impassi-

576 661 671 718 bili
699 676 797 733 per
842 676 961 717 eam
1018 657 1094 732 (a)
1139 656 1438 713 divinitatis
1480 656 1809 727 perfectione
1855 666 2175 722 monstrata,

578 767 923 826 consequens
964 750 1227 824 professio
1274 748 1536 807 naturalis
1567 749 1930 822 generationis
1973 750 2178 806 exstin-

573 855 723 918 gnat.

647 940 737 997 Vl.
786 959 805 994 ι
851 938 988 997 Etsi
1018 938 1140 1012 quis
1170 938 1222 995 in
1247 936 1410 1003 Filio,
1447 936 1522 1010 (b)
1566 936 1740 994 Patris
1770 935 2174 993 similitudinem

577 1032 876 1093 secundum
910 1031 1205 1089 essentiam
1233 1030 1449 1104 quidem
1480 1031 1597 1101 ipso
1624 1027 1761 1085 Filio
1786 1028 2060 1086 revelantc
2082 1044 2178 1100 per

576 1129 695 1185 haec
721 1143 843 1200 qua:
882 1125 1014 1184 dicit
1053 1142 1068 1180 :
1117 1125 1267 1182 Sicut
1296 1125 1431 1180 enim
1473 1121 1633 1179 Pater
1658 1122 1806 1179 habet
1834 1124 1990 1178 vitam
2016 1125 2071 1177 in
2099 1138 2177 1179 se-

574 1221 811 1293 metipso,
841 1221 916 1277 sic
947 1230 992 1276 et
1034 1219 1173 1275 Filio
1218 1218 1360 1273 dedit
1398 1217 1582 1274 habere
1609 1218 1765 1273 vitam
1811 1218 1866 1272 in
1910 1217 2177 1291 semetipso

578 1312 756 1387 (Joan.
804 1330 860 1379 v,
906 1312 1036 1384 26);
1089 1312 1241 1384 juxta
1288 1309 1585 1368 efﬁcaciam
1625 1319 1803 1366 autem
1849 1325 1946 1382 per
1964 1324 2026 1366 ea
2056 1324 2177 1381 quae

573 1407 737 1465 docet
766 1424 778 1460 :
812 1407 941 1475 Qua:
970 1407 1105 1461 enim
1134 1404 1291 1460 Pater
1310 1404 1456 1476 facit,
1490 1403 1667 1460 eadem
1693 1414 1740 1459 et
1776 1402 1948 1458 Filius
1990 1401 2176 1458 simili.

573 1509 648 1557 ter
678 1500 803 1574 facit
835 1497 1027 1573 (lbid.,
1057 1496 1169 1570 19),
1190 1498 1357 1556 solam
1380 1496 1675 1555 secundum
1700 1495 1999 1555 efﬁcaciam
2024 1496 2176 1553 simi-

570 1594 855 1651 litudinem
883 1591 1211 1661 concedens,
1240 1591 1313 1665 (ε)
1336 1594 1487 1664 juxta
1519 1591 1809 1648 essentiam
1840 1605 1993 1658 vero,
2030 1588 2173 1662 quod

570 1696 658 1743 est
693 1684 1208 1758 principalissimum
1261 1682 1388 1740 fidei
1417 1691 1640 1749 nostrae,
1686 1680 1879 1737 Filium
1913 1680 2126 1738 fraudct
2157 1696 2171 1736 :

567 1784 718 1857 quasi
751 1783 1104 1855 semetipsum
1136 1780 1393 1837 fraudans
1423 1779 1503 1855 (ά)
1550 1779 1859 1853 cognitione
1887 1778 2012 1835 vita:
2043 1794 2172 1851 pcr-

566 1887 764 1949 pctuae,
806 1892 927 1950 quas
956 1889 1040 1935 est
1066 1876 1121 1933 in
1150 1876 1310 1933 Patre
1339 1883 1394 1931 et
1422 1873 1558 1932 Filio
1600 1893 1614 1930 :
1644 1873 1928 1931 anathema
1958 1872 2049 1930 sit.
2082 1891 2101 1927 ι

642 1971 730 2028 19.
780 1971 1001 2027 Virtutis
1028 1969 1313 2025 similitudo
1343 1986 1447 2024 non
1477 1977 1550 2025 est
1572 1968 1672 2023 nisi
1716 1984 1779 2023 ex
1809 1976 2008 2023 natura:
2036 1965 2180 2021 simi-

570 2065 807 2121 litudine.
849 2063 966 2122 Vita
1006 2064 1223 2121 essentia
1249 2063 1595 2136 signiﬁcatur.
1622 2092 1695 2103 —
1718 2061 1969 2118 Couclusi
2001 2060 2176 2117 lt:ch-

577 2157 669 2214 tici
700 2157 1099 2229 Scripturarum
1130 2156 1566 2225 auctoritatibus,
1598 2155 1700 2211 hoc
1726 2154 1899 2211 solum
1937 2154 2176 2211 tribuere

571 2250 750 2307 solent
771 2250 933 2316 Filio,
984 2258 1041 2306 ut
1066 2248 1212 2305 Patri
1246 2258 1448 2305 tantum
1480 2250 1677 2304 virtute
1725 2247 1917 2304 similis
1947 2249 2034 2315 sit,
2060 2245 2177 2303 adi-

561 2353 717 2400 munt
759 2355 937 2400 autem
987 2344 1034 2400 ei
1082 2342 1489 2399 similitudinem
1523 2350 1775 2397 naturm:
1817 2341 1967 2398 smiti
2014 2350 2175 2413 atque

557 2437 728 2510 impii,
760 2453 865 2494 non
897 2436 1269 2509 intelligentcs
1298 2450 1404 2490 non
1444 2435 1545 2489 nisi
1578 2450 1645 2490 ex
1678 2443 1883 2489 naturrc
1919 2434 2170 2489 similitu-

561 2530 690 2587 diue
736 2528 1147 2587 similitudinem
1203 2542 1324 2583 esse
1373 2527 1608 2582 virtutis.
1652 2525 1838 2597 Neque
1881 2527 2022 2583 enim
2068 2524 2169 2580 ali-

560 2625 777 2697 quando
819 2623 1045 2679 inferior
1096 2631 1307 2689 natura,
1336 2620 1632 2693 superioris
1664 2636 1691 2674 a
1725 2636 1785 2676 se
1834 2621 2171 2692 potiorisque

558 2727 769 2775 natura:
798 2719 1054 2774 virtutem
1104 2718 1476 2790 consequitur.
1525 2718 1629 2771 Aut
1678 2715 1804 2789 quid
1858 2715 1974 2771 iure
2024 2730 2173 2771 asse-

560 2819 746 2867 rentes
795 2810 864 2866 de
916 2810 1287 2880 omnipotente
1348 2809 1460 2863 Deo
1526 2815 1677 2879 patre
1733 2806 2165 2878 profitelmntur,

560 2900 608 2959 si
642 2901 716 2975 (e)
757 2902 938 2959 virtuti
991 2918 1103 2959 suae
1133 2902 1305 2957 virtus
1350 2908 1553 2955 natura:
1596 2899 1867 2955 inferioris
1888 2901 2169 2973 mquatur?

558 2991 676 3049 Non
706 2995 848 3050 enim
882 3005 1060 3064 potest
1115 2993 1320 3065 negari,
1368 2992 1495 3065 quin
1543 2992 1713 3048 Filius
1764 2990 1904 3048 idem
1951 2994 2163 3063 possit;

557 3104 679 3146 cum
709 3088 905 3145 dixerit
937 3110 951 3146 :
986 3088 1331 3157 Quaecumque
1357 3089 1481 3161 facit
1512 3087 1675 3161 472
1710 3085 1884 3153 Pater,
1915 3087 2095 3141 eadem
2119 3098 2166 3142 ct

559 3182 734 3239 Filius
777 3185 901 3255 facit
943 3185 1176 3239 similiter
1206 3181 1383 3255 (Ioan.
1431 3198 1481 3250 κ’,
1539 3181 1651 3255 ill).
1689 3182 1793 3238 Sed
1826 3180 2161 3236 similitudini

1772 347 2016 408 SANCTI
2055 346 2315 407 lllL‘ARIl
2375 348 2687 410 EPISCOPI

3713 362 3786 421 496

2204 475 2254 534 Α
2354 469 2467 527 VII.
2514 490 2534 525 t
2580 471 2647 528 Et
2688 471 2731 527 si
2780 471 2899 544 quis
2949 471 3162 530 Patrem
3211 480 3266 529 et
3312 473 3508 531 ‘F'ilium
3535 475 3715 534 credere
3747 497 3789 537 se

2279 567 2625 639 promittens,
2671 566 2886 624 Patrem
2936 566 3217 624 dissimilis
3244 568 3348 626 sibi
3378 571 3605 626 essentia:
3642 571 3697 645 (θ
3720 590 3788 644 pa-

2280 669 2414 716 trem
2464 658 2628 728 dicat,
2679 661 2775 718 sed
2828 661 3019 718 similis
3047 662 3334 730 efficaciae;
3366 663 3795 736 quasiprofanasct

2278 768 2447 811 novas
2475 767 2636 829 voces
2664 762 2853 811 contra
2883 754 3170 811 essentiam
3208 754 3331 811 Filii
3378 755 3604 828 loquens,
3629 766 3674 814 et
3695 760 3793 817 inte-

2278 847 2480 905 rimeus
2505 844 2582 919 (g)
2601 862 2730 904 vere
2757 847 2850 903 Dei
2878 847 3042 902 tilium
3068 862 3189 906 esse
3218 866 3232 904 :
3263 848 3538 905 anathema
3557 849 3634 906 sit.
3659 870 3675 904 ι

2349 941 2438 997 20.
2484 939 2727 996 Ilwretici
2741 940 2916 997 dolose
2935 939 3140 997 Patrem
3158 951 3205 998 et
3230 941 3275 997 F
3276 942 3425 997 ilium
3440 944 3712 1013 conﬁtentes.
3727 946 3798 1001 Re~

2278 1032 2527 1106 falluntur
2548 1033 2656 1089 Fili
2662 1051 2745 1089 um
2759 1044 3000 1107 negantes
3011 1052 3042 1089 a
3057 1034 3216 1091 Patre
3229 1035 3395 1091 alium
3412 1034 3473 1092 ob
3490 1036 3801 1094 similitudinem

2279 1137 2496 1183 naturw.
2514 1158 2585 1169 --
2595 1127 2847 1185 Confusis
2875 1128 3264 1203 permixtisque
3277 1129 3459 1188 verbis
3472 1129 3712 1187 veritatem
3726 1130 3801 1188 frc-

2277 1220 2628 1295 qnentissime
2656 1220 2899 1278 lucretici
2941 1222 3191 1291 eludunt,
3223 1232 3278 1279 et
3328 1223 3646 1281 incautorum
3687 1239 3803 1281 aures

2282 1317 2646 1373 communium
2674 1315 3061 1373 vocabulorum
3089 1332 3228 1376 sono
3269 1317 3507 1391 capiunt,
3550 1318 3728 1376 Patrem
3766 1328 3803 1376 et

2278 1407 2472 1466 Filium
2504 1410 2635 1466 solis
2661 1410 2992 1479 nominibus,
3019 1427 3126 1469 non
3153 1410 3316 1469 etiam
3340 1427 3435 1484 per
3472 1412 3719 1471 veritatem
3740 1428 3807 1468 na-

2279 1505 2466 1563 turalis
2489 1507 2823 1578 etgeuuinat
2862 1508 3114 1565 essenticc
3147 1507 3502 1579 praadicantes
3542 1526 3556 1563 :
3586 1508 3689 1580 quia
3726 1524 3809 1563 om-

2278 1597 2425 1655 nium
2453 1600 2788 1656 creationum
2829 1600 3004 1657 sciant
3027 1600 3131 1657 diei
3163 1599 3332 1658 Deum
3382 1609 3608 1673 patrem,
3636 1609 3682 1659 et
3701 1616 3809 1657 sanc-

2280 1701 2363 1751 tos
2403 1709 2648 1767 quosque
2691 1696 2989 1768 nuncupari
3034 1696 3384 1754 meminerint
3428 1697 3521 1754 Dei
3563 1696 3702 1753 ﬁlios.
3727 1697 3808 1766 Quo

2280 1784 2532 1859 exemplo
2551 1789 2771 1846 Patrem
2800 1799 2856 1846 et
2886 1789 3082 1846 Filium
3104 1791 3403 1849 secundum
3433 1791 3709 1848 communia
3730 1790 3812 1845 uni-

2210 1882 2258 1944 B
2288 1883 2562 1939 versitatis
2582 1882 2799 1938 nomina
2819 1883 3182 1952 conﬁtentur;
3212 1894 3274 1942 ut
3299 1884 3465 1943 Pater
3502 1896 3554 1943 et
3590 1884 3731 1941 Filius
3758 1884 3812 1939 di-

2282 1985 2474 2032 cantur
2504 1974 2704 2048 potius,
2733 1991 2894 2048 quam
2932 1978 3063 2034 sint.
3094 1977 3535 2047 Dicunturenim,
3571 1994 3666 2035 non
3691 1980 3807 2036 etiam

2280 2077 2424 2135 sunt,
2458 2069 2500 2125 si
2551 2069 2603 2125 in
2633 2068 2718 2126 his
2746 2069 3047 2128 differentis
3093 2072 3347 2131 essentia:
3401 2072 3627 2130 discreta
3673 2084 3811 2129 natura

2279 2172 2400 2220 est:
2428 2178 2550 2219 cum
2587 2180 2692 2220 non
2725 2165 2897 2236 possit
2928 2166 3137 2237 paterni
3167 2166 3402 2222 nominis
3431 2167 3622 2223 veritas
3649 2164 3731 2221 nisi
3761 2182 3807 2221 ex

2279 2265 2486 2313 naturae
2506 2274 2619 2314 sure
2647 2259 2905 2331 progenie
2931 2258 3154 2331 acquiri.
3184 2259 3340 2316 Pater
3358 2260 3538 2331 itaque
3560 2273 3653 2315 non
3681 2266 3813 2329 potest

2276 2350 2467 2407 alienm
2492 2367 2521 2406 a
2550 2366 2610 2410 se
2635 2368 2699 2408 ac
2726 2352 3009 2409 dissimilis
3035 2352 3352 2408 substantia
3391 2363 3545 2425 pater
3570 2352 3692 2417 dici;
3724 2350 3812 2421 quia

2277 2441 2527 2499 uativitas
2568 2443 2805 2515 perfecta
2859 2459 2965 2500 non
2994 2443 3187 2501 habeat
3213 2444 3565 2501 dissidentem
3595 2441 3813 2514 originalis

2275 2539 2591 2596 substantizc
2621 2539 3009 2597 diversitatem.
3034 2538 3366 2611 Repudiatur
3390 2556 3521 2612 ergo
3550 2538 3655 2595 haec
3682 2537 3813 2595 omnis

2276 2634 2548 2704 impietas,
2620 2649 2739 2705 quae
2801 2633 3018 2689 Patrem
3076 2648 3183 2689 non
3255 2633 3552 2690 secundum
3621 2640 3809 2688 naturam

2272 2745 2423 2785 suam
2453 2728 2532 2800 (Ιι)
2558 2728 2722 2799 geniti
2753 2744 2817 2783 ex
2871 2743 2932 2784 se
2975 2727 3069 2782 ﬁlii
3124 2735 3327 2797 patrem
3377 2728 3634 2800 loquatur.
3681 2723 3814 2795 Neque

2272 2823 2414 2878 enim
2441 2839 2535 2893 per
2575 2821 2624 2876 id
2656 2830 2805 2892 pater
2836 2821 3046 2877 dicetur
3074 2821 3232 2888 Deus,
3263 2819 3310 2876 si
3330 2819 3529 2877 habeat
3555 2817 3713 2875 virtuti
3749 2825 3805 2869 at-

2269 2933 2373 2989 que
2395 2916 2648 2971 efﬁcacia:
2676 2932 2788 2971 sum
2812 2916 3044 2972 similem
3074 2915 3408 2972 creationem
3438 2933 3451 2981 ;
3483 2913 3573 2971 sed
3594 2915 3634 2970 si
3659 2925 3809 2985 gentico

2270 3007 2338 3063 rit
2367 3026 2468 3063 non
2493 3007 2770 3063 dissimilis
2797 3019 2956 3078 atque
2975 3008 3164 3064 alienae
3187 3024 3215 3063 a
3239 3024 3297 3064 se
3318 3008 3570 3065 essentia:
3588 3014 3812 3060 naturam:

2269 3101 2391 3170 quia
2419 3100 2785 3157 diversitatem
2817 3110 3058 3171 pateram
3101 3110 3302 3156 natura:
3340 3099 3591 3155 nativitas
3617 3096 3816 3153 naturalis

2270 3210 2374 3251 non
2404 3195 2617 3266 recipit.
2638 3196 2811 3267 Atque
2840 3196 2908 3249 ob
2940 3196 2989 3251 id
3017 3196 3298 3252 anathema
3320 3206 3469 3264 sunt,
3494 3196 3578 3269 qui
3598 3192 3732 3266 473
3748 3192 3815 3269 Ριξ

557 3278 775 3334 virtutis
817 3285 1020 3332 natura:
1056 3275 1351 3332 similitudo
1379 3273 1650 3342 succedit,
1681 3292 1801 3331 eum
1834 3275 1960 3331 dicit
1992 3294 2003 3327 :
2035 3276 2157 3330 Sic-
2188 3276 2234 3339 C
2271 3301 2405 3346 "em
2435 3298 2679 3345 ηεςρττιηι
2719 3289 2997 3344 dissimilis
3028 3287 3128 3344 sibi
3153 3295 3360 3344 natum
3391 3267 3595 3360 patrem
3621 3301 3722 3343 esse
3743 3301 3753 3336 ;
3778 3267 3817 3336 ul

558 3381 620 3426 ut
673 3370 821 3425 habet
865 3368 1023 3424 Pater
1050 3370 1207 3424 vitam
1245 3370 1299 3424 in
1338 3386 1410 3437 sc,
1448 3371 1520 3423 ita
1563 3379 1608 3423 et
1643 3367 1783 3424 Filio
1825 3370 1965 3425 dedit
2009 3369 2164 3423 vitam

561 3463 747 3519 habere
774 3464 828 3518 in
862 3465 1131 3536 semetipso
1165 3462 1352 3534 (Ibid.,
1374 3463 1490 3536 “26).
1525 3463 1583 3519 In
1615 3464 1744 3531 vita,
1771 3473 1975 3521 natura:
2001 3472 2055 3521 et
2080 3478 2166 3521 cs-

573 3558 764 3614 sentiac
787 3556 1105 3627 signiﬁcatio
1132 3565 1250 3612 est:
1285 3573 1404 3627 qum
1435 3556 1574 3612 sicut
1620 3557 1867 3624 habetur,
1927 3558 1997 3613 ita
2042 3558 2164 3613 data

570 3665 699 3708 esse
726 3649 950 3706 docetur
978 3649 1043 3705 ad
1089 3648 1417 3705 habendum.
1452 3649 1620 3706 Tenet
1655 3666 1784 3722 ergo
1830 3651 1952 3706 vita:
1981 3651 2170 3707 simili-

563 3744 699 3801 tudo
725 3743 936 3800 virtutis
960 3743 1368 3799 similitudinem
1400 3743 1735 3799 :simiiitndo
1777 3743 1921 3801 enim
1952 3745 2169 3800 virtutis

562 3854 674 3896 non
708 3847 886 3911 potest
921 3852 1041 3895 esse
1068 3837 1345 3895 dissimilis
1374 3848 1602 3894 naturae.
1629 3841 1805 3911 Atque
1845 3840 1916 3895 ita
1946 3853 2168 3896 necesse

560 3941 670 4001 est,
715 3941 773 3988 ut
823 3931 1077 3990 essentia:
1122 3930 1418 3988 similitudo
1483 3931 1699 3989 virtutis
1751 3932 2160 3989 similitudinem

566 4035 933 4099 consequatur
961 4043 975 4081 :
1010 4027 1132 4098 quia
1149 4026 1291 4082 sicut
1315 4040 1379 4082 ea
1401 4040 1521 4098 quae
1541 4025 1703 4081 Pater
1724 4024 1875 4094 facit,
1897 4024 2086 4083 eadem
2114 4033 2169 4083 et

563 4121 735 4177 Filius
761 4121 889 4178 facit
920 4138 934 4175 :
962 4120 1037 4175 ita
1057 4122 1198 4176 sicut
1226 4119 1435 4175 habens
1459 4120 1622 4175 vitam
1652 4120 1835 4187 Pater,
1860 4120 1939 4176 sic
1966 4118 2169 4177 haben-

561 4211 687 4270 dam
716 4212 853 4268 Filio
874 4212 1022 4268 dedit
1044 4212 1229 4267 vitam.
1253 4209 1659 4268 Condemnatur
1679 4226 1808 4283 ergo
1839 4211 2019 4282 impia:
2042 4225 2166 4282 pro-

564 4304 820 4363 fessionis
844 4307 1143 4374 temeritas,
1189 4321 1310 4377 qum
1342 4306 1557 4361 virtutis
1600 4305 2005 4363 similitudinem
2033 4319 2168 4363 con-

568 4401 753 4468 ﬁtens,
785 4399 1279 4456 dissimilitudinem
1310 4414 1440 4455 ausa
1471 4399 1543 4456 sit
1571 4399 1871 4470 praedicare
1909 4410 2116 4457 natura:
2148 4418 2163 4458 :

567 4507 693 4550 cum
720 4493 1030 4566 principalis
1063 4494 1177 4565 spei
1223 4501 1423 4549 nostra:
1462 4492 1595 4550 fides
1636 4496 1725 4561 sit,
1773 4495 2166 4554 indifferentem

566 4584 625 4643 in
657 4586 816 4643 Patre
843 4594 899 4644 et
920 4585 1056 4644 Filio
1083 4585 1383 4643 divinitatis
1405 4585 1757 4643 substantiam
1788 4588 2056 4647 conﬁteri.

642 4770 1421 4860 (a).gifupgprlc,professionem,
1478 4773 1789 4860 vcl_._vocem
1828 4790 1931 4845 qua
1980 4774 2168 4833 nititur
2194 4779 2246 4842 D
2271 4777 2609 4860 damnantur
2636 4784 2726 4856 qui
2759 4784 2946 4860 volunt
2980 4783 3193 4844 Patrem
3219 4786 3446 4860 gignere
3471 4804 3535 4846 ac
3573 4792 3819 4860 paterae?
3916 4830 3917 4859 ἶ

566 4844 828 4919 Publii“?
857 4844 1251 4919 Opilllojmllia,
1272 4852 1401 4919 putt!
1425 4845 1612 4919 creavit
1641 4863 1739 4900 me.

645 4916 723 4990 (b)
756 4915 853 4971 Hic
878 4912 1207 4990 post_Pat_ris
1236 4916 1623 4990 similitudinem
1657 4918 1874 4988 (grmcc,
1912 4922 2042 4990 πρὸς
2078 4922 2163 4979 τὸν

564 4978 758 5063 {adrisit
776 4978 1322 5063 gaiipabpoeémra),
1353 4978 1710 5057 supplendum
1738 4992 1835 5045 sibi
1856 4978 1981 5048 ἔδεέ.

645 5061 723 5131 (c)
763 5058 972 5116 Clarius
1005 5058 1103 5131 hoc
1127 5059 1195 5112 ita
1238 5063 1607 5131 entmtiarelttt'
1641 5077 1653 5112 :
1703 5063 2037 5120 similitudine
2073 5084 2167 5121 au-

567 5130 833 5202 temjttxla
856 5130 1144 5202 essentiam.
1170 5130 1306 5198 σιμοί(
1326 5140 1399 5184 est
1428 5132 1932 5197 principalissimnm,
1962 5149 2061 5189 om,

646 5200 726 5277 td)
767 5203 886 5261 Er..
920 5202 1059 5257 Mira.
1090 5200 1233 5270 Lips.
1262 5212 1311 5256 et
1340 5202 1481 5261 ναν..
1526 5207 1821 5273 cogitatione
1871 5225 1887 5261 :
1932 5212 2090 5275 male,
2115 5220 2174 5263 ut

571 5277 911 5347 perspicuum
941 5284 1112 5328 estex
1135 5288 1312 5342 grazeo
1343 5288 1611 5347 sermone,
1647 5282 1714 5336 5},-
1740 5278 1911 5334 ἑαυτὸν
1949 5284 2171 5339 sums-

570 5359 670 5423 ρῶν
694 5346 787 5408 ἑῆς
816 5350 866 5401 ἐν
890 5349 1071 5419 primat
1094 5346 1287 5421 Πατρὸξ
1310 5350 1388 5397 ναὶ
1416 5346 1528 5399 tia-'1
1559 5350 1759 5403 αἰωνίου
1795 5356 1923 5414 ipsa;
1969 5371 1978 5403 :
2014 5370 2169 5422 quem

575 5417 750 5476 minus
770 5417 991 5493 confuse
1013 5417 1243 5472 reddere
1273 5417 1349 5469 sit‘
1379 5419 1556 5493 liceret
1580 5434 1606 5493 ;_
1625 5428 1884 5493 tamquam
1922 5441 1972 5475 se
2004 5417 2165 5493 ipsum

565 5493 814 5559 fraudans
844 5491 945 5545 vita
977 5500 1185 5551 ceterna,
1217 5504 1331 5560 qua?
1380 5490 1430 5541 in
1459 5490 1745 5557 cognitione
1786 5491 1958 5547 Patris
1990 5490 2033 5550 et
2062 5494 2157 5548 Fi-

570 5563 628 5616 lii
649 5564 748 5617 sita
767 5572 862 5625 est,
892 5565 1039 5632 juxta
1061 5560 1223 5617 verba
1250 5561 1409 5616 Joan.
1433 5576 1562 5626 xvu,
1609 5563 1659 5615 5.

638 5634 708 5772 2e)
752 5633 914 5698 Editi,
945 5634 1146 5687 virtutis
1175 5648 1281 5687 suae
1303 5648 1322 5686 :
1350 5632 1627 5687 mendose.

668 5703 720 5772 ι’)
765 5704 903 5759 Editi
927 5706 1011 5760 hic
1036 5721 1142 5759 non
1165 5713 1416 5772 repetunt
1441 5714 1627 5772 patrem

668 5703 720 5781 ί)
765 5704 903 5759 Editi
927 5706 1142 5781 b_ic_non
1165 5713 1416 5781 repetunt
1441 5714 1638 5776 patrem
1666 5721 1681 5759 :
1717 5715 1965 5781 etnantca
2011 5708 2159 5781 Lips.

566 5785 620 5831 et
655 5775 771 5830 Par.
819 5775 1133 5831 vocabulum
1163 5777 1261 5830 sibi
1296 5775 1735 5848 suppresserunt.
1770 5775 2164 5838 licstauraniur

559 5861 665 5927 ope
695 5860 827 5927 mss.
859 5855 910 5901 et
939 5861 1007 5900 ex
1032 5852 1387 5927 grtec0,___z_6v
1411 5850 1628 5927 naui-ipa
1672 5856 1743 5924 μή
1777 5852 1951 5927 οὐςίας
1985 5852 2162 5927 apale;

558 5921 723 5977 αὐτθῦ
776 5918 911 5994 λέγοι
957 5918 1179 5997 πατέρα,
1225 5920 1353 5978 ἀλλὰ
1404 5918 1705 6001 iuta/sieta:
1750 5924 1947 5996 quibus
1986 5918 2164 5983 verbis

2268 3396 2336 3439 ex
2365 3382 2475 3437 Deo
2504 3380 2644 3436 aliud
2668 3395 2829 3451 quam
2862 3380 3008 3437 Deus
3038 3388 3197 3436 natus
3220 3382 3312 3446 sit,
3368 3390 3425 3438 et
3473 3386 3652 3453 putent
3681 3389 3817 3433 essen-

2269 3476 2397 3533 tiam
2421 3476 2595 3532 Patris
2625 3492 2656 3532 a
2685 3491 2743 3532 se
2768 3477 2819 3530 in
2852 3473 2990 3531 Filio
3020 3475 3384 3547 degenerasse
3426 3472 3694 3548 gignendo.
3720 3468 3814 3526 Per-

2268 3571 2442 3628 imttut
2481 3571 2650 3636 enim,
2683 3580 2942 3642 quantum
2976 3570 3028 3626 in
3072 3584 3136 3627 se
3166 3580 3271 3639 est,
3310 3570 3486 3641 ipsam
3532 3570 3664 3625 illam
3684 3565 3818 3620 innas-
3916 3565 3917 3627 ᾗ

2272 3663 2490 3720 cibilem
2521 3663 2696 3721 Patris
2724 3672 2778 3720 ct
2818 3663 3259 3721 indemutabilem
3302 3664 3630 3728 essentiam,
3659 3661 3713 3729 (ἱ)
3752 3653 3813 3727 qui

2275 3756 2392 3813 ausi
2424 3766 2549 3812 sunt
2577 3756 2626 3813 ei
2660 3757 2713 3811 in
2744 3755 3018 3829 Unigeuiti
3045 3759 3128 3817 sui
3156 3757 3444 3814 nativitatc
3483 3746 3819 3813 dissimilitudi-

2276 3863 2400 3906 nem
2432 3848 2774 3920 degenerattc
2794 3849 3045 3905 essentite
3073 3849 3331 3905 naturalis
3362 3850 3627 3922 ingerere.

2350 3941 2482 4000 Vill.
2518 3960 2536 3995 ι
2573 3942 2636 3998 Et
2658 3942 2700 3998 si
2731 3943 2851 4013 quis
2877 3942 3183 4015 intelligens
3209 3941 3288 4017 (j)
3318 3942 3557 4000 similem
3578 3936 3811 3998 secundum

2274 4036 2562 4094 essentiam
2593 4035 2791 4092 Filium
2842 4036 2982 4106 ejus,
3029 4036 3184 4108 cujus
3237 4045 3293 4095 ct
3325 4036 3479 4095 ﬁlius
3531 4034 3819 4107 intelligitur;
3916 4032 3917 4109 ἓ

2275 4130 2524 4188 eumdem
2554 4130 2744 4187 dicens
2797 4130 2993 4187 Filium
3037 4146 3194 4204 quem
3238 4130 3484 4200 Patrem,
3538 4140 3623 4188 aut
3668 4136 3819 4200 partem

2275 4210 2476 4292 Patris,
2502 4233 2595 4280 aut
2616 4240 2713 4297 per
2737 4225 3138 4282 emanationem
3169 4234 3263 4281 aut
3282 4225 3524 4299 aliquam
3546 4222 3819 4298 passionem,

2271 4316 2729 4389 quemadmodum
2795 4318 3107 4389 corporales
3172 4318 3355 4387 ﬁlios,
3441 4319 3511 4376 ab
3555 4308 3819 4388 ineorporali

2272 4408 2433 4465 Patre
2463 4409 2860 4482 incorporalem
2892 4408 3090 4466 Filium
3119 4410 3511 4469 subsistentem
3537 4429 3552 4469 :
3581 4406 3816 4467 anathema

2271 4500 2364 4558 sit.
2397 4521 2417 4556 ι

2343 4594 2435 4648 21.
2460 4593 2693 4653 Cavetur
2721 4595 2774 4653 in
2801 4597 3055 4655 omnibus
3078 4595 3365 4657 adversum
3389 4598 3708 4673 singularum
3730 4606 3818 4665 pete
3916 4616 3917 4627 ι

2270 4853 2501 4909 sentiam
2529 4856 2611 4910 sui
2648 4853 2753 4913 non
2796 4858 3049 4914 similem.
3221 4853 3246 4860 ⁷
3276 4853 3303 4860 ⁷
3573 4853 3588 4860 ’
3754 4900 3758 4903 η

2293 4993 2318 5014 ν
2342 4924 2572 5014 (9)“8ἰς“
2597 4943 2725 5014 mss.
2781 4932 3155 5014 consentiente
3203 4947 3417 5014 graec,
3452 4918 3820 5014 ἀναίρωντό

2269 4998 2396 5055 εἶναι
2419 4998 2608 5061 ἀληθῶς
2629 4999 2761 5056 Υὶόν.
2790 5002 2861 5056 At
2886 5004 3091 5070 excusi,
3120 4998 3295 5058 verum
3319 4998 3417 5060 Dei
3448 5003 3655 5059 Filium.
3682 4998 3693 5007 ⁷
3916 5010 3917 5025 ‘

2344 5092 2425 5172 (lt)
2460 5093 2574 5172 lin,
2606 5093 2749 5172 Lips.
2783 5104 2838 5172 et
2861 5095 3009 5163 Par.,
3033 5098 3291 5172 genitiqtte
3311 5116 3376 5155 ea:
3408 5116 3465 5154 se
3500 5117 3519 5153 :
3548 5098 3819 5172 castigantur
3916 5116 3917 5127 ι

2276 5182 2336 5216 ex
2371 5164 2499 5218 lini.
2524 5180 2571 5220 ci
2605 5164 2901 5235 potioribus
2926 5164 3054 5223 nisi
3088 5164 3213 5223 Mox'
3230 5173 3511 5227 vocabulis
3534 5170 3664 5225 Deus
3679 5164 3729 5223 et
3755 5182 3821 5231 μα’
3916 5202 3917 5235 ;

2279 5244 2351 5289 ter
2381 5239 2496 5291 loco
2525 5240 2763 5303 nttttatis,
2796 5242 2990 5295 clarior
3013 5242 3091 5297 sic
3111 5240 3423 5300 efﬁceretur
3453 5246 3620 5298 oratio
3645 5259 3657 5291 τ
3685 5238 3817 5293 Nec!"

2277 5307 2404 5359 enim
2436 5324 2522 5376 per
2547 5312 2597 5361 id
2628 5309 2763 5364 Dens
2788 5312 2981 5367 dicetur
3006 5321 3168 5381 pater,
3201 5315 3263 5380 si,
3299 5324 3404 5369 etc.

2344 5406 2407 5479 ei}
2565 5419 2692 5479 mss.
2738 5405 2875 5461 liditi
2914 5423 3061 5465 vero.
3098 5413 3215 5479 quia
3258 5419 3367 5465 ausi
3421 5423 3540 5467 sunt
3593 5412 3639 5462 in
3684 5406 3818 5470 unigt-
3916 5418 3917 5479 ᾖ

2271 5473 2365 5525 uiti
2388 5478 2467 5528 sui
2490 5477 2821 5532 nativitatem.

2345 5565 2424 5640 (j)
2452 5566 2626 5624 Minus
2673 5569 2903 5628 obscura
2939 5586 3098 5631 erunt
3155 5575 3272 5634 lucc
3298 5578 3372 5633 ita
3419 5564 3823 5640 ordinatazlitsi

2269 5641 2383 5707 quis
2430 5640 2717 5713 intelligens
2750 5642 2949 5699 Filium
3006 5648 3285 5704 secundum
3328 5651 3597 5706 essentiam
3647 5639 3822 5713 simil“

2268 5713 2406 5836 eg‘ns,
2440 5711 2609 5782 cujus
2630 5722 2679 5769 et
2727 5715 2872 5785 ﬁlius
2929 5718 3281 5792 intelligitur;
3322 5732 3417 5777 aut
3456 5719 3674 5777 eumdem
3716 5711 3821 5765 δέεαι

2270 5784 2289 5836 (
2313 5782 2477 5836 .a'vod.
2518 5794 2607 5836 aut
2636 5796 2835 5836 martem
2866 5785 3063 5836 Patris-
3090 5792 3178 5836 nhi
3229 5794 3281 5836 in
3328 5794 3562 5836 vulgatis
3587 5785 3818 5836 mndOSﬁ.

2270 5782 2477 5865 (λέγοι),
2518 5794 2607 5839 aut
2629 5782 2835 5865 partem
2851 5785 3065 5865 fati-is,
3090 5782 3179 5849 ubi
3229 5782 3281 5849 in
3328 5785 3818 5865 vulgatisimendogg

2269 5864 2360 5908 aut
2382 5864 2578 5925 patrem

2269 5942 2360 6001 per
2383 5929 2800 6001 enuntiationem,
2838 5947 2942 5989 non
2972 5944 3065 5990 aut
3109 5952 3200 6011 per
3226 5938 3615 5995 enaunationent.

2668 5859 2817 5915 atris.
2851 5859 2985 5916 Tum
3028 5858 3080 5919 in
3110 5880 3244 5922 mss.
3272 5858 3521 5923 (lolbfet
3547 5864 3731 5925 Germ.
3753 5858 3821 5907 ακί
3916 5906 3917 5909 η
