3996 6330
184 328 278 389 497
917 323 1123 382 LIBER
1170 323 1260 382 DE
1304 320 1620 393 SYNODIS,
1651 324 1787 384 SEU
1827 326 1918 384 DE
1954 328 2114 389 FIDE
2152 329 2651 391 ORIENTALIUM.

3352 342 3461 401 498

182 445 469 504 versitatnm
495 441 645 509 vitia,
681 456 855 513 neque
907 442 1122 496 occasio
1171 439 1375 496 fraudis
1418 439 1745 497 admittitur.
1776 446 1832 505 Α
1924 441 2018 499 25.
2071 442 2238 511 Quam
2284 456 2430 504 caute
2483 449 2601 506 duae
2642 452 2860 508 Iiwreses
2909 463 3090 510 contra
3142 453 3242 511 Dei
3289 457 3459 527 ﬁlium

183 544 353 601 Plures
374 538 515 595 enim
546 537 922 594 hmreticorum
956 536 1157 592 idcirco
1185 536 1416 592 similem
1457 534 1755 592 secundum

179 637 488 696 divinitatem
516 647 640 690 esse
691 632 838 689 Patri
864 631 1061 688 Filium
1091 632 1296 699 dicunt,
1349 638 1408 686 ut
1435 644 1533 702 per
1560 628 1755 686 simili-

180 731 362 789 tudinis
406 727 790 800 proprietatem
840 726 1093 783 eumdem
1148 726 1361 782 Patrem
1417 739 1539 782 esse
1592 740 1753 797 quem

176 825 352 882 Filium
395 820 717 878 conﬁrment
753 838 768 877 :
799 820 923 890 quia
975 818 1265 874 indiscreta
1326 817 1623 874 similitudo
1653 816 1752 874 ad-

176 920 372 977 mittere
413 915 658 972 videatur
719 914 864 971 unici
908 929 973 971 ac
1020 911 1312 984 singularis
1383 911 1748 968 occasionem.

174 1011 310 1085 Quod
346 1009 487 1068 enim
517 1024 625 1067 non
669 1008 922 1066 dissentit
968 1007 1021 1064 in
1069 1022 1290 1080 genere,
1344 1006 1397 1063 id
1437 1006 1648 1063 videtur
1693 1006 1748 1063 in

173 1107 351 1163 unione
381 1118 601 1160 manere
627 1112 855 1159 naturae.

232 1200 317 1256 22.
346 1197 518 1254 Filius
548 1214 608 1254 eo
658 1198 798 1270 quod
826 1206 997 1264 natus,
1031 1213 1125 1252 nec
1160 1196 1271 1267 ipse
1312 1195 1401 1263 qui
1429 1192 1609 1262 Pater,
1657 1209 1749 1249 nec

171 1294 300 1351 aliud
340 1309 495 1365 quam
535 1290 713 1348 Pater.
746 1289 947 1347 Filium
972 1308 1004 1346 a
1042 1289 1204 1346 Patre
1242 1289 1392 1345 aliud
1409 1288 1652 1354 volentes,
1684 1286 1746 1343 ob

176 1387 534 1444 distinctionem
576 1383 1050 1458 persona—Sed
1085 1383 1339 1440 nativitas
1382 1397 1489 1438 non
1514 1379 1750 1437 admittit

171 1482 295 1537 hanc
327 1478 606 1545 fabulam;
647 1476 775 1549 quia
827 1477 958 1534 unio
1011 1492 1117 1533 non
1167 1474 1334 1532 habet
1383 1472 1744 1530 nativitatem.

1860 549 2231 610 peremplw.——
2244 541 2454 598 Dictum
2485 544 2550 600 ad
2576 547 2864 617 Apostolus
2885 546 3100 603 Domini
3125 556 3247 605 est:
3277 547 3457 607 Estote

1858 632 2134 703 prudentes
2162 646 2219 690 ut
2257 647 2374 692 sunt
2425 650 2703 712 serpentes,
2736 652 2783 697 et
2826 643 3082 716 simplices
3124 653 3180 700 ut
3208 646 3459 704 columbae

1860 723 2101 798 (Matt/u,
2132 743 2187 795 x,
2207 727 2320 802 l6).
2362 730 2467 786 Per
2496 733 2639 804 quod
2668 733 3047 793 dissidentium
3073 752 3104 792 a
3126 754 3186 794 se
3213 741 3459 796 animan-

1857 819 1987 875 tium
2022 820 2199 878 inesse
2248 823 2404 881 nobis
2455 827 2629 882 voluit
2678 837 2930 884 naturam
2959 845 2973 883 :
3008 829 3104 886 sed
3128 831 3221 899 ita,
3250 840 3312 888 ut
3341 847 3458 890 ser-

1856 913 2130 984 pentinam
2178 916 2519 987 prudentiam
2562 919 2827 977 columba:
2880 922 3197 995 simplicitas
3244 934 3457 997 tempe-

1854 1015 2019 1075 raret,
2050 1016 2105 1063 et
2158 1007 2562 1080 simplicitatem
2609 1012 2877 1069 columbae
2906 1015 3191 1086 prudentia
3231 1032 3459 1091 serpen-

1853 1098 1923 1154 tis
1963 1099 2301 1169 instrueret;
2340 1102 2599 1174 ﬁeretque
2622 1114 2677 1161 et
2704 1105 2933 1177 simplex
2974 1107 3259 1179 sapientia,
3291 1119 3349 1166 et
3370 1125 3461 1166 sa-

1852 1191 2008 1263 piens
2055 1193 2376 1271 simplicitas
2405 1211 2418 1248 :
2447 1195 2591 1267 quod
2646 1206 2973 1269 praeceptum
3027 1198 3082 1256 in
3119 1198 3282 1271 hujus
3326 1200 3456 1259 ﬁdei

1851 1288 2189 1359 expositione
2214 1299 2484 1347 servatum
2515 1300 2618 1349 est.
2662 1292 2905 1367 Namque
2929 1310 3051 1352 cum
3075 1298 3343 1368 superior,
3375 1297 3447 1354 de

1849 1396 1957 1453 qua
1983 1381 2149 1439 locuti
2179 1396 2390 1453 sumus,
2423 1386 2697 1442 sententia
2735 1386 2790 1443 id
2842 1389 3098 1457 cavisset,
3131 1406 3220 1455 ne,
3252 1406 3349 1461 per
3377 1392 3457 1447 si-

1850 1473 2210 1534 militudinem
2238 1477 2513 1546 essentiaz,
2538 1479 2843 1550 personalis
2866 1479 2995 1536 unio
3027 1481 3452 1551 praedicaretur;

168 1571 306 1643 Quod
330 1571 476 1628 enim
515 1580 702 1628 natum
731 1568 1018 1636 est,habet
1042 1567 1344 1624 nativitatis
1373 1581 1486 1623 sua:
1512 1574 1742 1638 patrem.
1850 1582 2027 1640 neque
2056 1577 2115 1623 ut
2144 1576 2352 1626 naturae
2391 1569 2755 1628 indiﬂ‘erentia
2788 1572 3082 1644 perimeret
3108 1574 3231 1630 Filii
3261 1576 3458 1631 nativi—

166 1665 333 1738 Neque
360 1665 482 1738 quia
509 1663 804 1721 indiscreta
833 1672 917 1720 est
949 1662 1220 1719 nascentis
1249 1675 1280 1716 a
1320 1661 1574 1733 gignente
1602 1657 1742 1715 divi-
1850 1666 2013 1715 tatem
2047 1675 2061 1725 ;
2091 1668 2147 1716 et
2198 1674 2336 1716 unus
2376 1675 2439 1717 ac
2484 1663 2759 1719 solitarius
2805 1664 2962 1721 nobis
2992 1677 3137 1721 esset
3169 1667 3221 1721 in
3268 1681 3453 1735 sensu,

166 1760 309 1827 nitas,
333 1757 452 1816 ideo
475 1758 591 1830 ipse
617 1768 701 1814 est
721 1766 776 1813 et
795 1763 1085 1828 generator
1114 1762 1170 1811 et
1191 1754 1405 1826 genitus
1433 1770 1449 1820 ;
1481 1767 1604 1808 cum
1633 1764 1743 1807 non
1847 1756 1972 1828 quia
1997 1755 2137 1812 alter
2165 1754 2234 1811 ab
2262 1755 2433 1812 altero
2456 1772 2563 1813 non
2586 1757 2831 1814 diﬂ'erret
2860 1758 2911 1814 in
2938 1774 3137 1831 genere
3162 1778 3177 1816 :
3203 1759 3301 1817 sed
3328 1775 3459 1817 con-

164 1854 317 1927 possit
346 1852 445 1908 nisi
502 1850 639 1907 alius
668 1860 832 1923 atque
860 1850 998 1906 alius
1029 1864 1150 1907 esse
1171 1858 1226 1905 et
1271 1861 1538 1919 generans
1566 1852 1620 1900 et
1642 1858 1740 1899 na-
1771 1854 1820 1916 Β
1846 1850 2093 1920 sequenti
2127 1851 2398 1906 sententia
2439 1849 2517 1905 illi
2560 1850 2863 1921 prudentiae
2888 1852 3178 1923 serpentis,
3208 1853 3295 1909 cui
3320 1868 3458 1911 con-

165 1955 257 2015 tus,
288 1960 461 2019 neque
488 1961 704 2003 rursum
737 1942 819 2017 (α)
852 1943 1136 2000 dissimilis
1156 1958 1279 2000 esse
1307 1945 1476 2014 possit
1498 1948 1657 1995 natus
1684 1948 1740 1994 et
1842 1942 2061 2014 ﬁgurari
2117 1958 2239 1999 cum
2269 1942 2536 1999 columbae
2586 1944 2933 2016 simplicitate
2959 1946 3326 2018 praecipimur,
3358 1961 3457 2017 per

162 2054 425 2112 generans.
459 2036 766 2095 Anatbema
801 2053 932 2110 ergo
959 2046 1064 2104 est,
1093 2037 1185 2108 qui
1225 2037 1277 2092 in
1311 2036 1472 2092 Patre
1511 2043 1569 2089 et
1597 2031 1738 2089 Filio
1842 2034 2147 2107 simplicem
2190 2044 2355 2107 atque
2417 2036 2772 2106 apostolicam
2831 2038 3174 2108 prudentiam
3238 2053 3457 2096 rursum

162 2141 348 2191 natura:
387 2132 798 2189 similitudinem
853 2131 922 2188 ad
952 2130 1274 2187 abolendam
1304 2128 1433 2186 Filii
1479 2141 1739 2200 persona-
1841 2141 2123 2184 occursum
2164 2137 2248 2184 est
2275 2145 2290 2195 ;
2318 2143 2385 2184 ne
2412 2127 2554 2185 forte
2586 2143 2681 2200 per
2713 2128 2790 2197 id,
2826 2129 2970 2200 quod
3004 2131 3304 2202 personalis
3326 2132 3455 2190 unio

161 2228 255 2285 lem
296 2228 709 2300 signiticantiam
761 2227 1079 2300 praedicabit
1108 2243 1122 2281 :
1149 2225 1276 2298 quia
1326 2240 1450 2283 cum
1506 2223 1563 2281 in
1590 2222 1739 2279 nullo
1840 2236 1947 2278 non
1981 2224 2337 2291 reciperetur,
2384 2223 2510 2293 quia
2538 2221 2676 2278 alios
2715 2224 2784 2278 sit
2806 2222 2986 2292 Pater,
3013 2224 3149 2280 alios
3178 2235 3235 2282 et
3257 2223 3451 2296 Filius,

159 2327 352 2386 ditl'erat
370 2343 461 2384 res
490 2342 521 2383 a
550 2341 609 2383 re
635 2341 733 2398 per
775 2333 1013 2380 mutuam
1055 2321 1470 2379 similitudinem
1495 2336 1509 2387 ;
1537 2318 1735 2377 simili-
1841 2316 2156 2388 praedicatio
2175 2317 2370 2374 iterum
2399 2317 2678 2374 dissimilis
2706 2328 2916 2376 naturae
2940 2321 3111 2391 possit
3136 2321 3442 2392 obrepere:

159 2420 274 2478 tudo
297 2430 475 2478 tamen
507 2421 646 2493 ipsa,
678 2434 784 2475 non
816 2417 1088 2489 recipiens
1128 2417 1402 2485 unionem,
1447 2414 1662 2472 Patrem
1684 2421 1740 2470 et
1840 2424 1912 2467 ne
1935 2424 2057 2466 cum
2081 2409 2222 2467 alius
2244 2411 2440 2483 estqui
2462 2412 2693 2479 miserit,
2718 2423 2773 2469 et
2792 2414 2928 2470 alius
2944 2415 3127 2487 estqui
3145 2416 3343 2472 missus
3369 2427 3453 2474 est

157 2518 333 2576 Filium
362 2533 455 2590 per
488 2517 565 2585 id,
608 2516 750 2590 quod
782 2515 950 2572 Filius
992 2512 1399 2571 indemutabilis
1442 2508 1738 2567 similitudo
1840 2501 1987 2575 (quia
2019 2518 2128 2559 non
2179 2518 2319 2560 unus
2361 2513 2445 2561 est
2489 2506 2691 2577 missus
2711 2516 2769 2565 et
2811 2509 3076 2580 mittens),
3106 2509 3359 2567 discretae
3385 2526 3449 2567 ac

157 2615 313 2673 Patris
338 2623 440 2681 est,
470 2614 786 2672 conﬁtetur.
824 2611 942 2669 Non
969 2611 1117 2667 enim
1146 2617 1241 2667 aut
1289 2623 1415 2681 pars
1437 2616 1523 2664 est
1566 2605 1738 2663 Filius
1840 2596 2120 2655 dissimilis
2156 2609 2367 2656 natura:
2395 2599 2838 2657 existimarentur
2864 2617 2989 2659 esse
3014 2602 3213 2661 missus
3230 2612 3285 2661 et
3322 2604 3449 2660 mit-

156 2706 330 2776 Patris,
354 2714 416 2762 ut
445 2719 589 2763 unus
615 2704 724 2761 dici
765 2704 937 2775 possit
966 2712 1019 2760 et
1049 2711 1208 2758 natus
1236 2710 1289 2758 et
1311 2713 1600 2773 generans.
1633 2696 1739 2754 Ne-
1839 2701 1986 2761 tens,
2007 2707 2132 2750 cum
2174 2693 2405 2751 diversae
2435 2696 2687 2752 essentia
2730 2711 2854 2753 esse
2896 2712 3004 2753 non
3052 2699 3264 2769 possint
3292 2706 3453 2754 natus

155 2802 532 2877 queemanatio
556 2809 665 2868 est,
687 2811 748 2858 ut
772 2799 1072 2857 continenti
1099 2798 1247 2854 ﬂuxu
1277 2812 1373 2869 per
1401 2792 1737 2866 corporalem
1839 2794 1898 2841 et
1940 2788 2187 2858 gignens.
2237 2786 2528 2844 Retinetur
2554 2789 2736 2860 itaque
2778 2790 2833 2846 in
2887 2791 3050 2847 Patre
3080 2801 3136 2847 et
3184 2791 3323 2849 Filio
3349 2807 3449 2848 na-

153 2904 202 2952 et
242 2895 572 2952 individuum
602 2908 923 2966 procursum
961 2892 1104 2948 idem
1145 2892 1262 2962 ipse
1290 2889 1469 2945 ﬂuxus
1493 2893 1737 2943 retentus
1839 2888 1974 2935 turae
2016 2878 2374 2937 indiﬂ‘erentis
2417 2880 2716 2938 similitudo
2757 2898 2854 2953 per
2887 2886 3140 2940 essentia:
3187 2886 3446 2941 nativita-

155 2988 201 3044 ln
243 2989 466 3062 origine,
497 2989 576 3065 (li)
598 2989 775 3061 ipsum
818 2988 921 3044 sibi
951 2988 1023 3042 sit
1067 2985 1213 3042 serie
1242 2994 1405 3054 atque
1447 2989 1619 3037 tractu
1648 2994 1739 3035 cn-

1862 2986 1949 3030 cm
1984 2990 1997 3026 :
2031 2988 2139 3029 non
2185 2984 2363 3030 tamen
2411 2973 2665 3031 damnum
2713 2991 2963 3047 personae
3012 2978 3190 3046 aﬂ‘ert,
3220 2990 3279 3035 ut
3304 2996 3448 3037 unus

154 3082 357 3139 liasrenti
377 3084 535 3155 origo
557 3079 699 3154 quod
729 3081 923 3136 ﬂuxus.
951 3078 1060 3135 Sed
1090 3076 1326 3149 perfecta
1350 3072 1607 3130 nativitas
1631 3081 1735 3137 est,
1840 3065 1913 3122 sit
1938 3065 2137 3123 missus
2154 3075 2209 3123 et
2239 3067 2482 3135 mittens,
2514 3068 2813 3125 similitudo
2857 3079 3085 3126 naturae.
3116 3070 3302 3143 Neque
3328 3088 3451 3129 rur—

154 3183 338 3233 eteum
393 3187 606 3234 naturre
658 3174 1012 3235 similitudine
1040 3186 1446 3230 manensmon
1472 3176 1738 3240 conceptu
1841 3172 1963 3215 sum
1992 3158 2047 3214 in
2103 3173 2351 3230 persona:
2409 3162 2916 3233 proprietate,‘cum
2975 3179 3084 3220 non
3115 3168 3286 3235 possit
3333 3167 3453 3237 ipse

151 3280 199 3327 et
223 3281 367 3342 partu
393 3271 672 3344 corporali
719 3269 1079 3342 corporaliter
1105 3266 1377 3331 incohata,
1408 3263 1506 3320 sed
1546 3277 1741 3319 secun-

1860 3251 1944 3308 iibi
1976 3266 2116 3309 unus
2141 3260 2199 3309 et
2221 3252 2362 3309 ﬁlius
2411 3262 2468 3311 et
2518 3255 2679 3313 Pater
2706 3256 2833 3324 dici,
2866 3257 3107 3313 aufertur
3147 3258 3452 3315 similitudo

152 3365 265 3422 dum
315 3367 564 3439 ejusdem
633 3376 839 3423 natura:
912 3363 1320 3421 similitudinem
1377 3356 1735 3430 incorporalis

1860 3357 2069 3404 raturas.
2115 3349 2291 3420 Atque
2337 3348 2409 3403 ita
2438 3357 2494 3405 et
2517 3350 2814 3406 nativitatis
2855 3351 3060 3408 veritas
3099 3351 3166 3407 ad
3197 3352 3451 3409 similitu-

150 3457 298 3534 ⁸⁷4
320 3460 494 3518 pilius
522 3476 588 3518 ex
615 3460 940 3532 incorporati
957 3459 1118 3517 pane
1142 3456 1460 3514 subsistens,
1841 3441 2025 3534 dinem
2054 3441 2266 3534 proiicit
2291 3440 2570 3534 essentia},
2612 3450 2671 3498 et
2696 3442 2992 3499 similitudo
3035 3443 3291 3500 essentiae
3341 3458 3452 3501 non

213 3531 299 3611 lli.
336 3575 356 3610 ι
392 3557 461 3613 Et
498 3556 544 3612 si
568 3556 711 3628 quis,
742 3565 1028 3628 propterea
1053 3553 1195 3626 quod
1244 3564 1537 3623 numquam
1576 3548 1738 3606 Pater
1845 3531 1929 3607 (Ῑ)
1977 3532 2178 3589 δηιίιείι
2200 3533 2514 3628 -ηηξῖνίιέῑῖε
2559 3534 3233 3628 ρβτεοηειιθιιινετὶωιθηι·
3262 3535 3452 3607 Neque

155 3647 307 3705 Filius
331 3626 676 3721 intelligitur,
700 3626 758 3706 et
780 3648 924 3722 quod
950 3648 1119 3706 Filius
1150 3662 1440 3718 numquam
1465 3644 1626 3700 Pater
1654 3643 1738 3701 in-

1860 3642 2060 3683 rursum
2088 3626 2355 3698 professio
2374 3626 2641 3699 gignentis
2663 3635 2720 3684 et
2745 3627 2912 3699 geniti
2954 3627 3117 3703 475
3135 3629 3450 3687 similitudi-

154 3741 393 3814 telligitur
427 3785 444 3813 ,
504 3743 668 3800 alium
721 3743 911 3799 dicens
985 3741 1178 3798 Filium
1246 3748 1443 3811 praeter
1497 3737 1732 3805 Patrem,

1860 3738 1971 3780 nem
1999 3723 2237 3779 excludit
2257 3724 2549 3789 essentim;
2581 3723 2703 3793 quia
2737 3737 2861 3779 cum
2899 3725 3127 3795 gignens
3154 3734 3208 3780 et
3233 3726 3448 3796 genitus

152 3845 420 3908 propterea
472 3838 619 3909 quod
641 3837 781 3894 alius
819 3838 888 3893 sit
931 3837 1111 3900 Pater,
1143 3834 1281 3889 alius
1329 3833 1400 3888 sit
1442 3831 1634 3897 Filius,
1662 3844 1743 3885 se-
1846 3831 1985 3873 ""08
2013 3829 2135 3872 esse
2163 3830 2270 3871 ηοη
2296 3815 2486 3886 Ροεείί»
2514 3830 2624 3872 ηοη
2652 3825 2831 3872 tamen
2853 3815 3085 3873 (Ιῖνθτεω
3113 3825 3321 3873 nam”!
3340 3816 3451 3873 δῖοι

153 3930 366 3986 cundum
397 3929 551 4003 quod
606 3929 809 3987 dictum
840 3938 926 3987 est
954 3972 970 3997 ,
1002 3927 1154 3983 Alius
1178 3937 1253 3983 est
1278 3926 1367 3998 qui
1396 3924 1740 3980 testimonium
1845 3917 2003 3965 "alus
2025 3918 2078 3964 οι
2120 3921 2409 3980 generans.

152 4021 361 4091 perhibet
396 4025 471 4095 (c)
520 4024 666 4093 milii,
710 4024 797 4094 qui
825 4040 906 4079 me
935 4025 1073 4079 misit
1096 4021 1255 4077 Pater
1281 4019 1489 4093 (10am,
1517 4034 1571 4084 v,
1605 4016 1736 4088 3’2):
1917 4011 1986 4068 X.
2020 4031 2040 4066 ι
2091 4011 2160 4067 Ει
2205 4011 2251 4066 si
2304 4010 2428 4080 quis
2473 4010 2528 4065 in
2577 4009 2759 4080 aliquo
2797 4019 3040 4081 tempore
3109 4021 3316 4082 patrem
3368 4014 3449 4085 (g)

153 4116 220 4188 (ἀ)
266 4128 492 4191 propter
539 4119 878 4189 hane'piam
926 4121 978 4174 in
1034 4116 1275 4172 Ecclesia
1332 4111 1734 4183 intelligendam
1847 4106 2017 4164 Deum
2054 4104 2314 4178 unigeniti
2364 4104 2461 4159 ﬁlii
2490 4104 2774 4176 intelligat,
2802 4112 2857 4161 et
2887 4120 2991 4161 non
3016 4121 3182 4177 super
3207 4115 3453 4178 tempora

153 4213 526 4282 proprietatem
582 4228 829 4285 persona:
881 4213 1055 4269 Patris
1107 4220 1160 4267 et
1218 4209 1384 4275 Filii,
1430 4207 1626 4262 timens
1670 4220 1741 4261 ne
1850 4210 1909 4257 et
1939 4213 2105 4271 super
2134 4214 2353 4254 omnem
2398 4196 2686 4253 humanam
2717 4196 3131 4254 aestimationem
3166 4198 3246 4272 (lt)
3272 4199 3460 4272 unige-

153 4306 349 4373 quando
372 4308 517 4365 idem
550 4307 885 4379 intelligatur
910 4306 1082 4362 Filius
1111 4315 1161 4359 et
1194 4303 1375 4370 Pater,
1407 4301 1642 4358 similem
1669 4297 1739 4371 (c)
1849 4296 2027 4355 uitum
2056 4295 2224 4352 ﬁlium
2252 4296 2372 4353 sine
2395 4293 2645 4365 passione
2684 4292 2965 4351 exstitisse
2997 4309 3011 4347 :
3037 4291 3190 4365 quasi
3234 4303 3459 4365 praeter-

154 4413 250 4455 non
292 4402 438 4460 dicat
480 4403 643 4460 etiam
692 4403 844 4475 juxta
873 4401 1165 4459 essentiam
1224 4397 1411 4455 Patri:
1454 4394 1742 4453 anathema
1848 4393 2101 4466 grediens
2130 4391 2495 4464 evangelicam
2524 4389 2982 4461 prmdicationem,
3035 4382 3157 4459 qua:
3205 4389 3270 4465 (ξ)
3321 4400 3461 4448 tem-

154 4493 234 4548 sit.
286 4515 307 4550 ι
1854 4502 2046 4560 porum
2076 4484 2294 4558 quidem
2346 4483 2804 4558 intercapedinem
2831 4483 2901 4540 de
2927 4482 3084 4540 Patre
3110 4493 3168 4541 et
3193 4482 3335 4542 Filio
3363 4483 3461 4542 ad-

217 4661 290 4737 (n)
317 4666 374 4722 In
400 4679 535 4721 mss.
582 4664 906 4738 indissimilis
934 4679 953 4719 :
986 4676 1049 4719 ac
1064 4659 1284 4738 ‘deinde
1316 4660 1369 4715 in
1410 4655 1531 4738 solo
1569 4655 1749 4738 Velio.

1860 4658 1986 4718 σεϐῆ
2083 4664 2146 4733 τῇ
2167 4654 2436 4738 Ἐκπςληςτίᾳ
2454 4661 2726 4738 νοουμένην
2752 4656 2977 4719 ἰδιότητα
3002 4665 3119 4738 ’τῶν
3140 4660 3457 4738 προσῴπων,

157 4729 372 4794 essenon
399 4738 585 4808 possit.
617 4736 734 4791 Jam
762 4746 947 4808 supra,
973 4751 1027 4790 n.
1057 4733 1151 4803 20,
1195 4747 1308 4803 pro,
1344 4730 1434 4786 sed
1454 4729 1756 4808 si_genuerit
1860 4731 2058 4808 Πατρὸς
2197 4733 2282 4786 καὶ
2300 4729 2429 4808 rios:
2457 4747 2469 4781 :
2495 4729 2645 4808 quod
2672 4740 2855 4808 posset
2878 4731 3039 4808 verti,
3067 4729 3276 4802 propter
3297 4729 3457 4795 hanc,

154 4799 568 4885 noiidissintilis,
617 4810 682 4885 in_
702 4799 954 4885 omnibus
981 4799 1159 4885 prope
1194 4799 1325 4885 inss.
1351 4799 1754 4885 esst-abstnnon
1859 4799 1978 4885 quid
1999 4799 2092 4885 pio
2118 4803 2365 4885 (autem)
2411 4801 2465 4856 in
2504 4799 3099 4885 _Ecclesia'i‘rttelliqitur,
3125 4817 3463 4885 peragunt-unt

154 4878 469 4953 indissimilis
491 4871 647 4953 :qnm
671 4880 853 4953 lectio.
883 4871 1009 4933 licet
1031 4871 1255 4953 forsitan
1277 4874 1562 4953 sincerior,
1593 4882 1650 4927 ut
1682 4871 1753 4928 sit
1857 4871 2037 4953 Patris
2081 4871 2148 4953 et;
2161 4871 2288 4928 Filii
2334 4871 2716 4953 promulgant.
2750 4872 2900 4953 _Hinc
2928 4871 3291 4945 liquet,’male
3316 4873 3462 4944 apud

1856 4944 1981 5003 Par.
2014 4953 2070 5000 et
2089 4945 2235 5016 Lips.
2270 4941 2448 4999 omitti
2477 4944 2531 4998 in
2559 4941 2815 5000 Ecclesia.

155 4948 469 5010 indissimilis
492 4947 645 5024 quasi
686 4949 1348 5024 intrinsecusdissimilis,a
1382 4947 1538 5002 nobis
1569 4954 1750 5000 tamen

1929 5017 1999 5090 (e)
2030 5016 2502 5090 Cumaei-adpetes
2530 5016 2688 5091 λέγοι,
2717 5016 2863 5087 quod
2901 5024 3008 5083 est,
3035 5016 3337 5073 dissimilem
3383 5017 3465 5073 di-

156 5035 251 5078 non
281 5023 591 5091 revocatur,
621 5039 691 5081 ne
717 5024 930 5079 errandi
971 5023 1042 5078 sit
1068 5023 1300 5078 occasio.

229 5098 300 5177 (ὁ)
330 5095 992 5177 Vettistior_codex_t}olb.
1032 5094 1229 5177 ipsud:
1253 5106 1378 5177 quae
1405 5106 1510 5176 yox
1532 5102 1749 5177 rursum
1854 5099 2008 5177 call.“
2041 5159 2087 5177 η
2163 5157 2299 5177 "LL
3056 5159 3098 5177 μ
3138 5160 3170 5177 γ.

155 5157 303 5238 inii-al,
345 5187 504 5227 num.
550 5169 645 5238 25,
676 5179 732 5225 et
783 5166 909 5223 alibi
944 5157 1136 5223 eadem
1166 5157 1375 5223 ratione
1405 5163 1457 5218 in
1485 5177 1552 5219 eo
1581 5175 1757 5217 enun-
1934 5160 2012 5307 gf)
2039 5159 2136 5215 Ms.
2161 5157 2327 5216 Cori).
2357 5157 2558 5243 aliique
2581 5159 2849 5226 nonnulli,
2879 5176 2983 5216 non
3009 5159 3212 5215 adimit.

158 5247 332 5302 tiatur.
1580 5305 1587 5307 A
1718 5305 1723 5307 Α
1932 5231 2305 5307 ᾼ9)Α1ηᾲει·ωεα
2335 5230 2538 5307 phrast
2571 5234 2836 5307 repetitur
2859 5247 2965 5307 vox
2997 5240 3194 5307 patrem

158 5230 332 5302 ιεειυίι,
632 5230 642 5238 ’
1934 5230 2012 5305 lg)
2044 5232 2305 5305 lnAgrteca
2336 5230 2538 5305 phrasi
2571 5234 2836 5305 repetitur
2859 5247 2965 5288 vox
2997 5240 3194 5305 patrem
3221 5230 3342 5305 loc_o
3370 5246 3471 5289 vo-

222 5320 293 5394 (ε)
320 5316 379 5372 ιη
413 5328 528 5394 “ne
692 5312 853 5368 Colb-
877 5323 930 5369 ει
953 5311 1133 5394 ,πρίαιο
1164 5308 1395 5394 δςιτδοιι·
1420 5305 1668 5394 νενιιὲρεε,
1690 5305 1755 5394 de
1861 5305 2580 5394 ebeii,Pee-,__Arseitsr
2609 5305 2698 5394 ιξίςι
2722 5305 2981 5394 ίξίξνείειέ,
3008 5305 3263 5394 Quae“
3295 5305 3374 5394 ἒξ

158 5373 251 5460 me,
274 5373 479 5464 graeco,
507 5383 1310 5464 opumpéu_1rtpiippﬁ,elittm
1337 5373 1708 5464 con's‘ettlicnle;
1735 5394 1750 5432 :

1862 5393 1929 5435 ex
1960 5391 2024 5433 se
2049 5387 2340 5464 atternum,
2370 5373 2578 5434 tantum
2631 5376 2688 5433 in
2745 5384 2988 5448 tempore
3039 5384 3249 5446 patrem
3301 5373 3475 5435 fuisse

160 5465 208 5519 in
232 5448 337 5535 quo
364 5448 569 5515 deinde
596 5448 693 5521 p'ro
730 5448 936 5535 'verbis',
973 5448 1063 5528 qui
1113 5448 1252 5535 misit
1286 5468 1376 5535 me
1421 5448 1603 5535 Pater,
1627 5449 1758 5535 sub-
1861 5448 2162 5535 asserebat.

155 5519 354 5608 jiciiur,
407 5534 520 5598 καὶ,
540 5519 829 5608 ’Μαρτυρεῖ
854 5519 1150 5608 ’γάῥίφησῂ
1177 5526 1204 5583 ὁ
1232 5524 1445 5608 τεέμψας
1472 5544 1532 5595 με
1559 5526 1750 5608 Euripo,

1878 5597 1892 5608 ι
1937 5519 2016 5608 (It)
2043 5520 2255 5608 Graece.
2276 5522 2522 5608 :lrtﬂst'tlt
2562 5522 2653 5608 Τὸν
2681 5528 2923 5605 μονογενῆ
2946 5519 3139 5608 violis:
3164 5526 3259 5577 τοῦ
3280 5521 3481 5608 ﬁgi-p64.-

161 5551 354 5608 ltelllll',
407 5551 520 5598 και,
566 5551 644 5586 tua
746 5551 826 5607 ρει
854 5551 974 5604 γαρ,
1004 5551 1150 5603 φησι,
1177 5551 1204 5583 ο
1232 5551 1297 5582 πε
1339 5551 1445 5597 qm;
1472 5551 1532 5595 με
1560 5551 1750 5608 ιιατηρ,

161 5624 273 5678 qum
311 5603 590 5680 sententia
611 5551 839 5680 signem
858 5617 926 5680 ex
973 5599 1129 5657 Joan.
1157 5614 1213 5665 v,
1243 5551 1339 5663 ἵ»ίῖ
1365 5595 1433 5651 ad
1461 5594 1750 5651 conﬁrma-

1937 5551 2016 5591 ιη]
2043 5551 2255 5583 uncus.
2282 5551 2522 5579 πιστιυιι
2564 5551 2653 5581 τυν
2681 5551 2923 5596 μσνυγινη
2947 5551 3057 5577 νιυν
3081 5551 3139 5576 εκ
3164 5551 3259 5577 τυν
3280 5551 3480 5599 ιιατρυς

1867 5597 2080 5678 ἀπαθῶς
2100 5594 2626 5680 ὑφιστὰνςιιεηρνεάαι
2664 5592 2985 5665 unigenitum
3029 5591 3196 5662 [ilium
3224 5609 3288 5648 ex
3315 5590 3480 5650 Patre

162 5665 357 5751 tionem
388 5676 638 5751 ejusdem
668 5674 1075 5751 dicIiAallaEa.”
1172 5741 1203 5751 η
1378 5740 1390 5751 _
1461 5738 1473 5751 ‘
1584 5738 1597 5751 _
1665 5737 1698 5751 ῃ
1870 5665 2689 5751 sine“pa_s_sionesubstitisse.ML
2797 5745 2809 5751 Δ
3170 5737 3218 5751 Η
3328 5737 3342 5750 ⁸

233 5753 312 5828 (ά)
340 5750 398 5808 ιιι
421 5736 691 5828 ’νοηίοιιρ
722 5741 1206 5828 [ιειίηεηβρίνιιθειίί
1237 5783 1259 5826 ι.
1284 5738 1508 5824 maioris
1550 5737 1767 5828 cteris:
1949 5736 2016 5828 (ξ)
2035 5738 2435 5828 ,βίεδγδνφψὶ
2466 5747 2767 5828 ερρξὲηξμε
2790 5737 3482 5828 ἷῗηέίέίῖνιί²1Ἧῗίῖίῖηέίη⁸⁸Ϋ

162 5808 706 5896 tis‘ergo,non_male
727 5818 816 5875 hic
834 5808 1089 5896 adjicitur
1106 5816 1151 5871 si
1170 5814 1285 5896 quis
1305 5808 1536 5896 inquom,
1554 5810 1770 5896 etiamsi
1879 5808 2219 5896 pretationem
2249 5826 2269 5864 :
2294 5808 2436 5896 quod
2460 5808 2975 5896 Igragzceguno‘verho
2999 5808 3315 5896 enuntiatur
3355 5814 3483 5896 rod;

164 5879 348 5969 simi:
382 5879 496 5952 non
541 5890 827 5960 habeatur,
870 5879 966 5949 sed
984 5879 1228 5959 tantum,
1254 5883 1341 5948 διὰ
1366 5879 1559 5948 «Ean
1583 5887 1673 5944 τὴν
1697 5884 1750 5941 εὐ

1881 5879 1976 5963 μέν
2028 5884 2269 5962 χρόνους.
2307 5879 2509 5943 Deinde
2537 5893 2660 5938 cum
2688 5888 2869 5940 vertat
2892 5881 3127 5943 Hilarius
3175 5882 3487 5955 adspernata

1861 5302 2041 5362 cab'u'li
2079 5302 2271 5360 Deum.
2319 5303 2580 5374 Arguitur
2609 5302 2698 5360 hic
2722 5304 2969 5361 doctrina
2998 5302 3145 5368 ’Arii,
3173 5303 3263 5373 qui
3295 5303 3468 5362 Deum
3566 5334 3573 5347 ι
