3996 6330
577 346 683 405 505

1800 339 2043 401 SANCTI
2081 340 2338 399 lllLARll
2379 338 2682 398 EPISCOPI
3720 349 3796 407 ὕοι

576 478 633 526 ει
662 467 877 524 virtutis
899 464 977 537 (a)
1010 473 1067 521 et
1086 464 1271 539 gloriae
1295 461 1788 520 incommutabilem
1808 461 1975 535 479
2002 460 2184 531 imagi-
2211 475 2266 537 Α
2290 475 2437 529 nem,
2463 461 2602 518 sicut
2624 471 2750 518 sunt
2775 461 3016 530 factm-az,
3045 471 3225 519 etnon
3257 462 3397 518 sicut
3417 461 3596 518 divina:
3614 463 3799 537 Scriptu-

579 580 725 633 nem,
750 565 984 636 primum
1009 561 1212 616 editum
1250 561 1416 616 totius
1441 567 1724 624 creatura),
1750 558 1839 628 qui
1869 557 1945 629 (ι)
1967 571 2181 626 semper

584 659 685 715 fuit
731 658 784 714 in
825 654 1091 727 principio
1126 653 1269 724 apud
1312 654 1480 708 Deum
1531 652 1768 708 Verbum
1814 651 1991 716 Deus,
2028 649 2179 719 juxta

584 750 729 825 quod
760 750 963 807 dictum
986 758 1070 804 est
1095 748 1148 804 in
1183 748 1509 818 Evangelia,
1541 744 1606 799 Et
1636 742 1780 800 Deus
1809 752 1923 797 erat
1960 737 2184 797 verbum

586 844 767 919 (Joan.
794 860 831 913 ι,
864 843 943 915 1),
987 857 1082 913 per
1111 856 1270 912 quem
1312 840 1492 895 omnia
1526 839 1665 894 facta
1700 845 1845 901 sunt,
1878 845 1934 891 et
1978 835 2034 890 in
2079 849 2185 905 quo

584 937 766 995 omnia
792 942 1085 992 constant:
1118 933 1208 1003 qui
1241 932 1293 987 in
1332 929 1645 986 novissimis
1686 927 1876 984 diebus
1906 925 2187 983 descendit

584 1033 868 1089 desursum
896 1070 912 1094 ,
940 1036 998 1085 et
1017 1036 1176 1082 natus
1205 1033 1376 1082 estex
1397 1022 1604 1095 virgine
1632 1021 1926 1078 secundum
1947 1020 2189 1083 Scriptu-

589 1140 698 1193 ras,
730 1135 785 1180 et
829 1124 904 1196 (ε)
935 1136 1106 1194 agnus
1136 1120 1310 1177 factus
1338 1129 1445 1187 est,
1488 1116 1757 1173 mediator
1786 1114 1883 1170 Dei
1924 1125 1980 1167 et
2018 1112 2191 1168 horni-

586 1233 735 1284 num,
761 1215 1175 1288 prmdestinatus
1218 1212 1340 1268 lidei
1376 1219 1610 1277 nostras,
1642 1217 1698 1265 et
1726 1207 1832 1263 dux
1872 1208 2014 1262 vitae.
2052 1206 2192 1261 Dixit

587 1313 788 1383 quippe
820 1328 834 1366 :
869 1308 991 1364 Non
1015 1309 1150 1363 enim
1175 1306 1415 1362 descendi
1458 1304 1522 1359 de
1565 1304 1723 1369 caelo,
1765 1311 1821 1356 ut
1853 1305 2072 1371 {acerem
2111 1314 2192 1353 uo-

586 1410 835 1462 luntatem
880 1420 1064 1471 nteant,
1116 1403 1204 1458 sed
1259 1401 1571 1455 uoluntatem
1624 1400 1737 1471 ejus
1793 1396 1881 1466 qui
1932 1412 2011 1450 me
2058 1394 2194 1448 misit

588 1499 765 1573 (Joan.
797 1514 873 1566 vt,
911 1496 1026 1567 '58).
1061 1495 1161 1562 Qui
1200 1507 1391 1565 passus
1426 1504 1511 1549 est
1553 1500 1608 1548 et
1649 1491 1951 1547 resurrexit
1990 1488 2070 1558 (ιι)
2099 1504 2195 1561 pro

518 1581 533 1593 ’
594 1593 748 1648 nobis
782 1591 937 1645 tertia
970 1589 1077 1656 die,
1113 1596 1169 1642 et
1193 1585 1476 1642 adscendit
1519 1585 1572 1640 in
1617 1585 1821 1651 cmlos,
1854 1594 1908 1638 et
1947 1582 2101 1638 sedet
2141 1583 2193 1636 in

590 1685 818 1740 dextera
846 1682 1043 1747 Patris,
1073 1690 1127 1736 et
1154 1681 1347 1736 iterum
1376 1688 1638 1734 venturus
1657 1687 1742 1733 est
1765 1691 1889 1731 eum
1915 1675 2085 1746 gloria
2111 1673 2196 1745 jn-

594 1777 775 1832 dicare
818 1774 973 1830 vivos
1020 1783 1073 1829 et
1115 1780 1380 1829 mortuos.
1415 1770 1484 1825 Et
1525 1770 1577 1824 in
1622 1768 1880 1839 Spiritum
1923 1774 2195 1833 sanctum,

2285 571 2360 612 ra:
2399 555 2736 612 tradiderunt
2774 556 2985 627 singula
3017 571 3267 629 qumque,
3287 552 3450 629 580
3474 575 3582 628 qua:
3611 564 3802 631 superius

2287 648 2428 706 dicta
2474 660 2631 715 sunt;
2668 658 2724 705 ct
2760 648 2805 703 si
2835 649 2955 721 quis
2997 650 3144 706 aliud
3189 651 3375 717 docet,
3415 663 3501 705 aut
3536 656 3804 724 evangelint

2288 750 2488 812 praeter
2532 758 2690 811 quam
2737 742 2880 813 quod
2921 743 3229 812 accepimus
3270 742 3583 799 :anathcma
3622 745 3695 800 sit.
3728 747 3805 804 Nos

2289 834 2435 890 enim
2456 834 2724 898 omnibus.
2755 851 2875 906 qua:
2906 832 3102 891 divinis
3131 835 3427 907 Scripturis
3453 837 3630 893 tradita
3663 849 3759 893 sunt
3786 859 3807 897 ι

2291 926 2571 997 prophetis
2601 929 2744 983 etab
2761 930 3046 999 apostolis,
3071 944 3198 986 vere
3222 938 3278 985 ct
3305 944 3426 985 cum
3454 930 3633 988 timore
3656 941 3702 987 ct
3721 950 3807 991 cre-

2292 1019 2472 1075 dimus
2503 1030 2557 1075 et
2585 1021 2883 1091 sequimur.
2925 1040 2944 1074 ι

2367 1111 2456 1166 51.
2486 1108 2648 1166 Fides
2674 1114 2783 1167 hec
2805 1123 3057 1183 quatenus
3081 1122 3337 1186 suspecta.
3353 1145 3423 1156 ο-
3437 1115 3604 1172 Minus
3622 1116 3735 1175 forte
3749 1134 3811 1175 ειη

2296 1218 2483 1276 presse
2517 1204 2729 1262 videtur
2757 1207 2826 1264 de
2865 1208 3192 1267 indill‘erenti
3227 1210 3574 1268 similitudine
3608 1212 3750 1269 Patris
3777 1226 3815 1270 et

2295 1297 2421 1354 Filii
2451 1298 2581 1355 fides
2607 1298 2722 1355 hsce
2753 1300 2930 1357 locuta
2957 1317 3097 1370 esse,
3126 1305 3359 1361 maxime
3393 1321 3513 1362 cum
3539 1305 3601 1362 de
3624 1306 3752 1363 Patre
3778 1320 3815 1364 et

2298 1388 2435 1445 Filio
2464 1401 2519 1446 ct
2539 1389 2744 1461 Spiritu
2772 1403 2959 1449 sancto
2988 1395 3061 1450 ita
3087 1397 3322 1453 senserit
3342 1398 3674 1469 signiﬁcatam
3698 1403 3737 1455 ia
3756 1418 3816 1458 no-

2298 1482 2535 1538 minibus
2555 1484 2819 1555 prOpriam
2840 1487 3239 1560 uniuscujusque
3259 1490 3623 1546 nominatorunt
3644 1491 3817 1546 substau.

2301 1577 2424 1632 tiam
2450 1588 2497 1633 et
2524 1579 2757 1633 ordinem
2779 1589 2824 1634 et
2854 1581 3093 1653 gloriam,
3120 1594 3175 1637 ut
3199 1584 3300 1639 sint
3319 1584 3521 1655 quidem
3547 1602 3628 1655 per
3649 1585 3821 1641 subuer-

2302 1669 2426 1723 tiam
2451 1669 2573 1737 tria,
2602 1686 2693 1742 per
2722 1674 3115 1728 consonantiam
3144 1691 3261 1730 vero
3288 1694 3467 1731 unum.

2375 1763 2464 1817 52.
2496 1762 2792 1819 Excusatur
2830 1782 2893 1821 ex
2922 1782 3079 1840 scapo
3108 1770 3331 1824 concilii.
3358 1770 3584 1827 Haresis
3614 1788 3722 1827 non
3747 1784 3821 1844 post

591 1870 680 1940 qui
709 1869 763 1923 in
787 1866 1086 1939 paraclesin
1108 1874 1166 1920 et
1189 1863 1673 1920 sanetilicationem
1703 1868 1759 1916 et
1778 1858 2195 1916 consummatio-
2229 1880 2274 1943 Β
2304 1854 2574 1911 Nicamam
2596 1859 2873 1929 synodum.
2902 1857 3171 1918 Trinitatis
3191 1864 3492 1920 substantia:
3523 1876 3615 1922 tres
3633 1868 3707 1937 qui
3725 1869 3821 1937 apud

597 1977 719 2019 nem
751 1960 1097 2018 credentibus
1131 1959 1299 2015 datus.
1325 1967 1429 2025 cst,
1459 1956 1617 2027 juxta
1657 1952 1799 2026 quod
1845 1962 1900 2009 et
1937 1952 2195 2008 Dominus

595 2054 752 2112 Jesus
776 2053 1027 2110 Christus
1055 2051 1325 2108 ordinavit
1362 2047 1432 2123 (e)
1475 2046 1773 2118 discipulos
1801 2045 1990 2101 dicens
2022 2062 2035 2098 :
2062 2042 2197 2098 Per-

595 2148 718 2219 gite,
749 2157 799 2204 et
830 2149 1004 2204 docete
1045 2148 1308 2202 universas
1330 2148 1532 2217 gentes,
1566 2143 1880 2214 baptizantes
1910 2156 1994 2194 eos
2028 2140 2082 2193 in
2110 2154 2199 2193 no-

602 2244 735 2299 mine
773 2242 950 2297 Patris
975 2252 1023 2296 et
1048 2239 1177 2295 Filii
1206 2249 1253 2294 et
1303 2238 1533 2311 Spiritus
1562 2242 1729 2292 sancti
1759 2233 1977 2308 (Matth.
2004 2247 2197 2296 xxvnt,

604 2335 691 2408 l9)
719 2354 732 2393 :
764 2335 836 2408 (Π
866 2334 1149 2391 mnifesto
1180 2332 1369 2403 utique
1395 2330 1570 2387 Patris
1593 2344 1723 2385 vere
1749 2327 1939 2399 patris,
1969 2336 2204 2383 certum-

598 2444 704 2499 que
733 2427 857 2483 Filii
893 2443 1024 2484 vere
1064 2426 1182 2493 lilii,
1221 2436 1275 2481 et
1318 2423 1556 2494 Spiritus
1598 2424 1775 2478 sancti
1816 2435 1945 2477 vere
1981 2420 2204 2492 spiritus

599 2518 810 2585 sancti;
866 2517 1059 2589 trisque
1113 2515 1423 2573 nominibus
1487 2530 1595 2572 non
1655 2514 1976 2584 simpliciter
2029 2526 2206 2583 neque

598 2611 776 2668 otiose
806 2612 1121 2683 propositis,
1162 2609 1257 2666 sed
1298 2609 1730 2681 signiﬁcantibus
1760 2607 2051 2679 diligenter
2078 2622 2204 2678 pro-

603 2704 778 2776 priam
818 2704 1244 2775 uniuscujusque
1292 2704 1694 2758 nominatorutn
1743 2702 2103 2759 substantiam
2154 2710 2209 2757 et.

605 2798 849 2854 ordinem
880 2808 934 2853 et
970 2797 1220 2869 gloriam,
1259 2796 1338 2868 (g)
1365 2805 1423 2851 nt
1451 2796 1558 2851 sint
1587 2795 1806 2866 quidem
1835 2810 1933 2867 per
1956 2795 2210 2851 substan-

610 2892 739 2947 tiam
772 2892 897 2954 tria,
930 2905 1030 2961 per
1059 2890 1468 2947 consonantiam
1496 2904 1627 2946 vero
1653 2905 1839 2945 unum.

683 2983 774 3040 '50.
808 3002 827 3036 ι
877 2982 1028 3039 Hanc
1058 2999 1189 3053 ergo
1230 2982 1495 3040 habentes
1541 2982 1724 3051 fidem,
1764 2992 1820 3039 et
1858 2983 1926 3039 ab
1968 2983 2122 3039 initio
2156 2990 2214 3039 et

604 3093 774 3149 usque
796 3078 851 3133 in
882 3077 1045 3134 finem
1071 3077 1307 3134 habituri
1336 3079 1388 3133 in
1412 3088 1706 3149 conspectu
1752 3079 1846 3136 Dei
1884 3088 1940 3135 et
1978 3078 2204 3146 Christi,

603 3186 820 3227 omnem
853 3171 1162 3228 luereticam
1202 3180 1257 3227 et
1287 3187 1508 3241 pravam
1539 3181 1742 3229 sectam
1783 3172 2212 3229 anathematiza-

2307 1947 2593 2004 Orientales
2614 1961 2748 2005 recte
2773 1952 3032 2007 dicantur.
3049 1984 3122 1995 —-
3146 1954 3215 2011 Et
3240 1959 3473 2027 primum
3495 1958 3738 2014 sciendum
3752 1971 3821 2025 est,

2303 2057 2409 2096 non
2455 2042 2740 2099 adversum
2783 2043 3058 2112 haeresim,
3098 2063 3219 2118 qua:
3265 2048 3547 2105 dissimilis
3582 2051 3822 2106 substantiae

2306 2135 2521 2192 Patrem
2566 2150 2617 2192 et
2650 2136 2848 2194 Filium
2893 2137 2956 2212 (i)
2993 2155 3120 2196 ausa
3161 2149 3247 2196 est
3288 2141 3601 2212 praedicare,
3626 2142 3672 2197 in
3694 2142 3826 2199 Antio

2303 2229 2425 2286 chia
2454 2230 2622 2288 fuisse
2650 2242 3015 2302 conventum;
3055 2235 3153 2292 sed
3192 2236 3459 2295 adversus
3496 2253 3630 2305 eaut,
3665 2237 3825 2311 (jjqutr

2304 2335 2430 2396 post
2465 2335 2707 2382 sanctam
2739 2328 3007 2400 synodum
3052 2328 3328 2388 Nicarnam
3375 2332 3430 2388 in
3474 2332 3525 2388 id
3558 2341 3824 2404 proruperat,

2307 2424 2365 2472 ut
2390 2416 2489 2473 tria
2515 2418 2731 2476 nomina
2758 2421 2901 2478 Patri
2924 2422 3089 2480 vellet
3103 2425 3439 2492 adscribere,
3459 2426 3527 2482 de
3540 2440 3637 2497 qua
3651 2440 3731 2481 suo
3747 2426 3827 2479 loco

2309 2513 2680 2572 tractabimus.
2706 2515 2923 2574 Memini
2978 2521 3121 2576 enim
3160 2535 3247 2579 me
3290 2522 3343 2577 in
3373 2520 3598 2578 exordio
3631 2521 3830 2578 sermonis
3924 2513 3925 2529 1

2309 2609 2624 2678 patientiam
2675 2619 2730 2665 et
2774 2612 3232 2683 aequanimitatem
3274 2614 3571 2686 legentium
3608 2625 3743 2685 atque
3765 2628 3829 2667 att-

2309 2699 2574 2757 dientium
2617 2716 2789 2774 usque
2835 2704 2901 2759 ad
2931 2704 3327 2762 absolutionem
3366 2708 3608 2762 omnium
3632 2706 3829 2762 dictorum

2310 2809 2553 2850 meorum
2582 2798 2932 2867 poposcisse;
2964 2814 3032 2855 ne
3064 2799 3680 2871 temerariusquisqusm
3708 2799 3750 2853 in
3775 2813 3831 2852 me

2305 2888 2470 2960 judex
2498 2899 2626 2948 ante
2649 2892 3014 2963 cognitionem
3047 2893 3269 2965 perfecti
3297 2894 3569 2951 sermonis
3592 2892 3829 2951 exsisteret.

2314 2982 2515 3041 Volens
2546 2985 2710 3057 igitur
2736 2999 3062 3061 congregata
3094 3001 3405 3047 sanctorum
3448 2988 3674 3063 synodus
3702 2986 3834 3056 impie-
3926 2982 3927 3053 1

2315 3084 2478 3133 tatem
2506 3093 2625 3134 eam
2649 3080 2938 3151 perimere,
2963 3097 3083 3153 qua}
3113 3082 3399 3139 veritatem
3433 3082 3609 3139 Patris
3626 3077 3781 3139 etﬁlii
3801 3089 3834 3133 et

2315 3168 2549 3239 Spiritus
2580 3172 2751 3228 sancti
2786 3173 3067 3229 nominum
3113 3189 3346 3230 nurnero
3393 3173 3663 3229 cluderet:
3694 3179 3834 3227 utnon

609 3281 774 3322 mus:
808 3277 859 3321 et
907 3267 951 3321 si
994 3265 1119 3337 quis
1158 3275 1357 3336 praiter
1400 3266 1669 3323 salubrem
1710 3265 2111 3336 Scripturarum
2159 3275 2286 3339 etc
2319 3263 2648 3320 subsistente
2701 3279 2861 3321 causa
2917 3267 3341 3337 uniuscujusque
3389 3268 3650 3335 nominis,
3701 3264 3835 3335 triplex

607 3368 813 3415 rectam
845 3358 1008 3414 ﬁdem
1036 3359 1217 3424 docet,
1243 3359 1431 3415 dicens
1460 3368 1552 3415 aut
1582 3369 1818 3431 tempus,
1843 3368 1935 3413 aut
1954 3359 2212 3430 spatium,

609 3458 704 3506 aut
729 3452 1011 3518 saeculum,
1043 3462 1137 3506 aut
1157 3466 1280 3507 esse
1301 3462 1393 3505 aut
1420 3450 1589 3507 fuisse
1620 3450 1794 3522 prius,
1824 3466 1985 3521 quam
2016 3450 2099 3523 (It)
2123 3466 2218 3522 ge-

611 3553 832 3600 neratus
857 3544 1027 3599 Filius
1061 3562 1076 3600 :
1104 3545 1390 3599 anathema
1421 3546 1509 3598 sit.
1544 3543 1612 3599 Et
1641 3544 1687 3599 si
1713 3542 1835 3612 quis
1865 3542 2062 3598 Filium
2086 3559 2217 3599 con-

613 3635 874 3693 ditionem
906 3635 1068 3702 dicit,
1100 3635 1554 3708 quemadmodum
1600 3649 1766 3690 unum
1810 3635 2212 3704 conditionum;

615 3737 709 3786 aut
742 3731 1104 3797 nativitatem,
1151 3730 1291 3786 sicut
1331 3738 1457 3785 sunt
1497 3730 1844 3796 nativitates;
1893 3738 1986 3784 aut
2022 3729 2213 3786 factio-

612 3899 710 3956 lib.
743 3897 796 3954 in
822 3897 1106 3954 Constant.
1143 3913 1198 3951 ιι.
1229 3896 1323 3951 25.
1355 3894 1548 3952 Verius
1578 3894 1852 3964 potiores,
1885 3891 2077 3956 ϐίη-ιι..
2108 3893 2215 3947 dno

609 3968 795 4037 Colb.,
816 3970 1030 4033 ρει-ιιι..
1058 3969 1220 4025 Sorb.
1247 4009 1259 4030 ,
1286 3968 1441 4037 juxta
1477 3980 1744 4036 graecum,
1778 3964 2214 4037 inconvertibilem

613 4051 664 4097 et
713 4035 1104 4097 immutabilem.
1151 4035 1418 4109 integram
1466 4035 1609 4093 illam
1665 4038 2001 4109 sententiam,
2036 4046 2094 4109 ut
2123 4035 2215 4109 ab

612 4113 811 4169 Aeacio
843 4121 899 4169 et
922 4111 1158 4167 Eusebio
1187 4111 1239 4164 in
1272 4107 1538 4165 Encmniis
1560 4109 1822 4177 prolatam
1854 4107 2215 4178 proditAtha-

613 4186 823 4251 nasius,
848 4185 943 4240 lib.
977 4183 1049 4255 de
1065 4182 1271 4255 Synod.
1302 4197 1421 4252 pag.
1441 4181 2044 4255 9ll.Acacius_antem,
2072 4178 2216 4249 apud

616 4255 1009 4326 Epiphaniam,
1038 4251 1170 4326 hair.
1193 4251 1447 4326 r.xxn._n.
1477 4252 1533 4319 6,
1553 4252 1672 4309 haec
1701 4261 1753 4309 et
1785 4251 2043 4323 pleraque
2063 4266 2215 4322 supe-

614 4324 761 4383 riora
789 4329 952 4383 verba
983 4324 1198 4381 Asteria
1226 4324 1487 4380 attribuit.

690 4396 782 4488 (α).
811 4397 1022 4463 Graece,
1075 4396 1360 4469 δυνάμεως,
1415 4396 1499 4452 καί
1543 4396 1753 4467 βούλης,
1797 4398 1883 4452 καὶ
1932 4394 2077 4462 δόξης
2123 4402 2215 4453 τοῦ

619 4479 968 4615 netllb’jxtlhest
993 4555 1194 4615 semper
1212 4535 1355 4604 apud
1376 4535 1639 4615 Albanas.
1665 4545 1718 4591 ει
1740 4537 1953 4615 S_o_crat.
1975 4538 2057 4615 ιιι)
2079 4537 2217 4615 hanc

618 4608 810 4669 vocem
835 4654 850 4677 ,
881 4627 909 4663 a
938 4626 1043 4681 qua
1086 4611 1317 4664 Arianos
1348 4608 1713 4681 vehementer
1739 4608 2089 4681 abhorruisse
2128 4610 2217 4662 lli-

615 4683 786 4740 larius
811 4682 906 4739 lib.
927 4678 978 4737 tv
1004 4682 1071 4739 de
1093 4681 1244 4736 Trin.
1279 4698 1328 4735 ιι.
1358 4679 1413 4739 5.
1448 4678 1666 4745 indicat,
1702 4678 1816 4750 ipse
1846 4680 2006 4746 infra,
2038 4698 2091 4738 ιι.
2121 4680 2212 4748 53,

2321 3356 2649 3426 nuncupatio
2692 3359 2961 3414 obtineret
3003 3359 3105 3416 sub
3154 3360 3394 3416 falsitate
3440 3360 3695 3418 nominum
3734 3357 3837 3412 υιιὶο-

2320 3463 2466 3517 nem,
2501 3458 2556 3505 et
2585 3450 2743 3505 Pater
2772 3450 2922 3507 solus
2951 3460 3113 3523 atque
3138 3467 3280 3507 unus
3307 3452 3459 3508 idem
3489 3463 3642 3523 atque
3664 3450 3759 3521 ipse
3777 3448 3839 3504 ln-

3908 96 3917 329 l

2322 3541 2477 3598 berct
2503 3553 2557 3599 et
2594 3543 2828 3614 Spiritus
2863 3547 3033 3601 sancti
3075 3560 3270 3602 nomen
3298 3555 3354 3601 ει
3384 3545 3509 3602 Filii
3540 3546 3747 3603 :idcirco
3768 3555 3839 3597 tres
3928 3541 3929 3605 ἓ

2321 3636 2651 3695 substantias
2698 3652 2822 3693 esse
2869 3637 3144 3705 dixerunt,
3189 3638 3600 3696 subsistentium
3648 3648 3840 3709 personas

2323 3746 2419 3801 per
2437 3732 2751 3788 substantias
2777 3731 2856 3806 (lt)
2883 3732 3194 3803 edocentes,
3222 3749 3330 3790 non
3360 3734 3701 3792 substantiam
3722 3729 3839 3787 Patris

2397 3893 2493 3969 (Ill
2519 3895 2664 3969 Lips.
2694 3906 2751 3953 et
2786 3897 2909 3952 Par.
2942 3909 3291 3969 generaretur.
3336 3900 3430 3955 Er.
3462 3915 3581 3955 cum
3620 3893 3841 3969 vetustiore

2322 3982 2426 4022 ms.
2456 3966 2612 4042 Coll):
2642 3978 2695 4024 et
2721 3969 2909 4025 Germ.
2939 3966 3231 4042 generatur.
3267 3970 3399 4027 Bad.
3423 3987 3545 4025 cum
3574 3967 3766 4034 ceteris,
3787 3980 3841 4036 gf-

2318 4048 2541 4093 neratus.
2572 4037 2781 4108 Grceee,
2815 4044 2917 4119 πρὸ
2939 4037 3037 4098 ῖτοῦ
3063 4044 3149 4099 τὸν
3168 4044 3274 4098 υἱὸν
3299 4052 3392 4099 τοῦ
3416 4051 3569 4101 Grai.

2389 4132 2456 4202 (i)
2517 4130 2572 4187 in
2626 4134 2775 4207 prius
2833 4134 3065 4205 vulgatis
3108 4136 3361 4205 adjicitur
3430 4137 3522 4193 hic
3560 4147 3605 4191 et
3647 4133 3831 4207 Spiritum

2318 4208 2552 4258 sanctum
2583 4220 2601 4259 :
2630 4206 2834 4276 absque
2864 4208 3203 4264 auctoritate.

2395 4299 2466 4372 (i)
2510 4300 2624 4355 Hoc
2658 4300 2849 4357 Saltem
2900 4302 3265 4359 obtendebant
3312 4304 3633 4368 Ettsebiani,
3676 4296 3839 4372 quigsilui

2322 4370 2716 4496 adfversantcs,
2769 4372 3092 4431 Sahelliana:
3141 4375 3367 4433 haeresis
3416 4378 3632 4433 nomine
3668 4370 3843 4430 seiciunt

2322 4457 2373 4496 ιιι
2400 4457 2606 4496 amare.

2320 4457 2606 4500 tntamare.

2396 4534 2646 4611 (Ir)_Quod
2672 4538 2816 4611 enim
2848 4538 3008 4594 vertit
3037 4549 3220 4595 noster
3246 4541 3518 4611 interpres
3544 4552 3641 4597 tres
3664 4536 3840 4593 substan-

2321 4606 2438 4682 tias,
2470 4607 2548 4682 illi
2575 4618 2715 4682 τρεῖς
2734 4610 3053 4673 ὑποστάσεις
3076 4611 3351 4669 dixerunt.
3392 4606 3599 4677 Verum,
3629 4612 3694 4665 uti
3718 4612 3844 4663 monet

2325 4678 2654 4755 Epiphanius
2693 4682 2821 4737 liter.
2853 4699 3042 4748 Lxxnt,
3076 4700 3130 4737 n.
3161 4685 3249 4751 l7,
3288 4701 3354 4739 ne
3393 4702 3548 4755 quan
3585 4686 3843 4755 byW”

616 4754 888 4827 significat
908 4767 1028 4809 eam
1054 4753 1340 4827 formulam
1368 4751 1469 4806 sibi
1495 4750 1673 4827 minus
1695 4750 1858 4827 fuisse
1886 4761 2212 4820 suspectam.
2244 4754 2297 4815 D
2322 4750 2601 4827 appellatio
2631 4755 2904 4823 perturbet,
2939 4755 3001 4809 ob
3025 4755 3079 4808 id
3109 4750 3241 4810 enim
3268 4750 3570 4827 [typosfases
3592 4750 3648 4810 ab
3668 4751 3841 4827 Oricum

691 4822 767 4899 (c)
795 4825 877 4881 Ex
898 4839 1072 4899 graeca
1096 4823 1287 4899 phrasi
1318 4822 1784 4899 legettdum_ltomo
1823 4825 1994 4899 [actus
2022 4834 2093 4879 est
2117 4841 2134 4891 ;
2167 4834 2221 4881 ct

621 4894 757 4956 mox
780 4894 1046 4969 apostolus
1074 4896 1221 4966 ﬁdei,
1252 4911 1355 4949 non
1384 4894 1778 4969 prwdestinatus
1804 4895 1944 4964 ﬁdei.

695 4970 776 5043 (ά)
802 4966 969 5043 ᾉιιιιᾴ
1016 4969 1331 5043 Socratetn_._
1351 4966 1436 5023 τὸν
1474 4966 1703 5043 παθόντα
1745 4968 1880 5043 τῇπέρ
1923 4969 2225 5043 ἠμῶνηκαὶ

939 5041 1072 5118 ὑπὲρ
1094 5042 1255 5113 ἡμῶν.
1291 5039 1402 5093 Ηοε
1428 5039 1724 5093 secundum
1750 5038 1883 5115 ὑπὲρ
1907 5038 2049 5113 ἡμῶν
2074 5038 2227 5094 abest

620 5128 729 5168 anu
848 5123 1059 5167 uanas.

620 5123 763 5169 apud
794 5123 1059 5168 Albanas.

659 5130 763 5184 pun
794 5130 1059 5168 Atrianus.

692 5184 770 5257 (e)
793 5184 889 5257 Sic
922 5182 1054 5257 _Ba_d_.
1081 5196 1202 5257 cum
1232 5194 1370 5257 mss.
1395 5179 1691 5257 Aliaa‘vero
1717 5181 1872 5257 edit.,
1900 5181 2192 5257 discipulis.

715 5185 770 5257 e)
798 5185 889 5239 Sic
924 5185 1054 5237 Bad.
1081 5196 1202 5237 cum
1232 5194 1364 5236 mss.
1395 5185 1529 5235 Aliae
1557 5194 1691 5236 vero
1717 5185 1872 5249 edit.,
1900 5185 2192 5250 discipulis.

692 5185 763 5329 ll“)
791 5253 958 5329 Editi.
987 5252 1269 5329 Manifesta
1300 5253 1470 5321 utique
1514 5251 1691 5329 Patris
1738 5252 2041 5329 (hicAaddit
2086 5254 2216 5310 Bad.

622 5320 886 5397 persona),
912 5341 1025 5379 vere
1052 5320 1234 5393 patris,
1272 5320 1508 5397 certaque
1543 5320 1675 5378 Filii
1699 5320 1815 5378 uére
1844 5325 1963 5393 lilii,
2003 5337 2222 5397 notaque

628 5395 860 5522 Epiritus
909 5397 1076 5451 sancti
1119 5411 1139 5451 :
1183 5395 1515 5466 castigantur
1555 5410 1620 5450 ex
1664 5410 1844 5466 greeco
1889 5407 1944 5451 et
1991 5395 2221 5467 potiori-

669 5483 731 5522 us
763 5483 893 5522 mss.

669 5483 731 5525 US
763 5483 893 5524 mss.

804 5540 1012 5626 graece,
1031 5542 1101 5601 ὡς
1125 5534 1253 5626 sivest
1270 5545 1335 5613 τῇ
1347 5540 1437 5610 μὲν
1463 5538 1756 5626 uiroc-ratast
1770 5542 1912 5626 epici,
1930 5536 2221 5626 rleés'fmpt-

629 5608 787 5685 φωῆᾲ
827 5610 929 5685 is,
966 5626 1087 5685 qua:
1117 5610 1278 5664 verba
1310 5608 1373 5685 'v_.
1404 5623 1456 5685 _c.
1505 5608 1750 5685 lluctius.
1783 5608 1872 5668 lib.
1920 5608 2212 5685 tt'_0rigen.

632 5678 689 5750 ἡ.
719 5678 776 5748 ‘2,
811 5697 867 5735 ιι.
896 5683 955 5748 ’5,
985 5678 1304 5751 deprompta
1344 5678 1509 5736 fuisse
1545 5682 1815 5750 coniectat
1860 5698 1927 5740 ex
1967 5678 2220 5749 Origene,

631 5751 724 5821 lib.
756 5767 844 5805 vnt
875 5750 1069 5806 contra
1094 5750 1335 5816 Celsum,
1368 5763 1667 5820 εεςειειιιε,
1682 5752 1894 5812 Patrem
1925 5762 1981 5809 et
2008 5752 2241 5821 Filium,’

635 5818 754 5879 ὅντα
795 5821 886 5876 δύο
1012 5824 1295 5903 ὑποστάσει
1332 5824 1617 5903 πράγματα
1630 5818 1659 5903 2⁷
1679 5822 1730 5903 ἔγ
1756 5827 1809 5883 δέ
1838 5837 1900 5903 τῇ
1932 5826 2121 5902 ὁμονάᾳ
2144 5818 2230 5883 καὶ

632 5902 699 5971 τῇ
724 5894 991 5967 cauponiis;
1009 5898 1093 5949 καὶ
1119 5901 1182 5965 τῇ
1206 5894 1484 5954 τωτὸἱ-ηέι
1498 5904 1589 5954 τοῦ
1619 5894 1960 5975 βουλήματὶις.

2328 4823 2459 4878 libus
2490 4836 2830 4899 usurpantur,
2854 4837 2909 4880 ut
2928 4843 3257 4895 personarum
3280 4823 3616 4898 proprietates
3640 4823 3844 4899 subslit?

2328 4905 2409 4971 tes_
2443 4894 2836 4971 exsistentesque
2880 4893 3159 4971 declarent.
3208 4893 3290 4954 Et-
3323 4911 3451 4971 post,
3489 4914 3646 4968 pauca
3678 4893 3845 4971 il.qu

2328 4964 2645 5038 subsistentis
2694 4964 3082 5038 eaisistentisqne
3121 4970 3297 5026 Patris
3323 4964 3385 5026 ἐι
3428 4964 3560 5027 Filii
3605 4982 3647 5025 et
3683 4965 3846 5036 Siti!”

2327 5036 2491 5090 sancti
2512 5040 2870 5106 proprietates,
2898 5036 3284 5097 subsistendum
3312 5060 3639 5109 personan
3664 5041 3845 5109 Ιιῃροειε-

2328 5124 2407 5184 ses
2448 5108 2711 5184 appellant
2751 5109 3075 5179 Orientales;
3111 5130 3213 5168 non
3246 5108 3435 5170 uttres
3475 5116 3590 5170 illas
3626 5108 3847 5184 lippos!!!“

2332 5180 2429 5234 tria
2454 5179 2709 5249 principia
2744 5191 2905 5237 tresve
2939 5185 3061 5240 deos
3099 5202 3208 5242 esse
3250 5186 3423 5241 dicant
3455 5204 3474 5242 :
3506 5203 3617 5241 nam
3658 5179 3727 5237 eos
3758 5192 3846 5231 m-

2325 5251 2545 5305 thematc
2581 5251 2850 5319 damnant,
2894 5256 2979 5326 qui
3020 5266 3120 5311 tres
3165 5257 3286 5312 deos
3327 5260 3523 5313 dicunt.
3562 5256 3724 5325 Neque
3761 5259 3848 5326 vel?

2325 5329 2475 5398 tunc
2501 5327 2762 5398 temporis
2807 5326 3030 5398 Interesis
3073 5329 3382 5398 suspicione
3426 5328 3748 5389 laberalmnt,
3783 5332 3846 5398 qui

2326 5394 2425 5469 tria
2462 5393 2515 5449 in
2547 5393 2743 5469 diVinis
2777 5393 3184 5465 praedicabant
3209 5401 3320 5457 llnc
3350 5402 3524 5469 ipsum
3567 5400 3692 5469 enim
3714 5393 3847 5469 callio-

2328 5465 2430 5520 lice
2488 5466 2650 5545 etiam
2696 5460 2907 5545 postea
2936 5470 3245 5545 praedicavit
3311 5460 3600 5545 Gregorius
3628 5468 3747 5545 Alias.

2329 5551 2484 5603 xxix,
2520 5552 2574 5592 ιι.
2602 5539 2657 5602 5,
2697 5536 2756 5595 ει
2783 5536 2946 5608 alibi;
2976 5536 3495 5609 praedicaverunt'et
3520 5536 3845 5609 Occidentales.

2329 5619 2472 5688 puta,
2505 5609 2851 5688 Consentius,
2878 5604 3037 5681 epist.
3067 5615 3208 5683 apud
3234 5616 3581 5688 Augustinum
3607 5623 3789 5688 estsati-
3816 5604 3847 5663 is

2328 5680 2574 5759 scribens
2605 5699 2617 5736 :
2648 5682 2766 5759 Una
2794 5680 2954 5759 virtus
2992 5680 3282 5753 esu-qnam
3309 5680 3440 5742 trina
3468 5687 3683 5759 possidet
3711 5680 3849 5759 rillus;

2329 5767 2433 5831 una
2461 5755 2749 5831 substantia
2792 5765 2883 5821 est,
2924 5758 2977 5831 in
3017 5775 3118 5831 qua
3158 5761 3261 5813 tria
3303 5771 3419 5813 sunt
3461 5755 3573 5830 qua:
3610 5756 3848 5831 subsigna-

2326 5822 2665 5901 Angnstinus
2696 5829 2833 5901 ipse,
2860 5817 3215 5901 epist.'m.xx,
3244 5831 3311 5887 ad
3332 5817 3628 5896 Maximum,
3655 5844 3701 5883 ιι.
3720 5822 3748 5877 5
3769 5817 3851 5901 ιβ

2332 5893 2440 5951 lucc
2470 5899 2662 5969 omnia,
2697 5893 2910 5973 inquit,
2932 5919 3023 5960 nec
3066 5893 3281 5976 confuse
3316 5919 3472 5962 unum
3515 5893 3642 5969 sunt,
3670 5913 3745 5956 ac:
3775 5893 3851 5947 άὶδ·
