3996 6330
177 369 272 428 505

915 365 1121 423 LIBER
1162 367 1249 423 DE
1289 366 1614 435 SYNODIS,
1655 367 1785 427 SEU
1826 368 1915 425 DE
1972 368 2128 426 FIDE
2166 371 2659 431 ORIENTALIUM.

3337 372 3445 431 506

174 496 224 546 et
248 484 356 543 Filii
377 480 449 557 (a)
475 481 785 540 diversitate
814 482 1093 541 dissimilis
1120 484 1375 542 essentia:
1404 494 1743 556 separantes.
1773 487 1827 548 Α
1852 486 2150 543 substantia
2178 488 2375 559 habet,
2407 505 2475 546 ne
2505 489 2848 547 demutabilis
2892 489 3006 546 liat.
3040 488 3157 546 Non
3197 490 3344 549 enim
3390 491 3446 546 in

175 579 311 652 Quod
334 587 505 636 autem
532 577 732 635 dictum
763 589 846 635 est
872 595 887 635 :
922 579 990 636 Ut
1021 582 1123 636 sint
1149 580 1351 653 quidem
1381 599 1472 653 per
1511 583 1743 638 substan-

174 679 285 735 tiam
304 675 416 740 tria,
443 690 532 746 per
555 675 947 729 consonantiam
975 691 1092 730 vero
1113 691 1293 743 unum,
1324 690 1432 732 non
1458 676 1623 732 habet
1652 691 1745 731 ea-

173 770 409 829 lumniam
457 786 471 823 :
522 767 773 841 quia_(b)
824 770 1211 825 cunuomiuato
1263 768 1506 840 Spiritu,
1562 769 1612 826 id
1663 779 1747 826 est

174 863 450 939 paracleto,
480 861 852 919 consonantia:
878 863 1080 933 potius,
1110 878 1271 934 quam
1298 864 1551 921 essentiae
1581 861 1743 936 5.81

172 973 259 1030 per
321 953 723 1011 similitudinem
783 954 1101 1011 substantia:
1162 955 1445 1026 praedicari
1493 955 1749 1013 convenit

173 1051 412 1107 lutitatem
423 1087 436 1101 .

236 1143 319 1199 55.
352 1140 467 1197 Hac
496 1140 723 1213 formula
749 1140 976 1198 eamdem
1022 1140 1200 1197 Patris
1238 1158 1299 1197 ac
1326 1139 1456 1197 Filii
1479 1141 1750 1197 essentiam

173 1234 449 1307 pradicari.
478 1232 779 1289 'Natiuitatis
805 1246 854 1291 et
881 1233 1296 1289 innascibilitatis
1324 1233 1619 1289 discrimen.
1651 1231 1751 1287 Fi-

173 1327 264 1384 lius
285 1322 632 1387 immutabilis.
665 1357 733 1367 -—
760 1327 1029 1384 Caeterum
1075 1326 1251 1382 omnis
1279 1327 1528 1398 Superior
1568 1341 1750 1383 sermo

173 1421 221 1478 in
242 1419 380 1476 nullo
411 1420 627 1476 Patrem
649 1430 704 1476 et
730 1420 927 1476 Filium
950 1420 1203 1476 essentia:
1249 1435 1313 1475 ac
1338 1428 1543 1475 natura:
1567 1419 1749 1476 diver-

117 1585 121 1588 λ
172 1517 317 1573 sitate
342 1515 617 1573 discrevit.
642 1516 742 1574 Ubi
775 1518 918 1574 enim
951 1516 1178 1580 dicitur,
1220 1515 1386 1572 Deam
1416 1516 1477 1572 de
1513 1516 1641 1582 Deo,
1675 1526 1752 1571 lo-

176 1622 363 1668 tumea:
397 1620 548 1678 toto;
598 1627 702 1667 non
759 1612 1048 1683 ambigitur
1080 1620 1252 1667 totum
1312 1611 1477 1665 Deum
1525 1626 1590 1665 cx
1638 1617 1751 1665 toto

173 1707 275 1764 Deo
298 1714 501 1762 natum.
533 1704 667 1762 Nam
699 1717 751 1762 et
784 1706 875 1760 Dei
902 1704 972 1760 de
1019 1705 1133 1760 Deo
1165 1713 1353 1760 natura
1387 1718 1494 1759 non
1539 1703 1750 1760 dill'ert:

170 1809 220 1857 et
246 1806 384 1855 totus
410 1813 480 1855 cx
507 1805 620 1853 toto
649 1798 702 1853 in
748 1797 814 1853 iis
863 1807 948 1854 est
988 1796 1106 1866 ipse
1132 1837 1145 1860 ,
1180 1797 1376 1868 quibus
1434 1794 1594 1851 Pater
1642 1805 1747 1851 est.

1844 595 1913 637 eo
1943 590 2219 649 nascente,
2253 598 2339 649 ea,
2369 583 2438 640 de
2463 599 2566 656 qua
2607 594 2770 642 natus
2801 593 2886 641 est
2912 625 2928 653 ,
2954 583 3229 642 demutata
3258 592 3448 639 natura

1846 683 1930 733 est
1955 693 1968 730 :
2002 674 2098 731 sed
2125 674 2565 734 indemutabilem
2605 678 2897 735 essentiam
2928 687 3089 735 natus
3116 676 3352 734 obtinuit
3382 692 3447 732 cx

1848 767 2251 825 indemutabilis
2290 768 2372 843 (ά)
2402 772 2726 828 auctoritate
2778 781 3006 828 naturae.
3039 770 3173 827 Nam
3202 771 3448 843 quamvis

1853 864 2031 934 imago
2076 872 2185 930 est,
2249 872 2426 920 tamen
2468 865 2920 923 incommutabilis
2967 876 3051 923 est
3097 867 3273 939 imago
3315 867 3450 937 (non

1848 965 2176 1013 commutata
2231 956 2285 1013 in
2316 972 2383 1014 eo
2431 959 2639 1015 scilicet
2678 974 2785 1030 per
2824 958 3326 1016 dissimilitudinem
3354 975 3446 1032 pa-

1849 1057 2020 1106 ternae
2049 1050 2321 1121 essentize,
2345 1066 2410 1108 ex
2444 1067 2548 1123 qua
2577 1062 2658 1107 est
2704 1054 2941 1123 genitus,
2971 1052 3212 1124 natura),
3239 1054 3364 1124 quia
3385 1052 3438 1109 in

1851 1157 1916 1200 eo
1962 1144 2140 1214 imago
2173 1153 2408 1214 paterna:
2460 1144 2709 1201 essentia:
2761 1153 3095 1202 nasceretur.
3146 1145 3265 1201 iam
3311 1159 3442 1202 vero

1851 1251 1973 1293 cum
2008 1237 2212 1308 primus
2238 1239 2417 1295 editus
2455 1240 2527 1313 (ε)
2559 1254 2680 1296 esse
2707 1241 2872 1297 totius
2901 1249 3165 1297 creaturte
3192 1240 3440 1307 docetur,

1851 1339 1907 1386 et
1932 1330 2048 1402 ipse
2078 1331 2172 1388 ille
2211 1346 2426 1404 semper
2479 1332 2646 1389 fuisse
2696 1332 2749 1389 in
2781 1332 3048 1405 principio
3078 1332 3218 1405 apud
3272 1333 3442 1390 Deum

1851 1422 2089 1481 Verbum
2146 1424 2287 1481 Deus
2316 1425 2553 1491 dicitur;
2607 1425 2734 1481 dum
2785 1426 2993 1497 primus
3030 1424 3249 1493 editur,
3294 1435 3450 1482 natus

1853 1516 2018 1574 fuisse
2044 1518 2383 1585 ostenditur;
2409 1519 2535 1575 dum
2569 1535 2786 1591 semper
2810 1519 2906 1576 luit
2929 1563 2944 1586 ,
2978 1535 3079 1577 nec
3099 1530 3346 1592 tempore
3365 1536 3453 1577 se-

1855 1621 2077 1683 paratur
2105 1628 2133 1667 a
2155 1611 2319 1687 482
2368 1613 2549 1670 Patre.
2582 1614 2697 1671 Non
2730 1631 2861 1689 ergo
2905 1615 3075 1673 videri
3102 1625 3281 1687 potest
3317 1616 3451 1672 divi-

1853 1706 1937 1760 sio
1989 1706 2421 1762 substantiarum
2475 1708 2720 1782 (supple,
2752 1708 2822 1764 ab
2872 1708 2977 1765 hac
3023 1709 3258 1783 synodo)
3308 1710 3453 1784 (qua:

1856 1799 1988 1855 nihil
2019 1800 2163 1856 aliud
2191 1803 2415 1870 studuit,
2440 1817 2598 1873 quam
2627 1813 2683 1856 ut
2706 1818 2802 1873 per
2823 1803 2983 1859 trium
3019 1802 3091 1876 (n
3119 1803 3446 1860 substantia-

172 1894 307 1951 Unus
329 1911 393 1950 ea;
440 1911 545 1949 uno
574 1895 852 1963 passiones
881 1892 1101 1948 humani
1132 1898 1317 1963 partus
1355 1901 1409 1947 et
1443 1890 1754 1962 conceptio-
1784 1886 1832 1947 B
1861 1909 1979 1949 rum
2005 1908 2203 1951 nomen
2234 1937 2248 1959 ,
2283 1895 2512 1966 triplicis
2538 1895 2787 1952 vocabuli
2817 1896 3135 1953 excluderet
3174 1894 3450 1970 unionem)

168 1989 246 2045 nis
265 1987 528 2044 excludit:
559 1996 616 2044 ut
643 1988 769 2044 dum
817 2002 955 2043 unus
988 2003 1051 2043 ex
1082 2000 1190 2042 uno
1216 1994 1320 2052 est,
1352 1999 1459 2039 non
1489 1982 1706 2040 aliunde
1729 2027 1743 2051 ,

168 2096 260 2138 nec
281 2080 549 2148 diversus,
582 2091 673 2136 aut
701 2082 774 2154 (ε)
806 2080 943 2137 alius
969 2081 1061 2147 sit,
1095 2078 1187 2150 qui
1229 2087 1313 2135 est
1345 2093 1483 2134 unus
1504 2094 1573 2134 ex
1598 2093 1706 2134 uno
1731 2121 1746 2146 ,

167 2173 421 2246 perfectus
453 2190 485 2231 a
514 2174 777 2247 perfecto.
805 2175 921 2232 Non
951 2174 1131 2231 dill‘ert
1171 2184 1366 2245 prtetcr
1382 2173 1605 2245 originis
1623 2188 1751 2229 cau-

166 2282 270 2324 sam
318 2267 386 2324 ab
454 2270 877 2326 innascibilitate
940 2268 1221 2335 nativitas;
1285 2283 1408 2324 eum
1481 2265 1748 2338 perfectio

167 2362 432 2435 utriusque
462 2378 567 2420 non
617 2362 848 2420 dill'erat.
910 2363 1022 2418 lie-.1:
1050 2363 1111 2417 de
1141 2363 1303 2435 Rege.
1350 2361 1464 2416 Non
1517 2360 1750 2416 admittit

165 2472 264 2514 uno
286 2467 446 2529 atque
467 2459 659 2516 eodem
693 2460 911 2516 miminc
940 2468 1177 2529 potestas
1201 2467 1613 2528 connuncupata
1639 2456 1752 2510 dis-

164 2551 560 2609 similitudinem
590 2555 895 2625 potestatis.
932 2553 1215 2610 Dominam
1244 2552 1306 2608 de
1352 2550 1595 2607 Domino.
1641 2550 1748 2605 Do-

165 2651 383 2706 minatus
411 2666 636 2723 quoque
656 2659 900 2723 aequatur
929 2650 980 2705 in
1011 2650 1277 2706 Domino:
1311 2664 1411 2706 nec
1427 2647 1617 2719 recipit
1643 2644 1748 2702 dil—

164 2742 429 2800 l‘erentiam
459 2744 709 2800 confessa
738 2745 789 2799 in
815 2753 1043 2815 utroque
1068 2745 1187 2800 sine
1226 2743 1538 2798 diversitate
1568 2740 1746 2795 domi-

166 2837 319 2893 natio.
350 2837 491 2893 Illud
518 2852 648 2893 vero
672 2879 688 2905 ,
717 2837 859 2907 quod
911 2845 1033 2907 post
1076 2837 1240 2892 multa
1288 2835 1399 2892 alia
1443 2835 1750 2905 subjectum

166 2938 260 2998 est,
291 2931 732 2986 inconvertibilem
758 2941 808 2987 et
835 2929 1200 2985 immutabilem
1228 2971 1242 2995 ,
1291 2928 1569 2984 diuinitatis
1595 2937 1644 2982 et
1674 2942 1753 2982 es-

165 3026 324 3081 sentia:
349 3035 395 3081 et
421 3027 629 3082 virtutis
665 3035 712 3081 et
740 3027 920 3097 gloria;
957 3023 1425 3080 incommutabilem
1454 3021 1747 3092 imaginem,

164 3116 455 3174 absolutum
489 3127 591 3174 est.
622 3117 754 3173 Nam
783 3133 848 3174 ex
885 3119 992 3172 Deo
1023 3116 1198 3183 Deus,
1229 3131 1295 3171 ex
1322 3123 1434 3170 toto
1465 3122 1610 3168 totus
1637 3153 1652 3179 ,
1681 3127 1748 3169 ex

164 3225 262 3267 uno
288 3227 446 3279 unus,
480 3220 535 3267 et
565 3226 631 3267 ex
662 3210 904 3281 perfecto
931 3210 1203 3281 perlectus
1230 3250 1244 3274 ,
1268 3216 1323 3276 et
1346 3221 1413 3263 ex
1455 3220 1583 3277 rege
1607 3220 1703 3260 rex
1732 3247 1747 3271 ,

163 3312 284 3361 etes
309 3305 542 3360 Domino
576 3305 835 3360 Dominus
864 3345 879 3369 ,
913 3318 1036 3359 cum
1077 3300 1132 3357 in
1163 3316 1225 3356 ea
1256 3301 1404 3356 omni
1456 3298 1749 3355 divinitatis
1774 3273 1820 3336 (ἶ

163 3406 317 3477 gloria
345 3418 510 3480 atque
537 3415 727 3463 natura
756 3449 769 3473 ,
815 3407 869 3461 in
899 3421 1001 3477 qua
1046 3405 1204 3461 Pater
1230 3412 1513 3475 permanet
1543 3444 1560 3470 ,
1594 3412 1750 3457 natus

162 3513 363 3573 quoque
412 3501 681 3559 subsistat
715 3511 766 3557 et
824 3499 1030 3566 Filius;
1061 3500 1225 3556 etiam
1258 3498 1364 3555 boc
1409 3512 1477 3555 ex
1524 3505 1750 3569 paterna

153 3640 441 3723 junctetria
471 3652 615 3708 sunt,
647 3644 736 3697 sed
765 3658 881 3696 cum
909 3641 1010 3698 sint
1039 3657 1221 3706 unum,
1252 3640 1351 3696 tria
1380 3647 1499 3695 sunt
1516 3655 1537 3706 ;
1565 3648 1613 3694 et
1633 3654 1751 3694 cum

160 3716 252 3767 sint
272 3716 391 3777 tria,
418 3731 585 3770 unum
612 3725 747 3770 sunt.

232 3786 306 3858 (a)
355 3786 597 3843 Rursum
644 3786 769 3843 biuc
799 3785 1132 3842 removimus
1182 3799 1378 3850 voces,
1433 3792 1480 3838 et
1519 3782 1750 3856 Spiritus

159 3860 326 3930 sancti,
358 3860 605 3930 adiectas
626 3861 830 3930 absque
860 3875 989 3915 mss.
1022 3858 1361 3930 auctoritate.

225 3929 296 4002 (ὁ)
335 3931 390 3985 In
428 3927 669 4002 'vulgatis
692 3973 705 3993 ,
746 3927 1126 4000 cognominata.
1156 3927 1486 4002 Conciﬁnnius
1516 3927 1568 4002 in
1612 3942 1741 4002 mss.

163 4000 720 4071 conn'ominatonund
754 4018 879 4057 vero
910 4005 1173 4072 sequitur,
1206 4001 1385 4072 auita
1419 4000 1747 4072 intellexerit

162 4072 404 4142 Hilarius,
441 4087 503 4131 nt
534 4070 768 4144 Spiritus
794 4070 1008 4131 sanctus
1033 4116 1047 4136 ,
1073 4070 1525 4144 quemadmodum
1559 4072 1755 4144 dicitur

163 4145 211 4218 in
236 4146 467 4214 Scholis,
504 4148 555 4203 vi
583 4143 950 4218 processimus
980 4143 1099 4201 sum
1122 4162 1228 4200 non
1263 4143 1519 4218 procedat
1544 4158 1574 4197 a
1598 4143 1756 4197 Patre

161 4216 451 4274 formaliter
493 4229 556 4275 ut
589 4216 824 4273 similis?
866 4218 1024 4275 Certe
1064 4218 1157 4273 lib.
1192 4232 1287 4283 xtl,
1322 4231 1376 4270 n.
1418 4216 1517 4273 55.
1560 4229 1750 4283 magna

163 4288 259 4344 ﬁde
286 4291 578 4361 proﬁtetur
600 4305 659 4346 se
706 4291 961 4360 Spiritum
994 4300 1236 4345 sanctum
1270 4302 1557 4361 numquam
1580 4286 1754 4340 dictu-

162 4358 456 4432 rum—esse,
503 4373 597 4417 aut
635 4358 896 4432 genitum,
931 4372 1021 4417 aut
1064 4370 1324 4416 creatmn.
1352 4358 1527 4432 Quam
1572 4369 1750 4432 autem

162 4430 459 4489 luculenter
496 4428 741 4491 adstr'uat
779 4435 1011 4505 Spiritus
1055 4432 1223 4505 sathti
1255 4431 1612 4505 divinitatem,
1641 4428 1750 4496 jam

160 4506 490 4562 ostendimus
516 4506 810 4579 praefat.in
825 4501 1006 4579 libros
1036 4503 1279 4579 deTrin.
1314 4503 1502 4579 n._15,
1533 4501 1669 4555 adeo
1697 4509 1752 4554 ut

159 4587 434 4646 suspectus
462 4571 666 4634 nemini
699 4577 866 4633 videri
895 4578 1005 4648 jam
1029 4576 1224 4648 debeat
1246 4575 1346 4648 ist_e
1374 4571 1545 4648 locus.

222 4643 304 4721 (ὸ)
334 4649 425 4705 Sic
458 4664 592 4705 mss.
624 4650 862 4719 potiores
886 4643 911 4715 ,⁷
933 4649 1039 4704 duo
1076 4646 1265 4721 (Inibi,
1287 4645 1448 4699 Caru.
1478 4687 1493 4711 ,
1519 4643 1715 4721 gem}.
1734 4685 1748 4708 ,

1852 1986 1919 2041 ad
1942 1989 2336 2057 separationem
2398 1987 2632 2044 diversa:
2664 1990 2716 2045 in
2751 1988 2885 2045 Filio
2932 1998 2987 2047 et
3019 1990 3071 2046 in
3121 1989 3280 2046 Patre
3319 1989 3450 2046 sub-

1850 2079 2061 2133 stantia:
2091 2079 2395 2135 introducta
2422 2095 2580 2149 :_cum
2600 2082 2764 2137 totius
2788 2081 2915 2138 ﬁdei
2938 2082 3204 2153 expositio
3226 2082 3437 2139 Patrem

1849 2179 1906 2228 et
1935 2170 2153 2239 Filium,
2182 2172 2554 2230 innascibilem
2586 2185 2642 2229 ct
2667 2174 3025 2246 unigenitum,
3055 2189 3158 2231 nec
3185 2183 3448 2245 tempore,

1850 2282 1950 2323 nec
1972 2268 2212 2334 nomine,
2248 2283 2347 2324 nec
2373 2270 2610 2325 essentia
2638 2310 2653 2337 ,
2681 2285 2781 2326 nec
2806 2269 3069 2341 dignitate
3092 2310 3108 2339 ,
3140 2286 3243 2327 nec
3270 2270 3451 2327 domi-

1852 2363 2072 2419 natione
2122 2363 2417 2419 discernat.
2476 2364 2703 2436 Dignum
2754 2373 2935 2420 autem
2988 2374 3074 2422 est
3114 2365 3448 2422 conscientia

1850 2457 2124 2515 communi
2169 2459 2332 2513 etiam
2383 2468 2613 2514 caeteras
2679 2458 2995 2515 corumdem
3064 2461 3444 2532 episcoporum

1850 2552 2208 2611 Orientalium
2235 2554 2465 2611 diversis
2487 2565 2543 2611 et
2569 2555 2704 2611 locis
2730 2565 2786 2612 et
2812 2556 3148 2627 temporibus
3173 2561 3453 2628 conscrip-

1853 2658 1935 2706 tas
1984 2649 2117 2706 lides
2144 2665 2404 2717 noscere,
2437 2659 2496 2705 ut
2523 2667 2617 2720 per
2672 2651 2854 2721 plures
2879 2650 3249 2709 confessiones
3274 2651 3450 2708 since-

1854 2745 1985 2802 ritas
2006 2744 2353 2802 conscientiae
2384 2747 2557 2816 possit
2585 2744 2836 2819 intelligi.

1927 2881 2005 2957 (g)
2033 2881 2236 2940 FIDES
2258 2864 2629 2940 SECUNDUM
2676 2880 3002 2940 ORIENTIS
3029 2880 3375 2941 svuoouu.

2506 2999 2619 3072 (an.
2651 2998 2804 3071 547.)

1853 3114 2049 3172 Sancta
2082 3114 2323 3188 synodus
2348 3114 2402 3169 in
2433 3112 2513 3187 (Ιι)
2541 3112 2761 3171 Sardica
2783 3122 3108 3185 congregata
3135 3128 3198 3169 ex
3230 3113 3458 3169 diversis

1928 3208 2222 3280 provinciis
2274 3207 2632 3263 Orientalium
2675 3206 2910 3277 partium
2941 3249 2955 3275 ,
3005 3206 3314 3272 Thebaida,
3361 3205 3454 3264 IE-

1923 3313 2111 3379 ειριο,
2135 3302 2420 3360 Ριιιωδιίιιιι
2448 3345 2464 3370 ,
2494 3301 2688 3358 Arabia
2716 3343 2730 3368 ,
2757 3300 3016 3357 Pluenice
3037 3345 3051 3367 ,
3083 3299 3240 3374 Syria
3262 3299 3414 3357 Caele
3440 3343 3456 3370 ,

1930 3398 2338 3471 Mesopotamia,
2370 3396 2580 3460 Cilicia,
2609 3396 2973 3468 Cappadocia,
3002 3396 3195 3463 Ponto,
3225 3395 3459 3467 Paphla-

1925 3493 2085 3566 gonia
2115 3534 2129 3561 ,
2170 3490 2377 3548 Galatia
2397 3532 2413 3560 ,
2444 3489 2693 3564 Bithynia
2720 3531 2736 3559 ,
2769 3489 3121 3563 Hellesponto
3149 3530 3164 3558 ,
3195 3488 3259 3564 (il
3285 3486 3414 3545 Asia
3439 3528 3457 3558 ,

1856 3635 1978 3693 loco
2000 3634 2153 3704 juxta
2193 3646 2337 3704 mss.
2375 3630 2768 3704 restituendum
2810 3630 3135 3704 curavimus.
3178 3629 3308 3699 Ejus
3336 3630 3459 3686 loco

1855 3706 1911 3763 in
1943 3700 2050 3762 uno
2094 3719 2196 3760 ms.
2224 3700 2383 3759 Colb.
2431 3702 2695 3768 habetur,
2721 3703 2973 3772 expositio
3019 3704 3139 3772 [idei
3184 3704 3461 3757 secundant

1859 3776 2090 3834 Orientis
2114 3775 2367 3847 synodum
2389 3775 2627 3847 {eodem
2657 3788 2841 3828 sensu.
2879 3772 2986 3847 Sed
3018 3789 3123 3847 non
3154 3775 3457 3847 audiendus

1855 3845 2359 3917 recentiorliemig.
2414 3846 2605 3917 inquo
2651 3854 2845 3909 exstat,
2891 3846 3019 3915 ﬁdes
3073 3845 3291 3901 Serdica
3335 3862 3453 3901 con-

1863 3923 2077 3978 scripta.

1936 3940 2175 4067 Ziamlilss.
2194 3998 2516 4067 constanter
2547 4000 2595 4044 et
2620 4004 2820 4067 magno
2845 4003 3113 4067 consensu
3146 4033 3161 4056 ,
3216 3988 3445 4067 Serdica.

1859 4059 2250 4120 llmc'ntendax
2279 4060 2555 4130 inscriptio
2581 4061 2844 4132 plurimos
2888 4060 3119 4127 fefellit,
3146 4075 3318 4130 eaque
3356 4059 3455 4115 Do-

1857 4139 2069 4192 natistae
2098 4133 2451 4204 Augustinum
2481 4132 2732 4200 decipere
2761 4141 3036 4187 tentarunt
3065 4146 3160 4204 ,ut
3198 4133 3312 4201 ipse
3344 4140 3456 4204 tes-

1858 4211 1926 4264 tis
1944 4216 2028 4263 est
2057 4202 2216 4273 epist.
2249 4202 2382 4258 alias
2404 4219 2585 4269 cum,
2623 4217 2783 4258 nunc.
2817 4218 2960 4270 thv,
2989 4219 3043 4257 ιι.
3078 4203 3134 4259 6.
3164 4204 3261 4259 lllo
3284 4202 3460 4258 minus

1856 4289 2041 4333 cautus
2063 4276 2163 4331 fuit
2181 4275 2429 4346 Vigilins,
2461 4275 2555 4331 lib.
2588 4291 2617 4327 ν
2658 4286 2843 4329 contra
2880 4275 3177 4346 Eutychen,
3212 4292 3265 4329 ιι.
3303 4276 3359 4332 5.
3391 4278 3457 4330 At

1857 4351 2117 4406 Hilarium
2150 4345 2393 4402 nostrum
2424 4362 2530 4402 non
2571 4345 2698 4417 fugit
2723 4391 2734 4409 ,
2761 4362 2787 4398 a
2835 4345 3027 4416 quibus
3060 4348 3323 4416 prodierit
3370 4362 3461 4403 sc-

1855 4436 2026 4492 quens
2054 4420 2305 4484 formula,
2335 4419 2578 4492 tpta_n_ivis
2601 4434 2707 4472 nun
2735 4419 3257 4492 aperteprudidcrit.
3286 4417 3459 4492 Porro

1863 4488 1968 4549 non
2002 4492 2261 4552 Sardica}.
2296 4490 2390 4545 sed
2422 4488 2781 4558 Pbilippupoli
2827 4490 2877 4541 ιιι
2906 4488 3135 4545 Thracia
3178 4491 3321 4546 edita
3359 4489 3463 4546 fuit

1860 4567 1928 4621 ab
1957 4566 2043 4630 iis,
2077 4564 2167 4631 qui
2202 4563 2491 4635 sibiitnale
2519 4562 2721 4617 conscii
2743 4603 2756 4626 ,
2790 4561 3132 4618 Sardicensis
3161 4563 3351 4635 synodi
3375 4562 3464 4632 ju-

1861 4637 2059 4693 dicium
2090 4634 2466 4690 formidabant.
2500 4636 2867 4704 Quamquam,
2900 4635 3140 4702 exceptis
3168 4634 3456 4704 postremis

162 4702 383 4775 Soib’mi.
404 4702 538 4777 'A'ni'
550 4702 683 4775 nas
701 4702 899 4785 ιηςέίί
936 4702 1082 4774 aliud
1110 4719 1193 4773 sit.
1225 4702 1293 4773 Ut
1344 4702 1491 4786 smpti
1519 4702 1754 4771 Hilarius
1786 4716 1831 4775 ι)
1860 4709 2010 4764 hisce
2039 4707 2240 4786 verbis,
2276 4705 2527 4786 Similiter
2557 4721 2641 4759 eos
2664 4702 2792 4786 {qui
2823 4705 3140 4786 diftlttblrcs
3159 4702 3269 4760 esse
3293 4702 3454 4774 dect,

158 4791 296 4864 aliud
331 4801 563 4864 usurpat
599 4794 665 4847 ad
722 4794 1121 4848 distinctionem
1167 4803 1450 4861 personae,
1488 4789 1558 4843 ita
1613 4802 1755 4841 nunc

160 4862 286 4918 alius
311 4866 377 4919 ad
413 4862 819 4920 distinctionem
850 4878 1074 4920 naturm.
1574 4891 1595 4913 ο

224 4936 304 5006 (d)
333 4937 433 4992 Hic
453 4937 746 4993 auctoritas
771 4952 877 4991 non
909 4935 1050 4991 aliud
1077 4944 1231 4990 sonat
1270 4947 1333 4988 ac
1360 4942 1541 5006 auctor
1555 4947 1584 5006 .'_
1602 4940 1750 5001 puta,

158 5004 397 5065 natusex
433 5020 659 5065 auctore
688 5009 841 5076 cujus
869 5017 952 5064 est
987 5016 1178 5062 natura
1215 5004 1641 5061 indemutabilis.

224 5100 295 5173 (e)
326 5100 501 5168 Editi,
530 5117 647 5156 cum
676 5101 873 5173 primas
905 5100 1079 5173 editus
1114 5107 1239 5173 esset
1284 5098 1439 5173 totius
1468 5105 1750 5173 creatum,

224 5117 295 5173 te)
329 5117 501 5168 nunt,
530 5117 647 5156 cum
713 5117 873 5156 rimas
905 5117 1071 5154 cauus
1114 5117 1239 5153 esset
1284 5117 1439 5152 tonus
1468 5117 1750 5160 creaturw,

158 5172 360 5245 docetur
390 5183 437 5245 et
471 5176 595 5245 ipse
623 5117 712 5245 il];
760 5189 957 5245 semper
1006 5172 1165 5245 fuisse
1210 5171 1266 5245 in
1310 5169 1566 5245 principio
1614 5167 1753 5245 apud

158 5239 335 5298 Deum.
377 5236 605 5300 Verbum
630 5241 771 5299 Deus
800 5236 1016 5309 dicitur,
1038 5243 1163 5297 dum
1188 5236 1384 5313 primus
1417 5241 1605 5295 editur.
1636 5236 1751 5293 Na-

160 5325 233 5370 tus
258 5316 416 5389 [uisse
445 5316 753 5384 ostenditur,
784 5325 889 5372 etc.

225 5406 301 5479 (f)
331 5408 489 5465 Unus
520 5408 687 5465 codex
714 5408 864 5479 Colb.
897 5422 1018 5463 cum
1049 5405 1235 5479 Carm,
1260 5404 1383 5460 Mie.
1416 5414 1470 5479 et
1501 5403 1750 5479 vulgatis,

159 5476 559 5536 subsistentium.
590 5480 740 5536 Alter
777 5478 934 5536 Colb.
963 5495 1084 5534 cum
1117 5476 1301 5533 Germ.
1337 5520 1353 5544 ,
1386 5476 1749 5531 substantiam.

160 5549 513 5609 Prasferimus
530 5567 651 5608 cum
692 5554 905 5608 caeteris
934 5550 1366 5606 sabstantiaraut:
1400 5563 1522 5604 cum
1551 5546 1638 5602 hic
1662 5561 1757 5602 ex-

161 5634 410 5696 cusentur
430 5624 768 5690 Orientales,
803 5623 949 5696 quod
979 5624 1172 5679 trinam
1221 5620 1551 5696 bypostasim
1588 5619 1760 5696 intro-

160 5694 433 5764 duxerint,
466 5711 531 5752 ac
554 5696 775 5753 verbum
804 5690 1041 5767 graecum
1069 5690 1364 5758 ὑπόστάσις
1412 5693 1581 5750 latino
1641 5690 1761 5746 sab-

158 5771 360 5853 stantiaz
380 5770 605 5826 nomine
631 5769 863 5826 Hilarius
891 5769 1101 5826 reddat.

231 5861 308 5932 (g)
329 5860 574 5917 Titulum
602 5865 744 5918 hunc
765 5861 903 5932 apud
923 5860 1055 5918 Bad.
1086 5861 1366 5925 omissum,
1399 5868 1454 5916 et
1482 5858 1534 5915 in
1565 5857 1759 5916 editio-

163 5932 316 5992 ttibus
342 5935 468 5993 aliis
515 5938 580 5992 ad
633 5936 929 6007 marginem
974 5933 1254 5993 dumtaxat
1298 5932 1568 6006 adjectqu
1602 5972 1621 6003 ,
1660 5947 1760 5989 suo

1860 4791 1999 4847 etc.,
2030 4779 2262 4850 primum
2285 4777 2498 4847 vulgata
2528 4776 2695 4850 estalt
2724 4776 3277 4850 Eusebianisaliquot
3308 4792 3459 4850 men-

1860 4868 1949 4907 ses
1970 4847 2086 4922 post
2115 4850 2403 4907 concilium
2437 4847 2820 4922 Antiocliim__in
2851 4848 3140 4922 Encmniis,
3173 4849 3305 4922 etin
3330 4847 3461 4904 Gal-

1860 4918 2085 4993 lins'per
2110 4920 2691 4993 Narcissnm,ltlarim,
2733 4918 3083 4993 Tlieodorttttt
3129 4930 3182 4974 et
3223 4919 3458 4976 Marcum

1861 4995 1926 5051 ad
1951 4989 2299 5051 cotistautem
2323 4992 2473 5062 quasi
2516 5005 2544 5043 a
2576 4989 2786 5062 synodo
2816 4989 2992 5062 delata
3032 5033 3047 5056 ,
3095 5002 3153 5045 ut
3194 4993 3351 5046 testis
3379 5002 3464 5047 est

1858 5067 2207 5145 Athanasius,
2241 5064 2335 5118 lib.
2362 5063 2429 5145 de
2453 5061 2761 5145 Synodp.
2823 5061 2951 5128 895;
2993 5066 3100 5118 imo
3150 5072 3204 5118 ut
3258 5063 3455 5145 ibidem

1859 5139 2095 5208 subjicit,
2128 5136 2300 5208 iidem
2315 5134 2545 5189 triennio
2570 5144 2690 5208 post
2714 5134 2785 5208 in
2834 5148 3150 5208 consessum
3183 5137 3460 5191 venientes

1859 5205 2106 5269 eamdem
2139 5207 2413 5279 praedictis
2438 5205 2831 5279 appendicibus
2869 5205 3137 5279 ‘Similiter
3165 5223 3270 5270 cos,
3304 5217 3409 5261 etc.
3442 5248 3459 5273 ,

1860 5282 2087 5351 aliisque
2115 5276 2351 5345 auctam,
2386 5293 2481 5347 per
2511 5276 2835 5351 Eudovium,
2868 5276 3176 5351 Martyrium
3208 5278 3452 5351 aliosque

1861 5353 1915 5408 in
1937 5348 2142 5408 Italiam
2169 5354 2484 5407 emiserunt.
2515 5348 2742 5403 Demum
2792 5364 2911 5419 qum
2953 5350 3040 5404 hic
3068 5366 3188 5403 mox
3237 5350 3456 5420 subjici-

1864 5433 1952 5480 tur
1978 5433 2166 5481 contra
2197 5422 2486 5479 Photinnm
2521 5464 2536 5485 ,
2569 5421 2636 5477 ab
2681 5421 2779 5476 hac
2809 5436 2914 5475 non
2944 5420 3124 5476 ditl‘ert
3151 5462 3166 5487 ,
3196 5421 3297 5475 nisi
3328 5436 3458 5477 ana-

1865 5495 2161 5553 thematum
2192 5493 2595 5551 additamentis.

1940 5568 2001 5641 _(i)
2033 5570 2251 5640 Aliquot
2289 5581 2419 5622 mss.
2453 5564 2637 5641 probat
2683 5576 2859 5632 noue,
2892 5563 3325 5641 Asiaz‘l’ltrygiis.
3369 5567 3460 5641 Sic

1868 5637 2009 5698 infra
2040 5637 2180 5712 apud
2206 5640 2334 5696 Bad.
2369 5652 2577 5712 necnon
2608 5637 2661 5692 in
2690 5648 2872 5712 vetere
2890 5650 3004 5712 ms.
3036 5637 3193 5712 Colb.
3218 5648 3272 5694 et
3299 5640 3420 5696 aliis
3447 5685 3461 5707 ,

1869 5707 2098 5787 Europa}
2122 5713 2386 5787 Tltracia:
2414 5707 2556 5787 quod
2581 5721 2636 5763 et
2670 5710 2817 5787 apud
2838 5708 3091 5787 Vigilimn
3138 5710 3339 5787 legitur
3368 5713 3464 5769 lib.

1869 5802 1905 5842 v
1931 5782 2120 5843 contra
2157 5784 2390 5871 Eutych.
2443 5782 2639 5871 Neutra
2674 5783 2879 5871 ‘lectiq‘
2903 5782 3255 5871 conﬁrmatur
3298 5783 3472 5857 Finge

1869 5866 2052 5930 mento
2083 5875 2163 5927 Ill,
2195 5853 2285 5916 ubi
2312 5857 2493 5928 legere
2519 5861 2622 5922 est,
2656 5856 2800 5927 Asia,
2834 5854 3072 5926 Europa,
3102 5853 3472 5930 Hellesponto,

1870 5929 2111 5990 Thracia.
