3996 6330
542 282 646 342 5H

1693 297 1705 310 ο
1765 276 2008 337 SANCTI
2049 275 2306 334 IIILARII
2351 276 2656 337 EPISCOPI

3740 285 3830 342 512

538 422 648 464 non
687 404 903 462 Patrem
937 405 1004 461 ad
1051 403 1242 461 Filium
1263 402 1492 470 dixisse,
1523 402 1618 458 sed
1649 401 1824 472 ipsum
1852 398 1919 454 ad
1944 406 2140 454 semct-
2165 405 2216 467 Α
2316 397 2505 454 XXIII.
2553 419 2571 454 r
2611 399 2667 457 Si
2696 401 2838 474 quis,
2869 401 3015 474 quod
3045 401 3246 460 dictum
3279 413 3401 461 est:
3431 403 3544 478 Ego
3571 401 3712 460 Deus
3740 407 3830 477 pri-

539 501 718 574 ipsum
741 499 887 555 dicat
913 499 1082 554 Deum
1115 498 1352 552 loculum
1389 513 1402 549 :
1426 495 1714 551 anathema
1739 493 1834 550 sit.

613 593 757 650 XIV.
804 611 824 646 ‹
873 592 930 649 Si
985 591 1106 662 quis
1155 591 1322 647 lilium
1353 605 1459 645 non
1502 589 1647 645 dicat
1694 587 1931 644 Abraha:
1973 585 2147 642 visum

538 688 692 760 (Gen.
721 687 896 761 xvut),
935 686 1030 743 sed
1081 686 1247 743 Deum
1289 684 1687 752 innascibilem,
1722 683 1806 741 vel
1830 681 1908 755 (ιι)
1940 691 2146 754 partem

537 781 656 854 ejus
681 801 694 838 :
727 780 1018 838 anathema
1045 780 1133 837 sit.

613 874 731 931 XV.
785 892 804 927 ι
839 872 895 930 Si
925 874 1045 945 quis
1075 888 1198 929 cum
1230 872 1398 929 Jacob
1425 887 1532 927 non
1558 870 1755 927 Filium
1785 867 1938 941 quasi
1966 868 2146 924 homi-

537 983 665 1026 nem
689 966 1036 1024 colluetatum
1063 964 1217 1040 (Gen.
1246 981 1424 1034 xxxu,
1444 965 1570 1037 ει),
1598 963 1692 1019 sed
1721 963 1889 1019 Deum
1916 962 2152 1018 innasci-

545 1059 734 1126 bilem,
761 1059 846 1116 vel
878 1070 1083 1129 partem
1112 1059 1232 1129 ejus
1261 1059 1406 1114 dicat
1433 1076 1444 1112 :
1479 1055 1772 1113 anathema
1803 1058 1892 1111 sit.

611 1153 757 1210 XVI.
804 1173 824 1206 ε
855 1153 914 1210 Si
935 1154 1078 1226 quis,
1110 1153 1183 1224 (ὁ)
1220 1151 1363 1207 Pluit
1394 1151 1646 1206 Dominus
1667 1168 1700 1204 a
1727 1149 1947 1204 Domino
1986 1148 2140 1223 (Gen.

544 1263 636 1304 xix
658 1289 671 1314 ,
697 1245 816 1317 24),
851 1260 957 1302 non
998 1245 1067 1302 de
1096 1245 1236 1302 Filio
1257 1254 1314 1302 et
1338 1245 1497 1301 Patre
1530 1243 1814 1314 intelligat,
1844 1241 1938 1299 sed
1971 1243 2144 1314 ipsum

539 1355 571 1398 a
603 1355 661 1398 se
687 1339 830 1397 dicat
871 1339 1074 1411 pluisse
1102 1357 1118 1395 :
1167 1339 1453 1394 anathema
1483 1338 1574 1394 sit.
1615 1337 1758 1392 Pluit
1785 1337 1928 1393 enim
1961 1336 2144 1392 Domi-

537 1449 642 1491 nus
672 1435 839 1490 Filius
867 1449 894 1489 a
924 1434 1148 1490 Domino
1179 1433 1357 1490 Patre.

611 1527 777 1583 xvu.
821 1526 891 1599 (ι’)
931 1545 952 1580 ι
989 1527 1045 1584 Si
1077 1527 1196 1598 quis
1219 1526 1505 1582 Dominum
1547 1535 1603 1582 et
1652 1527 1940 1582 Dominum
1978 1525 2142 1599 437

540 1619 758 1676 Patrem
812 1628 866 1675 et
921 1619 1111 1674 Filium
1167 1619 1316 1692 (quia
1351 1618 1600 1674 Dominus
1626 1636 1657 1673 a
1689 1617 1912 1674 Domino
1940 1617 2147 1690 [supple

539 1711 763 1784 pluit]),
808 1711 944 1768 duos
993 1711 1137 1768 dicat
1174 1712 1306 1768 deos
1340 1729 1353 1767 :
1387 1713 1672 1769 anathema
1717 1713 1806 1768 sit.
1855 1712 1970 1769 Non
1999 1715 2141 1769 enim

2251 508 2388 560 mus,
2431 503 2482 548 et
2513 509 2606 563 ego
2649 493 2786 550 Deus
2835 495 3164 560 novissimus,
3211 508 3261 552 et
3289 508 3471 568 printer
3520 515 3602 554 me
3649 517 3747 555 non
3773 511 3832 557 est

2253 583 2390 639 Deus
2434 586 2605 658 (Esai.
2651 603 2798 656 xuv,
2855 588 2936 657 6),
2995 591 3060 645 ad
3109 590 3532 649 destructionem
3579 592 3831 650 idolorum

2250 675 2452 733 dictum
2483 689 2537 734 et
2570 694 2756 735 eorum
2801 681 2890 752 qui
2928 696 3034 738 uou
3085 692 3210 738 sunt
3262 683 3369 749 dii,
3421 685 3474 740 in
3527 683 3834 742 destructio-

2250 785 2370 827 nem
2407 769 2484 844 (g)
2516 771 2777 844 unigeniti
2805 783 2928 830 ante
2952 775 3149 830 smcula
3180 776 3272 833 Dei
3299 776 3516 848 iudaice
3544 777 3828 851 intelligat:

2249 868 2534 923 anathema
2575 870 2666 924 sit.

2321 961 2510 1019 XXIV.
2539 982 2558 1015 ι
2587 963 2642 1018 Si
2675 964 2794 1034 quis
2810 964 3086 1022 voluntate
3119 966 3236 1033 Dei,
3267 975 3542 1038 tamquam
3561 981 3730 1022 unum
3750 967 3833 1023 ali-

2248 1055 2374 1128 quid
2413 1057 2482 1113 de
2527 1068 2802 1127 creatura,
2839 1058 3037 1116 factum
3077 1060 3222 1117 dicat
3276 1060 3469 1116 Filiqu
3501 1078 3519 1117 :
3563 1059 3833 1119 anathema

2247 1149 2336 1206 sit.

2319 1244 2485 1302 XXV.
2520 1266 2539 1300 ‹
2561 1246 2615 1303 Si
2643 1248 2764 1319 quis
2793 1248 3010 1304 nolente
3034 1249 3194 1305 Patre
3223 1258 3403 1305 natum
3433 1249 3583 1307 dicat
3607 1249 3794 1306 Filium
3819 1265 3833 1307 :

2245 1340 2536 1396 anathema
2580 1339 2670 1396 sit.
2705 1340 2818 1397 Non
2850 1342 2996 1398 enim
3051 1342 3128 1416 (Ii)
3175 1343 3395 1400 nolente
3443 1344 3606 1399 Patre
3633 1353 3835 1402 coactus

2247 1435 2426 1503 Pater,
2461 1438 2546 1491 vel
2598 1436 2823 1491 naturali
2875 1439 3200 1494 necessitate
3249 1437 3472 1504 ductus,
3521 1451 3651 1493 cum
3688 1437 3836 1493 nollet

2245 1528 2430 1599 genuit
2457 1527 2652 1584 Filium
2681 1545 2693 1582 :
2725 1527 2820 1584 sed
2873 1525 2932 1601 (ὅ)
2981 1544 3106 1584 mox
3139 1528 3329 1595 voluit,
3361 1530 3478 1584 siue
3508 1539 3760 1600 tempore
3791 1539 3835 1588 et

2247 1620 2654 1692 impassibiliter
2684 1636 2750 1676 ex
2787 1635 2848 1678 se
2874 1637 2997 1676 eum
3022 1623 3261 1692 genitum
3294 1621 3710 1676 demonstravit.

2319 1713 2510 1770 XXVI.
2560 1733 2578 1767 ι
2613 1715 2671 1771 Si
2694 1715 2813 1786 quis
2843 1713 3215 1770 innascibilem
3243 1714 3380 1789 et(j)
3404 1715 3694 1771 sineinitio
3708 1714 3834 1771 dicat

539 1821 884 1878 exzequamus
911 1807 996 1864 vel
1026 1807 1104 1879 (ά)
1148 1822 1525 1878 comparamus
1575 1807 1770 1863 Filium
1818 1807 1960 1863 Patri
1990 1850 2004 1874 ,
2033 1808 2127 1864 sed
2161 1807 2206 1868 B
2239 1805 2452 1873 Filium,
2481 1816 2748 1877 tamquam
2763 1805 2870 1862 duo
2895 1808 3012 1864 sine
3034 1806 3300 1879 principio
3315 1816 3372 1863 et
3389 1807 3834 1864 duoinnascibilia

539 1905 841 1975 subjectum
905 1903 1282 1975 intelligimus.
1333 1903 1518 1976 Neque
1566 1903 1711 1960 enim
1761 1902 2040 1960 descendit
2088 1903 2141 1960 in

547 1996 840 2054 Sodomam
869 1997 986 2052 sine
1021 1996 1199 2052 Patris
1226 1997 1536 2065 voluntate;
1581 2011 1756 2068 neque
1793 1995 1930 2068 pluit
1958 2011 2024 2052 ex
2051 2010 2140 2063 se,

543 2091 638 2149 sed
660 2107 690 2146 a
717 2089 939 2146 Domino
958 2133 972 2157 ,
1017 2091 1334 2148 auctoritate
1375 2092 1582 2147 scilicet
1612 2089 1815 2156 Patris;
1865 2104 1966 2145 nec
1991 2088 2145 2146 sedet

543 2185 599 2242 in
631 2184 856 2240 dextera
881 2199 910 2238 a
931 2185 1247 2256 semetipso,
1288 2184 1380 2240 sed
1406 2184 1556 2240 audit
1583 2183 1856 2241 dicentem
1900 2181 2138 2249 Patrem,

542 2276 681 2333 Sede
699 2277 767 2332 ad
792 2277 1050 2332 dexteram
1081 2277 1321 2350 meam(e)
1364 2276 1537 2351 (Psal.
1563 2292 1676 2343 cxx,
1711 2276 1784 2347 l).

618 2370 809 2428 XVIII.
859 2391 878 2424 ι
914 2373 974 2429 Si
1025 2373 1144 2444 quis
1195 2373 1409 2428 Patrem
1457 2381 1512 2428 et
1540 2371 1733 2429 Filium
1783 2381 1840 2429 et
1881 2371 2141 2442 Spiritum

541 2477 790 2527 sanctum
816 2483 976 2524 unam
1003 2482 1288 2539 personam
1311 2467 1456 2524 dicat
1483 2485 1498 2524 :
1531 2470 1819 2527 anathema
1853 2474 1946 2531 sit,

610 2580 756 2639 XIX.
805 2609 823 2642 ι
861 2588 916 2645 Si
987 2592 1108 2662 quis
1163 2591 1426 2661 Spiritum
1482 2602 1728 2648 sanctum
1797 2591 2137 2665 paracletum

539 2683 725 2741 dicens
754 2729 769 2753 ,
804 2687 1178 2744 innascibilem
1207 2689 1375 2745 Deum
1405 2689 1549 2744 dicat
1575 2709 1587 2744 :
1615 2688 1902 2744 anathema
1952 2688 2042 2742 sit.

617 2777 739 2834 XX.
787 2798 806 2833 ί
843 2779 1070 2850 Siquis,
1127 2782 1286 2837 sicuti
1341 2781 1524 2837 docuit
1564 2797 1663 2837 nos
1693 2781 1974 2846 Dominus,
2033 2795 2141 2836 non

542 2873 706 2929 alium
730 2874 873 2930 dicat
905 2876 1241 2934 Paracletum
1267 2893 1295 2931 a
1328 2878 1506 2944 Filio;
1541 2878 1675 2934 dixit
1702 2879 1847 2934 enim
1881 2897 1896 2934 :
1923 2877 1987 2932 Et
2013 2879 2139 2934 alte-

543 2982 659 3021 rum
688 2969 999 3041 paracletum
1046 2971 1208 3025 mittet
1250 2971 1388 3026 vobis
1416 2970 1595 3036 Pater,
1642 2987 1791 3042 quem
1837 2970 2029 3044 rogabo
2068 2969 2139 3041 (ί)

540 3079 632 3136 ego
664 3063 846 3131 (Joan.
880 3083 987 3133 xiv,
1023 3066 1112 3138 I6)
1145 3086 1156 3122 :
1187 3069 1472 3125 anathema
1513 3069 1603 3124 sit.

613 3157 757 3215 XXI.
791 3179 810 3212 ι
845 3161 898 3218 Si
931 3162 1051 3231 quis
1081 3161 1338 3232 Spiritum
1369 3172 1610 3218 sanctum
1630 3171 1840 3235 partem
1864 3161 2010 3218 dicat
2039 3161 2142 3217 Pa-

543 3252 644 3308 tris
669 3254 752 3310 veI
782 3253 906 3311 Filii
939 3274 952 3309 :
983 3257 1268 3313 anathema
1294 3258 1383 3313 sit.

608 3345 778 3402 XXII.
805 3367 824 3402 ι
847 3347 903 3406 Si
930 3351 1050 3420 quis
1076 3351 1289 3407 Patrem
1321 3360 1377 3408 et
1398 3351 1592 3408 Filium
1619 3362 1673 3408 et
1693 3351 1956 3426 Spiritum
1983 3366 2140 3409 sanc-

541 3449 652 3498 tum
687 3451 795 3501 tres
822 3446 965 3502 dicat
987 3445 1120 3504 deos
1151 3467 1164 3504 :
1193 3448 1478 3505 anathema
1509 3449 1599 3506 sit.

623 3614 699 3678 (al
730 3614 869 3672 Editi
897 3616 984 3673 hic
1013 3627 1064 3672 et
1103 3618 1333 3674 articulo
1379 3617 1730 3687 subsequenti
1783 3633 1994 3674 necnon
2021 3617 2083 3672 2|
2123 3657 2136 3682 ,

541 3697 741 3765 patrem
759 3705 778 3743 :
810 3690 1326 3765 renitentibnsmss.
1366 3701 1421 3746 et
1448 3706 1622 3757 graeca
1655 3705 1787 3765 voce
1815 3693 1992 3765 μέρος.

616 3760 690 3828 (lt)
726 3760 780 3814 In
807 3762 1042 3825 antiquis
1067 3762 1218 3817 libris
1248 3771 1576 3819 censtanter.
1613 3764 1794 3828 pluvit,
1815 3760 2064 3830 pluvisse.

614 3832 684 3895 (cl
713 3832 846 3888 Bad.
883 3834 1078 3899 Siquis
1119 3833 1392 3888 Dominum
1429 3845 1475 3888 et
1516 3834 1680 3890 Deum
1708 3852 1810 3890 non
1858 3834 2066 3888 Patrem
2094 3844 2140 3888 et

543 3902 739 3959 Filium
770 3907 1060 3971 intelligat;
1086 3908 1207 3976 quia
1237 3905 1507 3960 Dominum
1537 3917 1584 3959 et
1635 3907 1795 3961 Deum
1842 3907 1972 3962 duos
2001 3907 2141 3960 dicat

538 3977 697 4032 deos:
721 3979 898 4032 anath.
945 3979 1035 4034 Er.
1067 3988 1120 4031 ct
1148 3978 1274 4033 Mir:
1302 3979 1362 4034 Si
1388 3979 1502 4045 quis
1553 3977 1832 4034 Dominum
1886 3990 1932 4032 et
1976 3978 2138 4033 Deum

539 4065 641 4104 non
673 4048 879 4105 Patrem
909 4060 954 4105 et
999 4049 1194 4104 Filium
1234 4052 1382 4117 quasi
1415 4050 1690 4104 Dominum
1720 4068 1752 4104 a
1799 4048 2020 4106 Domino
2059 4051 2142 4103 in-

541 4122 757 4188 telligat,
786 4131 892 4177 ctc.
923 4166 936 4182 .
966 4132 1022 4177 ut
1053 4122 1186 4177 Bad.
1243 4125 1308 4176 At
1339 4138 1469 4177 vero
1499 4121 1644 4178 Lips.
1672 4133 1727 4179 et
1771 4123 1910 4178 Par:
1942 4122 2002 4178 Si
2027 4122 2141 4189 quis

544 4192 818 4249 Dominum
839 4203 887 4248 et
915 4194 1186 4249 Dominum
1219 4193 1423 4250 Patrem
1453 4208 1499 4247 et
1531 4192 1750 4260 Filium,
1779 4195 1925 4260 quasi
1957 4193 2140 4248 Domi-

539 4281 663 4319 num
689 4283 721 4318 a
753 4265 974 4320 Domino
1001 4267 1258 4332 intelligat
1280 4284 1297 4322 :
1325 4267 1445 4334 quia
1472 4265 1749 4321 Dominum
1771 4278 1819 4322 et
1862 4265 2141 4321 Dominum

537 4337 666 4391 duos
693 4338 830 4392 dicat
856 4339 1013 4393 deos:
1036 4341 1216 4391 anath.
1252 4338 1308 4392 In
1338 4349 1552 4394 vetusto
1579 4339 1769 4394 codice
1793 4338 2136 4403 Colbertino,

541 4407 605 4461 Si
631 4410 748 4469 quis
775 4406 937 4462 Deum
965 4421 1011 4464 et
1043 4409 1316 4464 Dominum
1350 4409 1556 4464 Patrem
1585 4420 1633 4465 et
1659 4408 1876 4471 Filium.
1901 4427 2002 4477 qua
2027 4408 2136 4464 Do-

540 4479 787 4534 minuma
812 4478 1052 4538 Domino.
1083 4481 1210 4534 duos
1241 4482 1375 4535 dicat
1405 4483 1526 4536 deas
1551 4499 1568 4536 :
1598 4485 1778 4539 anath.
1798 4501 1816 4550 ;
1839 4482 2000 4537 lectio
2030 4496 2138 4536 non

541 4550 865 4617 spernenda,
899 4553 984 4607 cui
1011 4552 1152 4608 lavet
1181 4552 1488 4611 Facundos.
1515 4555 1681 4615 lib.x.
1711 4554 1906 4617 cap.6,
1933 4552 2026 4608 ubi
2050 4553 2141 4609 Hi-

541 4621 658 4678 larii
711 4623 824 4677 haec
875 4626 1051 4680 versio
1105 4623 1366 4680 mendose
1398 4625 1700 4680 exhibetur.
1758 4627 1826 4680 At
1875 4626 2140 4680 sincerior

541 4704 646 4754 est.
678 4711 836 4762 quam
865 4711 930 4750 ex
953 4697 1165 4752 caneris
1193 4712 1322 4750 mss.
1355 4697 1707 4763 exprimimus
1727 4740 1742 4766 ,
1774 4712 1952 4766 graeco
1974 4697 2140 4752 Atha-

543 4755 850 4822 nasii'textu
878 4768 1237 4835 suffragante:
1283 4785 1404 4823 nam
1429 4755 1576 4833 apud
1620 4755 1898 4825 Socraiem
1929 4769 2139 4824 mendis
2170 4755 2218 4816 ι)

543 4838 706 4911 etiam
740 4848 929 4894 scatet.
984 4841 1152 4896 Porro
1183 4841 1270 4896 hic
1316 4841 1605 4896 damnatur
1630 4884 1643 4899 .
1675 4842 1764 4911 qui
1797 4857 1918 4896 eum
1954 4841 2138 4896 audiat

544 4907 798 4964 Dominus
827 4929 858 4965 a
893 4911 1110 4967 Domino
1143 4915 1310 4980 pluit.
1343 4913 1555 4968 Patrem
1589 4907 1879 4969 Dominum
1927 4922 1983 4969 et
2032 4913 2138 4966 Do.

545 4982 750 5054 rninnm
782 4983 976 5038 Filium
999 4985 1071 5039 ita
1104 4985 1368 5054 intelligat
1399 5029 1414 5047 .
1455 4996 1512 5040 ut
1539 4987 1814 5041 vocabulis
1846 4985 2061 5040 Domini
2087 4991 2141 5038 et

546 5051 760 5110 Domini
790 5054 925 5109 duos
950 5056 1096 5111 dicat
1121 5051 1305 5114 deos:
1325 5057 1415 5113 Sic
1460 5059 1604 5113 enim
1637 5073 1812 5123 graece
1863 5057 2092 5111 habetur
2123 5075 2136 5112 :

545 5125 701 5207 Εξτις
723 5129 923 5207 ἀκμούων
946 5133 1120 5203 κύριον
1144 5132 1231 5186 τὸν
1261 5133 1460 5207 Πατέρα
1485 5134 1570 5186 καὶ
1590 5131 1674 5207 τὸν
1699 5132 1814 5187 rte».
1843 5131 2040 5203 κύριον,
2060 5130 2145 5207 διᾳί

545 5202 722 5279 animos:
748 5200 1055 5279 rounarépoz
1079 5207 1163 5279 ueri
1187 5205 1272 5259 τὸν
1302 5200 1412 5259 Υἱὸῦ
1452 5203 1587 5275 (ἐπεὶ
1613 5201 1786 5278 κύριος
1835 5204 1889 5259 ἐκ
1912 5200 2142 5279 ὶιυρίου),

545 5270 637 5327 sub
666 5273 800 5348 λέγοι
821 5270 997 5336 θεοῦςδ
1022 5276 1270 5347 ἀνάθεμα.

626 5367 705 5438 (dl
735 5368 809 5423 Ita
855 5384 988 5424 mss.
1023 5371 1091 5423 At
1119 5368 1245 5424 editi
1273 5385 1597 5436 extrquamus
1625 5369 1703 5422 vel
1747 5371 2149 5438 conformamus.

554 5435 648 5493 Ilis
674 5439 886 5515 duobus
908 5441 1087 5515 verbis
1119 5442 1346 5515 unicum
1362 5435 1724 5515 σὺντάσσομεν
1748 5441 1801 5496 in
1834 5435 2012 5509 graeco
2065 5456 2151 5495 re-

554 5511 802 5584 spondet.
856 5512 1116 5584 Superius
1141 5514 1250 5584 iam
1298 5511 1642 5569 observatum
1677 5555 1691 5574 .
1746 5528 1906 5568 unam
1951 5528 2149 5584 vocem

556 5583 846 5657 πρόγνωσιν
868 5586 1056 5642 eadem
1103 5583 1313 5642 ratione
1354 5585 1560 5639 duabus
1613 5583 1784 5640 fuisse
1833 5583 2096 5639 redditam
2131 5627 2146 5648 .

557 5656 933 5736 quasianceps
957 5658 1189 5714 Hilarius
1211 5674 1331 5728 qua:
1359 5657 1532 5729 aptior
1557 5657 1717 5722 foret,
1752 5665 2037 5728 utramque
2063 5671 2150 5712 se-

559 5723 828 5795 ligendam
860 5723 1211 5803 proponeret.

562 5881 582 5898 λ
638 5817 886 5898 (ὡᾼριιά
911 5824 1260 5898 Athanasium
1288 5836 1342 5883 et
1364 5827 1574 5885 Socrat.
1609 5825 1698 5898 hic
1725 5825 2010 5898 subjicitur
2029 5827 2153 5885 ἀνάο

557 5890 687 5964 erue
717 5891 881 5951 ἔστωε
931 5905 986 5955 et
1032 5897 1083 5953 in
1133 5892 1380 5958 versione
1421 5899 1584 5957 latina
1613 5890 1988 5968 conciliorum,
2022 5901 2147 5956 ana-

2248 1909 2302 1954 et
2331 1899 2439 1954 duo
2475 1900 2656 1954 innata
2696 1899 2882 1956 dicens
2914 1918 2926 1953 :
2974 1898 3111 1955 duos
3149 1900 3306 1956 laciat
3353 1899 3486 1956 deos
3523 1899 3833 1956 :anathema

2247 1993 2336 2047 sit.
2365 1992 2537 2064 Caput
2559 1993 2726 2063 enim,
2744 1994 2886 2065 quod
2921 2003 3001 2050 est
3020 1993 3343 2065 principium
3365 1995 3636 2062 omnium,
3665 1993 3832 2059 Filius;

2245 2097 2406 2156 caput
2447 2098 2660 2158 autem,
2703 2090 2848 2162 quod
2885 2099 2966 2146 est
3007 2089 3328 2162 principium
3393 2089 3622 2157 Christi,
3670 2091 3829 2147 Deus:

2245 2179 2412 2254 488
2440 2181 2508 2238 ita
2539 2185 2682 2239 enim
2714 2184 2778 2240 ad
2811 2201 2974 2240 unum
3018 2185 3108 2257 qui
3154 2196 3236 2241 est
3271 2187 3389 2241 sine
3428 2186 3700 2257 principio
3735 2201 3833 2242 om-

2246 2275 2396 2330 nium
2426 2277 2770 2350 principium,
2807 2293 2903 2350 per
2930 2278 3123 2334 Filium
3147 2279 3398 2335 universa
3425 2277 3734 2336 referimus.

2318 2371 2535 2430 XXVII.
2575 2393 2595 2427 ‹
2629 2375 2693 2430 Ει
2725 2376 3315 2434 iterumconlirmantes
3329 2375 3733 2434 Cbristianismi
3761 2378 3827 2432 in.

2246 2474 2540 2537 tellectum,
2573 2473 2826 2540 dicimus,
2853 2475 3104 2544 quoniam
3145 2475 3188 2530 si
3228 2473 3349 2544 quis
3374 2471 3654 2530 Christum
3684 2475 3828 2529 Deu

2246 2575 2418 2632 lilium
2447 2575 2541 2632 Dei
2568 2583 2695 2632 ante
2724 2575 2923 2631 saecula
2952 2572 3341 2630 subsistentem
3368 2580 3426 2626 et
3452 2570 3828 2626 ministrantem

2246 2677 2388 2736 Patri
2417 2678 2484 2734 ad
2504 2677 2743 2734 euntium
2773 2674 3161 2750 perfectionem
3187 2684 3294 2726 non
3317 2669 3496 2730 dicat:
3522 2668 3622 2726 sed
3654 2683 3717 2723 ex
3742 2683 3830 2738 quo

2245 2787 2313 2844 de
2338 2787 2501 2843 Maria
2521 2796 2678 2842 natus
2705 2793 2812 2849 est,
2843 2800 2906 2840 ex
2937 2797 3003 2839 eo
3027 2789 3084 2838 et
3107 2778 3380 2836 Christum
3406 2786 3460 2834 et
3476 2773 3650 2832 filium
3675 2777 3828 2832 nomi-

2246 2892 2430 2940 natum
2461 2897 2616 2945 esse,
2647 2891 2700 2937 et
2731 2880 2940 2937 initium
2973 2875 3249 2949 accepisse
3279 2884 3336 2930 ut
3364 2874 3438 2930 sit
3469 2872 3638 2938 Deus,
3669 2871 3825 2930 dicat:

2245 2976 2528 3033 anathema
2558 2977 2626 3033 sit
2654 2977 2750 3047 (Ιί).
2790 2994 2810 3029 ι

2316 3069 2404 3126 59.
2438 3069 2650 3126 Pliotini
2673 3072 2816 3141 fraus
2843 3067 3114 3140 multiplex
3138 3064 3450 3120 retunditur.
3484 3061 3661 3117 Filius
3684 3079 3712 3114 a
3739 3057 3827 3114 Pa-

2245 3175 2322 3222 tre
2345 3184 2436 3222 nec
2460 3166 2741 3222 substantia
2760 3163 2934 3232 (li/fert
2960 3178 3054 3216 nec
3083 3170 3326 3229 tempore.
3356 3188 3428 3198 —
3453 3155 3756 3212 Necessitas
3780 3160 3824 3209 et

2166 3256 2211 3321 C
2243 3270 2455 3332 tempus
2480 3257 2760 3314 admonuit
2787 3255 3004 3325 eos,qui
3035 3262 3148 3309 tum
3166 3257 3557 3309 convenerant.
3590 3263 3685 3319 per
3707 3245 3826 3302 mul—

2247 3355 2458 3424 tiplices
2487 3352 2814 3423 qumstiones
2840 3351 3001 3406 latius
3049 3363 3113 3403 ac
3159 3344 3404 3402 dill‘usius
3451 3343 3825 3413 expositionem

2247 3447 2370 3506 lidei
2392 3447 2678 3512 ordinare;
2699 3444 2824 3518 quia
2850 3443 3035 3500 multis
3057 3450 3112 3499 et
3138 3439 3366 3498 occultis
3388 3437 3655 3494 cuniculis
3679 3437 3727 3492 in
3753 3450 3827 3491 ca-

2250 3615 2419 3671 thema
2447 3613 2558 3686 sit:
2580 3610 2720 3686 quod
2755 3609 2977 3666 omnino
2998 3604 3300 3686 superﬂuit.
3326 3603 3427 3686 llic
3447 3601 3718 3686 enimnon
3745 3615 3827 3686 nos

2245 3703 2346 3742 vus
2390 3673 2870 3741 anathematismus
2907 3688 3026 3745 est,
3058 3673 3153 3736 sed
3198 3676 3449 3748 proxime
3492 3675 3639 3730 allati
3667 3673 3820 3744 expli-

2246 3759 2409 3817 catin.

2249 3841 2258 3870 ε
2322 3830 2391 3900 (ι’)
2422 3830 2512 3885 Sic
2551 3844 2683 3883 mss.
2714 3828 2779 3881 At
2803 3825 2960 3886 editi.
2989 3841 3139 3900 quem
3164 3821 3518 3900 rogatroeum.

2319 3892 2396 3970 la)
2446 3904 2502 3958 In
2546 3900 2762 3957 excusis
2813 3907 2865 3954 et
2919 3896 3172 3970 scriptis,
3207 3893 3399 3970 _unici:
3430 3892 3546 3970 ubi_
3581 3906 3643 3946 ex
3667 3902 3824 3970 greco

2247 3963 2764 4048 verbopovo-ymﬁr,
2791 3981 2849 4048 et
2878 3985 2959 4048 e_x_
2992 3966 3177 4048 Iljiarii
3206 3963 3654 4048 interpretatione
3682 3964 3823 4048 liquet

2248 4036 2534 4115 legendum
2563 4036 2683 4100 esse
2711 4036 2979 4111 unigeniti.
3010 4039 3206 4094 Postea
3237 4053 3303 4115 ex
3324 4036 3501 4091 tribus
3531 4051 3659 4115 mss.
3686 4047 3822 4115 repo-

2247 4105 2427 4175 nimus
2473 4117 2696 4171 Judaice
2722 4105 2995 4188 intelligat,
3037 4109 3410 4188 consentiente
3437 4122 3615 4188 graeco
3639 4105 3821 4188 ἰουδαιῖ

2244 4202 2344 4254 κῶς
2393 4191 2696 4247 ἔκλααϐἀνοθ
2729 4206 2743 4242 :
2775 4179 2948 4242 ubi
2996 4197 3124 4238 mss.
3172 4179 3324 4236 Colb.
3383 4189 3449 4254 el_
3470 4179 3819 4254 Germ.,__msi

2244 4250 2468 4318 Judaice
2494 4261 2806 4326 intelligens,
2832 4259 2884 4314 in
2913 4257 3142 4326 vulgatis
3182 4262 3383 4326 autem.
3413 4250 3816 4326 Iudaiceairtm

2243 4337 2493 4405 intelligat
2521 4350 2540 4388 :
2565 4323 2688 4404 quae
2727 4331 2887 4388 lectio
2919 4323 3080 4391 intra,
3115 4339 3264 4383 num.
3295 4325 3390 4392 57,
3409 4324 3619 4380 obtinet
3643 4323 3691 4379 in
3717 4336 3814 4377 etn-

2249 4407 2410 4464 nibus
2433 4407 2610 4462 libris.

2316 4479 2396 4548 (h)
2449 4478 2537 4532 Er.
2587 4482 2897 4532 removerat
2927 4474 3130 4528 nolente
3165 4470 3364 4548 Patre:
3414 4468 3561 4537 quod
3606 4465 3813 4537 quamvis

2242 4541 2577 4618 Superlluere
2605 4548 2895 4611 videatur,
2942 4560 3046 4618 nec
3094 4541 3326 4618 postulet
3377 4556 3597 4618 grmcus
3630 4551 3807 4600 sermo;

2243 4613 2578 4680 restituimus
2609 4632 2788 4676 tamen
2817 4617 3140 4675 auctoritate
3164 4613 3297 4672 Bad.
3330 4622 3386 4668 et
3412 4613 3655 4669 omnium
3677 4625 3784 4666 mss.

2320 4717 2383 4788 (ἰ)
2412 4718 2556 4778 Mir..
2585 4717 2732 4779 Lips.
2765 4723 2819 4770 et
2844 4715 2981 4788 Par.
3010 4721 3135 4782 post
3157 4711 3248 4766 Er.
3261 4725 3426 4788 ._moa:
3449 4719 3509 4764 ut
3535 4709 3705 4788 noluit.
3733 4704 3808 4761 llic

2247 4801 2300 4846 et
2326 4779 2486 4846 intra
2519 4790 2669 4846 abest
2698 4798 2806 4843 uta
2840 4785 2966 4842 Bad.
3003 4779 3051 4839 et
3095 4797 3227 4838 mss.
3258 4782 3449 4838 Gnece
3476 4825 3491 4844 ,
3529 4781 3634 4838 ἄλλ’
3659 4779 3752 4854 eius
3771 4799 3811 4833 τι

2246 4865 2511 4925 ἐϐουλήθη,
2542 4866 2623 4936 καὶ
2651 4859 2890 4936 ἀχρόνως
2916 4862 3004 4916 καὶ
3031 4859 3239 4918 ἀπαθῶς
3269 4858 3320 4923 ὶξ
3338 4855 3528 4912 ἑαυτοῦ
3559 4855 3702 4912 αὑτὸν
3724 4872 3812 4928 qur

2254 4943 2412 5000 νήσας
2441 4934 2742 5001 ἀπέδειξεν..
2966 5002 2991 5006 _
3228 5001 3245 5006 _
3269 4999 3281 5006 ,
3378 5000 3395 5006 _
3767 4994 3792 5006 _.

2321 4999 2399 5082 (ὓ
2427 4999 2669 5082 (ἓντνίοειῐὴ
2709 5018 2908 5082 }'_ocem_
2957 5002 3184 5082 ᾆναρχον
3228 4999 3332 5082 hic.
3361 4999 3810 5082 dumtaxatveiitlit

2250 5065 2485 5137 Hilarius
2515 5081 2624 5133 sine
2651 5077 2794 5131 initio
2824 5119 2841 5142 ,
2893 5065 3242 5130 infra'a'utcm
3285 5073 3396 5127 sine
3438 5071 3710 5138 principio.
3733 5065 3809 5122 Ubi

2251 5153 2395 5208 enim
2423 5167 2598 5223 graece
2629 5149 2858 5223 habetur
2903 5151 2972 5211 ὡς-
3000 5145 3091 5223 ὂρο
3135 5142 3348 5223 ἄναρχοι
3373 5187 3394 5223 ,ἓ
3418 5145 3570 5223 vertit
3598 5152 3812 5223 tamquam

2255 5226 2360 5279 duo
2386 5214 2494 5279 sine
2521 5222 2777 5293 principio
2797 5237 2816 5276 :
2839 5230 2892 5275 et
2909 5214 3316 5293 paulogpost'eié
3339 5221 3461 5293 μςὶοςν
3492 5214 3720 5290 eum.
3739 5217 3811 5267 τῶν

2256 5296 2381 5354 ὅλων
2408 5288 2604 5372 ᾲρχῆν.
2637 5293 2803 5372 latine
2828 5291 3005 5372 reddit
3027 5291 3282 5372 adimunt
3303 5288 3648 5372 φίλει-τηεβες
3669 5293 3811 5372 sermo

2254 5359 2669 5441 postulat'quod)
2701 5375 2773 5441 est
2819 5365 2927 5441 sine
2958 5362 3233 5441 principio,
3261 5361 3489 5441 omnium
3519 5359 3809 5441 pﬁndpjfﬂ.

2255 5429 2349 5513 per,
2399 5429 2594 5494 Filium
2637 5429 2875 5494 universa
2901 5439 3100 5510 (grtece
3130 5433 3217 5490 hic
3261 5431 3552 5502 subjicitur
3581 5429 3808 5488 εὐσεϐῶς.

2255 5511 2360 5586 pie)
2379 5514 2670 5584 referimus.

2327 5608 2402 5677 (kl
2455 5606 2610 5674 Apud
2640 5606 2917 5664 Socratem
2957 5603 3042 5658 his
3073 5601 3287 5677 additur
3315 5600 3439 5677 eiei
3485 5596 3805 5677 Σςαοσατξύςξ

2257 5670 2402 5744 quod
2433 5670 2671 5734 retinere
2697 5679 2740 5734 si
2769 5678 2969 5748 placet,
2996 5690 3104 5730 non
3132 5674 3211 5730 sic
3239 5670 3639 5748 intelligendum
3663 5670 3809 5748 est“!!!

2262 5733 2464 5810 Paulus
2493 5733 2862 5824 Samosatenus
2877 5733 3142 5824 asserebat
3165 5789 3187 5824 ,_
3196 5733 3671 5824 quemadmodum
3683 5742 3726 5824 tu
3739 5733 3808 5824 Alla-

2259 5803 2995 5896 linis-Socratisveditiouibus
3021 5827 3146 5896 ante
3169 5803 3440 5893 Valesium
3462 5811 3694 5875 obtinuit:
3709 5803 3800 5870 sed;

2258 5894 2325 5956 Sit
2352 5897 2623 5956 anathema
2651 5895 2782 5954 sicut
2810 5904 2881 5952 est
2915 5893 3301 5951 Samusatrnus.
