3996 6330
163 389 250 443 fil?)

895 375 1100 434 LIBER
1140 374 1230 434 DE
1270 375 1586 446 SYNODIS,
1629 375 1761 436 SEU
1799 377 1888 434 DE
1947 378 2103 436 FIDE
2144 377 2639 438 ORIENTALIUM.

3321 375 3428 435 5H

163 501 384 558 tholicam
414 494 627 550 domum
659 507 753 562 ea,
785 508 904 565 qua:
945 510 1043 566 per
1084 494 1370 551 Photinnm
1417 495 1716 552 renovaha-
1743 505 1796 565 Α
1821 505 1926 562 est,
1959 497 2300 554 occasionem
2337 497 2605 554 haereticis
2631 503 2931 568 pratstaret,
2964 504 3022 550 ttt
3053 494 3424 554 innascibilem

161 604 250 661 tur,
278 587 484 646 haeresis
513 595 740 643 tentaret
767 587 1044 658 irrepere:
1076 597 1133 643 ut
1166 603 1261 659 per
1281 588 1487 659 singula
1519 603 1716 659 genera

161 688 455 744 intemerata:
472 691 525 737 et
544 681 725 737 illaesa:
750 679 895 750 ﬁdei,
923 681 1213 753 unicuique
1232 681 1417 754 generi
1449 681 1718 738 haeretica:

158 777 412 835 acfurtiva:
433 773 797 829 lraudttlentite
812 774 1177 830 contrairetur
1198 791 1212 842 ;
1231 783 1519 846 essentque
1539 771 1615 847 (η)
1641 782 1720 830 tot

159 872 264 930 ﬁdei
286 868 657 934 absolutiones,
685 867 1173 938 quotidem'essent
1215 867 1456 939 qumsita:
1480 865 1718 939 perfidia:

159 964 456 1024 occasiones.
494 963 572 1018 Ac
611 959 844 1033 primum
885 971 1006 1032 post
1045 963 1354 1034 generalem
1383 962 1526 1017 illam
1555 970 1718 1033 atque

162 1057 478 1116 indubitatam
513 1063 974 1110 sacramentorum
1011 1055 1428 1125 expositionem,
1469 1053 1594 1110 hinc
1623 1070 1716 1110 ex-
1769 1117 1778 1132 ,

156 1149 384 1225 ponendae
420 1148 534 1203 ﬁdei
558 1146 845 1204 adversum
891 1147 1179 1204 haereticos
1203 1146 1366 1219 etepit
1406 1146 1712 1204 exordium.

217 1245 250 1300 l.
294 1261 311 1296 ι
344 1243 444 1298 Eos
467 1249 645 1297 autem
692 1241 785 1312 qui
811 1239 1035 1299 dicunt:
1070 1241 1146 1296 De
1185 1241 1346 1296 nullis
1376 1240 1714 1297 exstantibus

154 1336 314 1405 Filius,
343 1337 424 1393 vel
462 1335 530 1392 de
569 1335 737 1393 altera
769 1334 1068 1392 substantia
1111 1343 1168 1391 et
1207 1349 1313 1389 non
1359 1349 1426 1392 ex
1469 1334 1612 1400 Deo;
1659 1342 1715 1391 et

153 1431 272 1505 quod
299 1441 404 1487 erat
434 1439 643 1501 tempus
690 1430 773 1486 vel
823 1429 1082 1486 stnculum
1132 1428 1348 1500 quando
1396 1443 1501 1484 non
1547 1437 1711 1486 erat:

153 1529 328 1584 alienos
355 1527 452 1581 scit
477 1535 661 1582 sancta
691 1534 742 1581 et
773 1524 1037 1580 catholica
1071 1523 1338 1580 Ecclesia.
1371 1543 1390 1576 ι

211 1620 288 1677 40.
325 1619 448 1688 Quis
473 1617 564 1676 hic
595 1617 959 1690 ambiguitatis
1000 1616 1192 1672 locus?
1224 1625 1318 1672 aut
1345 1614 1472 1688 quid
1502 1632 1567 1672 cx
1595 1616 1708 1672 sin-

152 1729 269 1771 cerae
295 1711 411 1770 ﬁdei
437 1713 769 1770 conscientia
813 1711 1076 1783 reliquum
1104 1712 1226 1768 est?
1256 1710 1372 1766 Non
1399 1720 1480 1766 est
1507 1710 1574 1767 de
1602 1725 1710 1766 non

151 1810 617 1868 exstantibuszutei
636 1819 861 1868 exstans
888 1810 1038 1877 origo
1063 1811 1156 1865 sit.
1173 1809 1286 1865 Non
1301 1820 1384 1866 est
1411 1817 1631 1866 exstans
1659 1805 1708 1862 ei

1824 590 2016 657 Deum,
2049 591 2134 648 vel
2160 600 2361 661 partem
2390 593 2526 662 ejus,
2559 591 2705 646 nasci
2741 590 2808 646 de
2836 589 2996 645 Maria
3030 590 3422 661 praedicarent;

1821 698 2106 740 occursum
2139 695 2224 741 est
2242 685 2494 741 salutaris
2525 684 2839 741 deﬁnitione
2866 685 3184 753 sententia},
3212 694 3270 740 ut
3290 700 3418 740 ana-

1823 776 2003 835 thema
2032 790 2174 836 esset
2200 781 2302 836 hoc
2327 780 2613 836 conﬁtens.
2642 779 2758 836 Non
2790 780 2930 837 enim
2960 780 3211 852 religiosa
3242 779 3420 836 unitas

1819 872 2084 940 nominis,
2112 888 2180 929 ex
2212 872 2564 930 indiﬁ'erentis
2597 882 2801 929 natura:
2828 875 3063 931 essentia
3103 875 3421 942 constituta,

1820 979 2105 1034 personam
2126 967 2323 1036 genitsc
2341 965 2536 1022 ademit
2562 969 2835 1034 essentne,
2865 977 2920 1022 ut
2949 967 3029 1041 (ά)
3062 968 3202 1024 unici
3229 983 3292 1025 ac
3313 967 3426 1024 sin-

1817 1058 2020 1128 gularis
2068 1058 2161 1114 Dei
2199 1059 2498 1116 substantia
2542 1075 2636 1131 per
2680 1061 3198 1127 unionenLnominis
3225 1061 3424 1119 intelli-

1816 1157 1970 1220 gatur
1999 1167 2011 1203 :
2043 1166 2164 1206 cum
2193 1151 2474 1223 utriusque
2494 1151 2743 1208 essentia:
2773 1167 2969 1210 nomen
3003 1169 3167 1210 unum
3188 1197 3202 1221 ,
3237 1154 3287 1210 id
3313 1163 3418 1223 est,

1820 1242 1958 1300 Deus
1985 1259 2144 1314 unus,
2187 1247 2257 1302 ob
2287 1245 2594 1303 indiscreta:
2623 1247 2675 1302 in
2709 1257 2938 1318 utroque
2969 1257 3173 1305 natura:
3204 1249 3423 1305 indissi-

1815 1335 1998 1393 milem
2029 1338 2385 1394 substantiam
2417 1339 2761 1412 praxlicetur.

1888 1428 1951 1484 ν.
1989 1449 2010 1482 ‹
2049 1429 2104 1487 Si
2132 1431 2249 1504 quis
2271 1433 2566 1490 secundum
2589 1435 2984 1506 prsescientiam
3016 1433 3088 1508 (e)
3114 1446 3168 1493 et
3191 1435 3420 1507 praedes-

1815 1522 2128 1580 tinationem
2159 1534 2286 1581 ante
2314 1525 2534 1582 Mariam
2565 1526 2695 1582 dicit
2724 1527 2915 1582 Filium
2963 1544 3114 1599 esse,
3153 1545 3256 1584 non
3290 1539 3418 1586 ante

1813 1617 2009 1673 sazcula
2040 1633 2108 1674 ex
2136 1618 2291 1675 Patre
2333 1629 2518 1676 natum
2545 1621 2686 1694 apud
2717 1621 2888 1678 Deum
2919 1638 3062 1692 esse,
3093 1631 3148 1680 et
3173 1639 3268 1696 per
3292 1639 3414 1680 eum

1815 1709 1952 1766 facta
1986 1726 2106 1769 esse
2133 1715 2310 1769 omnia
2339 1732 2351 1768 :
2381 1714 2667 1771 anathema
2698 1717 2789 1772 sit.
2827 1735 2846 1770 ι

1884 1805 1978 1861 45.
2015 1807 2180 1861 Deum
2213 1808 2450 1864 omnium
2482 1820 2724 1865 nostrum
2759 1809 2851 1866 Dei
2884 1810 3072 1877 ﬁlium,
3103 1820 3229 1868 autc
3256 1826 3414 1884 quam

149 1907 204 1962 ad
225 1907 461 1978 originem
486 1905 785 1964 substantia
825 1907 1001 1978 aliqua
1034 1905 1158 1974 alia,
1197 1906 1296 1961 nisi
1321 1907 1434 1963 sola
1463 1919 1585 1976 qum
1615 1905 1710 1962 Dei
1742 1905 1786 1966 Β
1815 1911 2107 1968 corporeus
2135 1902 2395 1966 nascitur,
2440 1903 2684 1974 negaturi
2724 1912 2900 1959 tamen
2939 1903 3234 1960 secundum
3275 1921 3418 1975 pra:-

150 2007 327 2054 est:ut
353 1999 402 2054 in
432 2014 498 2055 eo
523 1999 658 2055 nihil
713 1999 855 2056 aliud
908 2007 1090 2054 natum
1128 2013 1251 2055 esse
1304 1998 1496 2070 possit,
1545 2013 1704 2070 quam

154 2106 290 2148 omne
325 2090 394 2164 (ὁ)
434 2092 577 2163 quod
619 2091 715 2148 Dei
755 2091 855 2159 sit;
903 2091 1024 2162 quia
1045 2106 1152 2148 non
1180 2106 1245 2146 ex
1276 2089 1443 2146 nihilo
1463 2101 1706 2156 exstans,

150 2183 337 2241 aliunde
360 2198 460 2240 non
484 2183 752 2241 subsistit.
777 2183 893 2240 Non
921 2183 1102 2240 dilfert
1122 2185 1175 2239 in
1198 2193 1440 2255 tempore
1471 2203 1483 2237 :
1509 2195 1564 2240 ut
1586 2199 1708 2240 cum

147 2276 280 2334 Patre
301 2278 365 2334 sit
393 2277 762 2349 intemporalis
789 2287 844 2334 et
876 2277 1062 2333 Filius.
1095 2276 1480 2348 lnseparabilia
1530 2277 1710 2349 itaque

146 2371 262 2429 inter
304 2373 668 2432 innascibilem
739 2374 954 2430 Patrem
1021 2382 1075 2428 et
1127 2371 1458 2444 unigenitum
1513 2370 1706 2428 Filium

146 2474 308 2522 cuncta
335 2475 473 2532 sunt,
505 2480 644 2540 quos
685 2465 738 2521 in
792 2475 1037 2537 tempore
1075 2481 1236 2538 pares
1274 2465 1388 2537 ipsa
1418 2464 1505 2520 illa
1549 2465 1708 2520 unius

143 2567 318 2614 tantum
342 2558 406 2632 (ε)
435 2569 676 2631 paterna:
701 2559 1030 2626 exsistentis,
1055 2575 1118 2615 ex
1140 2574 1246 2631 qua
1271 2559 1521 2614 nativitas
1541 2558 1708 2614 sumi-

145 2657 231 2715 tur,
257 2651 602 2708 indiﬂ‘erentia
633 2651 684 2708 in
714 2653 860 2707 nullo
889 2651 1162 2708 discernat
1191 2652 1464 2708 essentne.

197 2738 342 2816 589
377 2743 436 2800 ll.
474 2763 493 2797 ι
525 2746 584 2802 Si
613 2746 734 2816 quis
782 2756 963 2801 autem
993 2745 1209 2801 Patrem
1254 2753 1310 2801 et
1337 2744 1528 2801 Filium
1569 2745 1707 2802 duos

145 2835 250 2892 dicit
272 2840 394 2896 deos
423 2859 436 2894 :
468 2839 758 2896 anathema
788 2841 877 2896 sit.

199 2929 270 2984 lll.
303 2932 360 2986 Et
387 2933 429 2988 si
449 2933 576 3005 quis
601 2949 763 2988 unum
794 2933 978 2989 dicens
1007 2933 1194 3001 Deum,
1225 2933 1499 2990 Christum
1521 2942 1702 2990 autem

143 3021 282 3078 Deum
323 3033 440 3081 ante
479 3029 679 3083 smcula
734 3027 899 3082 ﬁiium
950 3027 1040 3083 Dei
1089 3027 1400 3084 obsecutum
1458 3027 1597 3083 Patri
1650 3029 1702 3085 itt

141 3117 374 3173 creatione
403 3120 645 3175 omnium
679 3136 784 3176 non
807 3124 1094 3176 eo'ntitetnr
1123 3141 1132 3173 :
1168 3121 1450 3176 anathema
1481 3123 1567 3177 sit.
1609 3141 1625 3174 ›

196 3209 272 3264 Η.
305 3210 368 3266 Ut
393 3215 630 3269 essenliw
655 3215 886 3276 nomine,
918 3214 986 3266 ita
1021 3223 1136 3268 sunt
1177 3231 1334 3268 unum
1363 3216 1593 3270 essentiw
1617 3230 1702 3284 ge-

1813 1994 2091 2049 scientiam
2110 2006 2159 2050 et
2179 1997 2728 2066 przedestinationem,
2753 2014 2858 2054 non
2884 1999 3181 2054 secundum
3205 2008 3410 2055 natura:

1812 2086 2155 2143 subsistentis
2192 2089 2514 2158 essentiam,
2550 2090 2712 2146 fuisse
2742 2092 3063 2148 conﬁrmant
3095 2111 3108 2147 :
3141 2092 3191 2148 id
3217 2101 3328 2158 cst,
3360 2101 3418 2149 ut

1813 2195 1910 2253 per
1947 2183 2338 2252 prmscientiam
2378 2183 2573 2249 Patris,
2610 2186 2734 2256 quia
2761 2201 2883 2241 eum
2921 2185 3321 2257 prtedestinavit
3359 2193 3419 2241 ut

1812 2282 1958 2330 esset
1977 2274 2284 2346 aliquando,
2315 2275 2521 2333 scilicet
2541 2277 2840 2350 gignendos
2861 2294 2926 2335 ex
2953 2279 3175 2351 virgine.
3203 2278 3416 2334 nuntia-

1813 2375 1896 2424 tus
1933 2369 2087 2424 nobis
2120 2369 2278 2426 fuerit
2307 2371 2516 2441 potius,
2553 2388 2712 2444 quam
2741 2384 2865 2430 ante
2896 2375 3089 2430 saecula
3123 2374 3172 2430 itt
3203 2383 3410 2429 naturae

1809 2461 2004 2517 divinae
2024 2463 2322 2520 substantia
2347 2475 2503 2520 natus
2529 2467 2796 2523 exstiterit
2821 2486 2833 2522 :
2860 2478 3023 2540 utque
3048 2469 3254 2537 omnia,
3282 2484 3402 2539 qua:

1811 2555 1927 2627 ipse
1957 2557 2008 2612 in
2035 2558 2313 2628 pr0phetis
2331 2557 2399 2615 de
2412 2561 2804 2630 corporationis
2825 2577 2934 2616 sua;
2957 2578 3018 2619 ac
3042 2561 3305 2634 passionis
3326 2577 3411 2618 sa-

1809 2651 2097 2708 cramentis
2111 2653 2321 2708 locutus
2335 2663 2437 2720 est,
2463 2654 2574 2725 ipsa
2597 2655 2684 2711 illa
2699 2657 2993 2713 secundum
3017 2657 3411 2729 praeseientiam

1806 2739 1973 2815 49o
1995 2743 2063 2800 de
2092 2759 2157 2800 eo
2183 2761 2212 2800 a
2241 2745 2400 2802 Patre
2429 2747 2536 2802 sint
2558 2747 2726 2803 dicta.-
2758 2749 2941 2821 Itaque
2967 2749 3227 2806 doctrinae
3255 2749 3414 2822 hujus

1807 2837 2136 2906 perversitas
2159 2837 2551 2896 condemnatur
2580 2857 2593 2893 :
2626 2851 2682 2896 ut
2707 2845 2953 2914 cognitus
2983 2843 3138 2900 nobis
3166 2844 3412 2916 unigeni—

1808 2939 1892 2985 tus
1924 2931 2016 2986 Dei
2050 2931 2210 2999 ﬁlius,
2243 2942 2400 2988 natus
2433 2936 2610 3006 potius
2641 2951 2706 2991 ex
2743 2937 2900 2994 Patre
2931 2947 3056 2992 ante
3095 2939 3320 3003 smeula,
3355 2953 3384 2994 e
3414 2945 3434 2992 t

1807 3024 1920 3095 ipsa
1950 3027 2140 3081 Saecula
2185 3041 2304 3081 cum
2353 3028 2613 3084 creaturis
2645 3031 2894 3084 omnibus
2938 3029 3198 3097 condens,
3241 3045 3402 3100 quam

1808 3119 2218 3187 prmdestinatus
2249 3121 2316 3175 sit
2345 3135 2466 3177 esse
2493 3122 2810 3193 gignendus.

1882 3212 1970 3266 Vl.
2008 3231 2024 3263 ι
2064 3212 2119 3268 Si
2165 3213 2283 3284 quis
2316 3214 2665 3270 substantiam
2703 3216 2791 3270 Dei
2823 3215 3034 3270 dilatari
3080 3225 3130 3270 ct
3163 3215 3409 3272 contrahi

138 3319 333 3358 nere.—
360 3306 563 3364 Rerum
605 3307 757 3362 nobis
806 3308 1105 3363 absolutam
1148 3307 1556 3377 intelligentiam
1592 3307 1702 3378 ipsa
1734 3310 1778 3373 C
1811 3305 1979 3362 dicit:
2015 3307 2300 3363 anathema
2336 3309 2424 3362 sit.
2464 3329 2482 3360 ›

127 3382 209 3453 illa
236 3402 451 3457 nominis
477 3403 736 3473 religiosa
769 3401 1033 3473 professio
1065 3403 1270 3457 trilmit.
1305 3405 1438 3457 (sum
1467 3403 1612 3458 enim
1649 3402 1700 3457 in

135 3487 444 3553 damnatione
467 3498 577 3562 sit,
607 3497 820 3552 Patrem
851 3507 904 3553 et
929 3495 1122 3550 Filium
1162 3495 1298 3552 duos
1329 3495 1460 3552 deos
1485 3495 1700 3562 dicere;

139 3591 183 3638 ct
199 3599 389 3644 rursum
419 3589 708 3646 anathema
740 3591 843 3657 sit,
879 3589 1071 3645 Filium
1105 3590 1272 3646 Deum
1300 3605 1496 3662 negare
1529 3607 1541 3644 :
1572 3590 1702 3646 sub-

137 3679 318 3736 Stantia:
355 3681 582 3739 diversm
626 3683 849 3738 alterius
892 3683 959 3740 ab
999 3683 1168 3740 altera
1199 3683 1381 3754 Opinio
1412 3684 1462 3738 in
1513 3683 1708 3755 prtedi-

138 3771 295 3828 candis
328 3774 426 3831 diis
474 3777 688 3834 duobus
733 3777 1054 3834 excluditur.
1097 3777 1215 3833 Non
1266 3777 1408 3833 cnim
1451 3788 1534 3834 est
1567 3777 1703 3844 alia,

137 3876 303 3931 [metor
322 3869 464 3927 illam
495 3871 594 3928 Dt-i
625 3872 793 3942 patris
819 3889 880 3928 ex
915 3889 1015 3944 qtta
1048 3873 1139 3929 Dei
1173 3873 1312 3929 ﬁlius
1342 3873 1485 3929 Deus
1513 3873 1706 3930 intem-

137 3960 304 4026 poralis
328 3972 408 4020 est
426 3974 605 4036 natus,
636 3967 890 4023 essentia.
913 3966 1044 4022 Nam
1063 3983 1182 4023 cum
1205 3967 1510 4022 necessario
1531 3966 1698 4022 Deum

135 4062 311 4119 patrem
344 4058 686 4125 conﬁtemur,
717 4069 771 4116 ct
804 4059 1053 4116 absolute
1080 4058 1356 4115 Christum
1389 4059 1482 4115 Dei
1529 4058 1698 4114 ﬁlium

137 4141 278 4203 Deum
308 4151 699 4222 pranlicamus,
726 4162 780 4209 et
822 4154 961 4209 inter
991 4153 1108 4209 haec
1153 4152 1318 4208 duum
1359 4152 1582 4207 deorum
1633 4152 1705 4208 sit

133 4235 398 4314 irreligiosa
421 4247 694 4304 confessio
719 4265 731 4300 :
758 4262 862 4302 non
897 4255 1142 4318 possunt,
1175 4244 1467 4302 secundum
1497 4254 1704 4300 naturte

133 4327 514 4396 indiderentiam
553 4351 607 4398 et
641 4356 836 4396 nomen
870 4339 1214 4404 indiﬁ‘erens,
1250 4354 1354 4395 non
1387 4355 1550 4395 unum
1583 4354 1705 4396 esse

132 4423 176 4480 in
213 4432 447 4489 essentia:
493 4450 732 4507 genere,
777 4448 1004 4507 quorum
1045 4434 1295 4490 essentite
1343 4448 1540 4490 nomen
1597 4448 1703 4489 non

132 4517 238 4577 licet
260 4541 373 4584 esse
404 4528 506 4585 nisi
540 4545 731 4585 unum.

191 4618 268 4676 IV.
305 4642 322 4676 ι
357 4624 414 4680 Si
437 4625 560 4698 quis
585 4624 956 4682 innascibilem
989 4625 1178 4692 Deum,
1205 4623 1289 4681 vel
1313 4631 1518 4696 partem
1549 4621 1665 4694 ejus
1686 4663 1700 4689 ,

132 4705 187 4766 de
211 4711 358 4770 Maria
395 4726 577 4773 natum
622 4732 744 4774 esse
783 4717 945 4774 audet
973 4717 1192 4775 dicere:
1223 4717 1508 4774 anathema
1553 4716 1644 4772 sit.
1677 4735 1697 4769 ›

188 4807 267 4863 42.
300 4809 424 4867 Filii
453 4824 498 4868 et
536 4812 712 4868 Patris
753 4829 854 4868 non
880 4829 985 4868 una
1015 4829 1252 4882 persona.
1279 4811 1472 4868 Contra
1501 4827 1588 4868 eos
1615 4813 1702 4882 qui

131 4913 332 4958 asserunt
363 4903 562 4962 Filium
591 4916 708 4962 ante
741 4907 964 4962 Mariam
988 4923 1088 4962 non
1111 4923 1217 4963 esse
1244 4906 1342 4962 nisi
1367 4923 1458 4980 per
1481 4904 1705 4978 prardcs-

129 4991 414 5054 tinationem.
435 5031 508 5042 —-
541 5001 621 5057 Ne
649 5000 792 5071 quod
830 5009 1153 5072 nuncupata:
1177 5000 1427 5058 essentne
1452 4999 1505 5056 in
1547 5001 1704 5056 Patre

131 5097 168 5138 et
210 5090 365 5160 Filio,
415 5114 516 5169 per
564 5097 934 5155 indissimilem
984 5109 1247 5157 naturam.
1304 5113 1497 5154 nomen
1541 5113 1703 5154 unum

190 5249 257 5328 in)
281 5251 331 5305 lu
363 5255 615 5326 vulgatis.
641 5258 864 5311 totidem.
902 5258 960 5308 .\t
993 5255 1043 5309 in
1075 5274 1202 5310 mss.
1239 5266 1305 5308 tot
1326 5274 1340 5308 .'
1365 5267 1413 5309 et
1444 5275 1562 5312 mox
1591 5269 1707 5328 quo!

135 5318 288 5387 rident,
323 5341 412 5395 pro
444 5318 725 5390 quoﬁdem.
761 5329 957 5383 Eadem
1003 5328 1255 5399 loquendi
1287 5331 1493 5385 ratione,
1545 5318 1704 5382 halm-

131 5408 231 5472 ntus
257 5410 366 5472 cap.
402 5399 470 5451 15'
508 5401 556 5453 iit
614 5399 796 5454 Matth.
837 5419 890 5454 tt.
927 5399 1025 5453 ‘lD:
1081 5399 1143 5452 In
1175 5412 1243 5453 tot
1293 5402 1510 5472 partium
1545 5402 1706 5453 millia

133 5464 246 5526 Νῶε
275 5464 596 5525 tlinmnemta
625 5473 834 5525 satiatur
857 5516 869 5534 ,
900 5473 1158 5542 quoﬁdem
1189 5473 1247 5525 de
1275 5464 1523 5543 partibus,
1560 5485 1660 5527 etv.

187 5602 253 5675 (ὁ)
278 5605 468 5682 Excusi
491 5618 722 5682 excepto
751 5609 870 5682 Mir;
896 5609 1151 5682 omittunt
1177 5627 1343 5677 omne,
1371 5610 1510 5682 quod
1538 5611 1707 5681 probe

128 5682 281 5730 exstat
306 5678 357 5734 in
386 5678 644 5736 omnibus
668 5695 798 5736 mss.
835 5679 1223 5738 Excludendus
1249 5678 1400 5739 enim
1426 5693 1510 5738 est
1541 5678 1707 5738 'error

127 5739 502 5872 llt’mrtlaticorttm,
539 5754 632 5824 qui
660 5752 854 5809 Filium
887 5764 1094 5824 partem
1142 5755 1318 5810 Patris
1344 5770 1466 5811 esse
1495 5769 1710 5812 assere-

163 5831 222 5873 an
251 5859 265 5873 .

191 5888 259 5969 (_C)_
283 5891 421 5951 Editi
447 5941 462 5961 ,
497 5907 725 5964 paterna:
754 5899 1162 5956 irmascibilitutis
1199 5900 1458 5955 wternitas
1481 5941 1495 5966 ,
1527 5915 1590 5954 ex
1613 5916 1713 5969 qua

124 5965 334 6024 nativitas
359 5970 628 6027 sumitur:
658 5981 768 6028 tum
801 5973 934 6031 Bad.
965 6015 980 6044 ,
1009 5970 1415 6044 indi/ferentiant
1441 5965 1494 6028 in
1527 5965 1710 6040 nullo;

1881 3401 1970 3456 44.
2001 3401 2248 3456 Dilatatio
2270 3412 2316 3458 et
2345 3404 2629 3460 contractio
2659 3405 2712 3458 in
2737 3401 2902 3458 Deum
2931 3420 3033 3458 non
3058 3403 3270 3459 radunt.
3307 3401 3417 3457 Nec

1811 3493 1983 3550 Filius
2027 3505 2100 3551 est
2144 3496 2331 3551 divina:
2365 3496 2661 3553 substantia:
2692 3497 2950 3552 ttilatatio.
2976 3527 3049 3538 —
3073 3493 3333 3553 Contrahi
3363 3503 3419 3552 ct

1807 3587 2043 3655 dilatari,
2077 3589 2372 3661 corporalis
2403 3600 2486 3648 est
2517 3592 2695 3662 passio
2725 3609 2739 3647 :
2775 3592 2914 3648 Deus
2945 3600 3146 3658 autem,
3174 3591 3264 3662 qui
3295 3589 3408 3661 spi-

1810 3684 1944 3741 ritus
1971 3695 2075 3754 est,
2109 3695 2164 3742 et
2185 3686 2353 3756 spirat
2378 3687 2466 3744 ubi
2493 3689 2626 3756 vult,
2651 3701 2758 3744 non
2782 3704 2844 3744 se
2865 3703 2961 3758 per
2988 3686 3416 3744 demutationcm

1812 3777 2131 3835 substantia:
2160 3780 2476 3846 atttdilatat,
2501 3791 2594 3836 ant
2617 3781 2906 3837 contrahit.
2926 3781 3088 3836 Extra
3117 3779 3416 3850 corporalis

1812 3870 1954 3926 enim
1988 3880 2191 3927 nature
2221 3874 2600 3929 necessitatem
2635 3873 2769 3929 liber
2801 3889 3058 3940 manens,
3089 3871 3232 3944 quod
3262 3871 3411 3939 vult,

1811 3973 1866 4021 et
1895 3981 2015 4021 cum
2043 3966 2176 4034 vult,
2213 3977 2267 4023 et
2291 3967 2382 4022 ttbi
2419 3967 2550 4034 vult,
2586 3967 2637 4022 id
2668 3977 2889 4038 praestat
2917 3983 2980 4023 ex
3012 3983 3152 4024 sese.
3181 3965 3411 4036 lmpium

1810 4071 1938 4126 ergo
1983 4064 2067 4113 est
2117 4057 2431 4115 substantia:
2481 4059 2906 4116 demutationcm
2974 4059 3207 4116 libertati
3253 4067 3416 4116 tanta:

1813 4149 2026 4205 virtutis
2057 4150 2388 4210 adscribere.
2749 4149 2754 4152 ’

1883 4245 1994 4301 VII.
2033 4265 2052 4298 ι
2103 4245 2157 4302 Si
2188 4246 2308 4318 quis
2345 4245 2620 4303 dilatatam
2662 4248 3018 4305 substantiam
3070 4250 3164 4307 Dei
3213 4251 3411 4310 Filium

1811 4338 1954 4395 dicat
1983 4338 2188 4405 facere,
2218 4348 2312 4395 aut
2349 4339 2683 4398 latitudinem
2722 4342 3037 4400 substantia:
3063 4344 3180 4416 ejus
3218 4345 3412 4403 Filium

1810 4433 2054 4490 nominet
2083 4448 2096 4486 :
2132 4432 2415 4490 anathema
2449 4435 2538 4491 sit.
2579 4455 2596 4488 ι

1878 4526 1970 4582 45.
1998 4526 2259 4597 Superior
2285 4527 2570 4595 sententia,
2604 4529 2702 4584 etsi
2763 4529 3202 4588 indemutabilem
3238 4532 3407 4590 Deum

1809 4617 2011 4676 docere
2040 4619 2305 4688 voluerit,
2334 4621 2400 4677 ad
2433 4622 2570 4678 hanc
2598 4639 2657 4679 se
2681 4633 2856 4680 tamen
2886 4635 3202 4695 sequentem
3235 4627 3414 4684 Incre-

1809 4713 1909 4769 sim
1937 4715 2282 4786 praeparavit.
2315 4714 2542 4784 Quidam
2565 4716 2708 4772 enim
2735 4717 2854 4772 ausi
2878 4726 3004 4774 sunt
3035 4718 3414 4776 innascibilem

1808 4807 1974 4865 Deum
2002 4823 2178 4880 usque
2203 4809 2270 4865 ad
2297 4818 2537 4866 sanctam
2571 4809 2844 4882 Virginem
2876 4813 3189 4870 substantia:
3216 4815 3410 4872 dilata-

1809 4902 1951 4958 tione
2002 4901 2326 4975 protendere
2373 4900 2394 4975 (
2438 4901 2560 4956 νῆά.
2620 4902 2754 4958 lib.t
2796 4904 2860 4959 de
2899 4904 3091 4961 Trinit.
3140 4924 3193 4963 η.
3249 4909 3317 4965 16
3362 4919 3408 4964 ct

1811 4995 1900 5051 tib.
1961 5012 2024 5062 χ,
2054 5012 2108 5050 η.
2140 4994 2241 5066 50)
2272 5010 2287 5050 :
2314 5003 2372 5050 ut
2394 4994 2618 5051 latitudo
2666 4995 2894 5053 deducta
2939 4999 3172 5071 quodam
3199 5012 3410 5059 naturae

1811 5109 1921 5151 sine
1951 5101 2122 5147 tractu
2163 5105 2550 5160 assumensque
2586 5092 2857 5150 hominem
2899 5094 3041 5152 ﬁlius
3072 5112 3411 5169 nuncuparc~

1822 5254 1934 5319 Ern,
1970 5252 2111 5310 Mitt.
2169 5251 2315 5322 Lips.
2345 5265 2395 5308 et
2436 5256 2551 5309 l‘at‘.
2583 5299 2592 5315 ,
2629 5257 2939 5323 indi/ferenti
2967 5260 3016 5311 in
3052 5261 3211 5312 nulla.
3245 5257 3415 5313 Casti-

1818 5336 2009 5395 gantnr
2036 5341 2096 5378 ex
2133 5328 2363 5395 scriptis.

1889 5397 1964 5466 (dli
2000 5398 2053 5450 ltt
2088 5399 2316 5470 vulgatis
2343 5413 2405 5452 ac
2440 5401 2676 5470 pluribus
2729 5418 2858 5456 mss.
2895 5405 3063 5455 anim.
3115 5404 3329 5458 lit-trtius
3365 5406 3412 5458 in

1814 5470 1967 5522 41011).
1993 5479 2045 5523 et
2071 5470 2254 5525 Germ.
2299 5472 2459 5537 unici,
2492 5473 2545 5528 id
2573 5481 2655 5529 est
2682 5473 2906 5527 solitarii
2934 5492 2943 5528 :
2974 5475 3124 5530 unica
3157 5485 3237 5530 est.
3264 5479 3408 5532 cnim

1814 5541 1907 5615 Dei
1937 5548 2147 5615 natura,
2178 5543 2272 5598 sed
2302 5557 2408 5600 non
2437 5545 2724 5615 singularis
2751 5560 2814 5598 ac
2843 5547 3114 5602 solitarius
3145 5547 3304 5603 Deus.

1887 5610 1960 5686 (e)
2007 5612 2062 5686 In
2111 5629 2215 5669 ms.
2249 5615 2412 5671 Corb.
2445 5630 2507 5671 ac
2528 5610 2778 5685 'pluribtts
2803 5616 2922 5670 aliis
2953 5632 3057 5672 non
3089 5617 3318 5676 habetur
3360 5632 3407 5676 et

1813 5684 2331 5760 praedestinationem.
2357 5684 2652 5760 Deindeex
2675 5701 2805 5760 mss.
2829 5703 2999 5760 prope
3022 5693 3261 5746 omnium
3287 5709 3417 5750 con-

1815 5770 1982 5836 sen_s_u
2022 5757 2363 5836 restituitnus
2390 5769 2510 5813 ante
2549 5759 2774 5836 Mariam
2793 5757 3098 5836 {quamvis
3129 5765 3376 5836 superius
3397 5807 3412 5832 ,

1820 5837 1878 5906 ut
1907 5827 1995 5906 hic
2021 5829 2073 5906 i_n
2117 5831 2333 5886 excusis
2353 5839 2633 5906 ,_exsteta
2666 5827 2884 5906 ΔΜιινὶᾳξ
2909 5833 3058 5892 Hanc
3105 5827 3420 5906 opinionem

1820 5900 1990 5957 Paulo
2023 5899 2388 5958 Samosatensi
2421 5902 2735 5958 nominatim
2784 5903 3043 5964 adscribit
3094 5899 3423 5969 Aihanasius

1823 5973 1923 6032 sub
1955 5973 2116 6031 ﬁnem
2143 5973 2266 6052 libtj
2293 5974 2362 6033 de
2391 5973 2603 6033 lncarn.
2638 5975 2857 6033 Christi.
