3996 6330
530 297 637 356 519

1683 322 1690 327 ·
1731 296 1978 359 SANCTI
2019 292 2274 355 HILARII
2314 291 2621 354 EPISCOPI

3717 288 3820 351 590

528 425 705 472 tamen
728 457 744 485 ,
772 422 833 470 ut
859 414 1125 489 subiectio
1152 415 1389 475 nominis
1429 418 1814 491 proprietatem
1873 418 2131 476 naturalis
2159 423 2211 482 Α
2238 421 2423 468 saneto
2454 410 2786 483 nuncupatio
2810 408 3136 467 damnabilis
3160 409 3286 468 est?
3315 409 3471 483 Quod
3500 417 3673 469 tamen
3701 412 3819 484 quia

525 517 685 581 atque
716 508 1069 566 indifferentis
1100 519 1325 567 testatur
1355 515 1627 571 essentim.

594 597 760 673 m
781 599 967 656 XVIII.
994 621 1013 655 ι
1035 602 1091 657 Si
1118 603 1239 675 quis
1267 604 1483 661 Patrem
1513 614 1568 663 et
1591 605 1786 662 Filium
1816 622 1973 662 unam
2003 622 2127 679 pcr-

525 704 715 747 sonam
747 691 914 748 dicit:
946 692 1235 751 anathema
1266 695 1355 751 sit.
1391 716 1410 749 ι

595 784 687 840 52.
720 782 882 840 Pater
910 797 958 841 et
989 785 1161 845 Filias
1189 806 1292 844 non
1319 806 1425 845 una
1451 808 1693 862 persona.
1721 824 1796 835 -—
1822 794 1937 851 Non
1973 795 2133 852 habet

535 877 912 936 necessitatem
936 880 1342 939 contradicendi
1370 884 1470 941 sibi
1496 886 1744 943 absoluta
1775 890 2129 960 perversitas:

532 976 590 1025 et
619 979 797 1027 tamen
828 971 1028 1029 stultus
1058 973 1412 1046 quorumdam
1444 975 1596 1035 furor
1625 978 1677 1034 in
1702 979 1752 1035 id
1776 981 2053 1053 prorupit,
2077 989 2136 1037 ut

527 1077 819 1136 personam
844 1081 1006 1122 unam
1034 1066 1198 1124 duum
1227 1070 1503 1126 nominum
1529 1086 1691 1129 ausus
1718 1072 1790 1130 sit
1815 1074 2130 1145 praedicare.

600 1159 747 1217 XIX.
778 1161 879 1219 «Si
927 1163 1050 1235 quis
1093 1163 1354 1235 Spiritum
1402 1175 1646 1224 sanctum
1693 1170 2026 1239 paracletum
2053 1169 2135 1226 di-

529 1267 660 1310 cens
681 1295 697 1322 ,
729 1255 1102 1313 innascibilem
1130 1256 1297 1314 Deum
1329 1258 1506 1316 dicat:
1532 1260 1819 1317 anathema
1851 1261 1939 1318 sit.
1967 1281 1986 1315 ›

604 1346 697 1404 55.
727 1346 961 1419 Spiritus
988 1360 1196 1406 sanctus
1224 1369 1323 1407 non
1351 1352 1667 1409 innascibilis
1695 1352 1857 1411 Deus.
1889 1355 2037 1411 Alius
2064 1362 2136 1412 est

529 1457 561 1495 a
594 1438 755 1497 Filio.
779 1473 852 1485 -—
872 1441 1120 1515 Adjectio
1151 1460 1294 1502 nunc
1322 1445 1620 1516 Paracleti,
1662 1446 1994 1505 anathemati
2034 1449 2136 1505 ob-

533 1534 751 1591 noxiam
797 1535 924 1593 facit
961 1537 1294 1596 innascibilis
1331 1541 1384 1595 in
1425 1556 1493 1598 eo
1536 1541 1630 1598 Dei
1672 1542 2133 1613 praedicationem.

530 1626 909 1701 Impiissintum
938 1632 1080 1689 enim
1107 1643 1188 1690 est
1206 1675 1220 1701 ,
1252 1634 1625 1693 innascibilem
1650 1636 1817 1694 Deum
1843 1654 1963 1694 eum
1988 1637 2096 1695 diei
2119 1680 2134 1705 ,

530 1723 621 1795 qui
649 1723 718 1780 ad
746 1726 1170 1785 consolationem
1199 1739 1441 1786 nostram
1471 1738 1557 1788 est
1583 1731 1779 1789 missus
1806 1748 1835 1788 a
1869 1734 2024 1789 Filio.

2234 505 2477 561 hazretici
2507 506 2725 573 dicunt,
2759 514 2907 562 recte
2944 504 3200 562 catholici
3240 504 3623 562 condemnant.

2304 598 2527 655 ΧΧ111.‹
2552 599 2610 657 Si
2633 600 2756 672 quis
2785 601 2931 672 quod
2954 599 3160 656 dictum
3183 608 3288 668 cst,
3319 599 3433 673 Ego
3454 599 3590 656 Deus
3616 600 3829 670 primus,

2233 700 2281 747 et
2306 709 2400 765 ego
2428 692 2568 747 Deus
2615 693 2942 760 nouissimus,
2992 701 3043 747 et
3086 703 3271 765 prtem
3295 710 3377 750 me
3421 710 3526 750 non
3568 703 3642 748 est
3690 692 3832 748 Deus

2235 785 2419 861 (Esai.
2450 804 2595 853 xuv,
2625 788 2721 860 6),
2751 786 2819 845 ad
2847 786 3275 847 destructionem
3319 788 3586 846 idolorum
3624 788 3830 845 dictum

2234 889 2289 935 et
2309 894 2494 936 eorum
2517 880 2608 952 qui
2634 896 2740 935 non
2768 889 2893 936 sunt
2922 879 3018 950 dii,
3038 880 3091 936 in
3121 880 3545 937 destructionem
3572 879 3833 954 unigeniti

2234 982 2361 1030 ante
2387 973 2582 1029 szecula
2612 974 2704 1029 Dei
2724 972 2941 1046 judaice
2979 973 3181 1031 dictum
3213 974 3516 1048 intelligat:
3549 976 3833 1032 anathema

2235 1071 2327 1127 sit.
2355 1089 2374 1123 ι
2429 1112 2439 1121 .

2306 1165 2397 1221 57.
2429 1164 2597 1234 Illud,
2612 1179 2721 1221 non
2749 1175 2834 1221 est
2862 1164 3002 1220 Deus
3029 1172 3226 1237 prtetcr
3251 1178 3359 1232 me,
3393 1160 3588 1219 Filium
3620 1180 3721 1219 non
3746 1179 3834 1219 ne-

2234 1269 2328 1333 gat
2356 1260 2541 1317 Deum.
2564 1291 2637 1303 —
2656 1261 2890 1318 Deorum
2923 1261 3318 1319 numerositate
3342 1260 3618 1327 damnata,
3645 1269 3696 1315 et
3731 1259 3837 1316 Deo

2237 1362 2448 1412 tantum
2479 1371 2589 1412 uno
2619 1355 2955 1428 prtedicato,
2987 1355 3174 1427 negari
3225 1354 3369 1411 Deus
3410 1353 3551 1409 (ilius
3591 1350 3687 1408 Dei
3728 1367 3832 1407 non

2236 1457 2438 1520 potest.
2459 1449 2660 1506 Verum
2689 1460 2893 1506 natura:
2920 1449 3061 1505 istud
3086 1458 3308 1521 prmstat
3326 1449 3559 1520 genuina
3583 1447 3828 1519 proprie-

2236 1548 2341 1610 tas,
2376 1552 2436 1597 ut
2464 1558 2686 1609 nomen,
2719 1542 2862 1612 quod
2890 1552 3121 1614 negatur
3147 1541 3214 1597 ad
3243 1557 3552 1609 numerum,
3580 1539 3839 1596 debeatur

2236 1636 2526 1702 essentitc;
2560 1643 2616 1692 et
2647 1635 2697 1691 id
2717 1677 2731 1701 ,
2763 1635 2907 1707 quod
2934 1651 3034 1690 non
3066 1645 3142 1690 est
3179 1633 3319 1690 Deus
3363 1644 3550 1706 printer
3577 1650 3692 1701 me,
3737 1649 3839 1688 non

2237 1731 2409 1801 possit
2440 1728 2580 1785 Filio
2609 1729 2822 1785 auferre
2850 1728 2995 1800 quod
3028 1729 3168 1784 Deus
3196 1738 3312 1783 est:
3345 1730 3467 1800 quia
3496 1727 3638 1783 Deus
3662 1727 3833 1795 alius,

602 1816 822 1877 XX.sSi
850 1822 996 1893 quis,
1020 1821 1383 1881 sicutidoeuit
1407 1841 1505 1881 nos
1527 1824 1806 1895 Dominus,
1831 1843 1936 1884 non
1965 1829 2132 1885 alium
2160 1820 2209 1882 Β
2238 1831 2439 1895 praeter
2468 1838 2627 1895 quam
2658 1822 2750 1893 qui
2780 1831 2866 1878 est
2892 1838 2956 1878 ex
2989 1822 3121 1889 Deo,
3157 1820 3337 1876 nullus
3363 1829 3466 1878 est.
3496 1821 3560 1875 Et
3588 1836 3683 1891 per
3710 1819 3842 1874 hanc

527 1907 674 1967 dicat
699 1912 1040 1971 Paracletum
1064 1930 1095 1971 a
1122 1915 1292 1984 Filio;
1321 1917 1458 1974 dixit
1481 1919 1625 1975 enim
1649 1936 1662 1973 :
1691 1918 1760 1974 Et
1785 1920 2005 1977 alterum
2028 1920 2137 1978 Pa-

527 2004 781 2061 racletum
805 2006 968 2063 mittet
992 2008 1131 2065 vobis
1155 2007 1336 2077 Pater,
1361 2027 1509 2084 quem
1532 2013 1726 2087 rogabo
1745 2030 1879 2089 ego:
1903 2015 2136 2075 anathe-

436 2144 439 2145 ν
529 2111 617 2153 ma
640 2098 765 2155 sit.»

598 2193 687 2249 54.
719 2192 825 2250 Cur
843 2194 1046 2252 dicatur
1066 2197 1200 2252 mitti
1219 2214 1251 2253 a
1278 2196 1454 2255 Patre.
1472 2202 1605 2258 —A
1632 2200 1772 2259 Filio
1796 2202 2134 2261 Paracletum

528 2287 754 2346 missum
794 2292 1176 2360 meminimus,
1222 2302 1277 2350 et
1319 2294 1374 2350 in
1416 2294 1679 2367 principio
1712 2298 1816 2353 hoc
1844 2298 1978 2355 ﬁdes
2019 2300 2134 2370 ipsa

526 2382 795 2453 exposuit.
827 2382 936 2441 Sed
961 2386 1085 2456 quia
1113 2384 1425 2457 frequenter
1455 2387 1623 2444 Filius
1653 2403 1751 2460 per
1777 2390 2136 2449 indiderentis

535 2483 743 2532 natura:
785 2475 1038 2535 virtutem
1070 2494 1234 2551 opera
1264 2495 1360 2538 sua
1391 2497 1555 2555 opera
1586 2483 1762 2541 Patris
1804 2500 1926 2543 esse
1963 2485 2131 2552 dixit,

534 2568 756 2627 dicens:
805 2568 920 2645 Ego
960 2590 1119 2644 opera
1159 2574 1336 2631 Patris
1366 2563 1464 2633 mei
1494 2580 1632 2650 facio
1661 2578 1857 2653 (Ioan.
1888 2597 1921 2636 ι
1947 2621 1963 2647 ,
1990 2582 2059 2638 57
2080 2580 2133 2654 ),

529 2661 796 2719 missurus
824 2679 1039 2736 quoque
1065 2665 1408 2723 Paracletum
1431 2709 1448 2735 ,
1480 2669 1641 2725 sicuti
1673 2669 1981 2742 frequenter
2005 2687 2135 2744 ερον

530 2754 750 2828 pondit,
775 2756 1042 2813 interdum
1069 2774 1193 2815 eum
1236 2769 1291 2816 et
1329 2760 1652 2818 mittendum
1692 2763 1828 2819 dixit
1866 2779 1896 2819 a
1934 2763 2092 2821 Patre
2115 2803 2133 2833 ,

528 2847 655 2905 dum
684 2866 845 2908 omne
872 2852 1015 2923 quod
1041 2862 1256 2925 ageret,
1286 2854 1373 2926 pie
1404 2848 1606 2912 referre
1635 2854 1710 2929 (a)
1738 2865 1824 2913 est
1850 2857 2041 2913 solitus
2068 2857 2136 2913 ad

527 2942 762 3002 Patrem.
792 2946 870 3002 Ex
892 2961 999 3017 quo
1024 2946 1262 3004 haeretici
1294 2949 1632 3007 occasionem
1662 2953 1971 3022 frequenter
1996 2952 2134 3007 arri-

528 3038 719 3109 piunt,
747 3048 806 3095 ut
835 3038 1010 3111 ipsum
1042 3056 1162 3098 esse
1192 3042 1384 3099 Filium
1410 3045 1749 3103 Paracletum
1776 3046 1987 3103 dicant:
2015 3061 2135 3102 cum

523 3133 578 3187 in
605 3149 690 3194 eo.
721 3133 865 3205 quod
895 3134 1059 3191 alium
1093 3136 1427 3194 Paracletum
1463 3140 1781 3197 mittendum
1813 3156 1842 3195 a
1874 3141 2034 3196 Patre
2064 3143 2135 3196 sit

2239 1932 2429 1973 vocem
2463 1916 2555 1973 Dei
2588 1916 2756 1987 patris
2784 1930 2889 1971 non
2925 1923 3103 1986 potest
3131 1930 3238 1971 non
3273 1914 3415 1970 Deus
3452 1928 3612 1980 esse,
3650 1914 3742 1984 qui
3779 1927 3842 1967 ex

2245 2008 2324 2081 (bi
2351 2024 2411 2065 se
2437 2007 2766 2065 indit‘fercnti
2793 2007 2860 2062 ad
2895 2015 3141 2062 naturam
3172 2022 3328 2062 suam
3354 2014 3442 2063 est
3470 2012 3632 2061 natus
3657 2019 3842 2062 essen-

2239 2102 2333 2157 tia.
2362 2100 2516 2171 Quod
2546 2100 2752 2157 idcirco
2780 2099 2953 2156 Judmi
2999 2099 3067 2155 ad
3116 2100 3370 2155 unionem
3421 2098 3517 2155 Dei
3559 2096 3837 2165 referunt,

2237 2194 2367 2267 quia
2396 2194 2733 2267 unigenitum
2770 2194 2939 2250 Deum
2970 2192 3243 2249 nesciunt.
3288 2192 3395 2249 Sed
3426 2206 3525 2247 nos
3556 2206 3681 2247 cum
3713 2191 3845 2248 duos

2237 2290 2369 2347 deos
2401 2305 2659 2362 negamus
2679 2332 2694 2358 ,
2721 2289 3093 2345 diversitatem
3126 2287 3180 2343 in
3217 2286 3377 2343 Patre
3403 2296 3460 2343 et
3508 2286 3652 2343 Filio
3694 2295 3845 2341 natu-

2239 2385 2371 2441 ralis
2420 2383 2796 2441 abominamur
2848 2382 3101 2439 essentia:
3147 2399 3159 2435 :
3193 2381 3319 2453 quia
3349 2381 3437 2447 id,
3469 2378 3619 2453 quod
3648 2398 3751 2436 non
3776 2391 3844 2435 est

2236 2476 2383 2533 Deus
2414 2486 2601 2549 prwter
2625 2493 2734 2543 me,
2778 2475 2998 2547 impiam
3038 2475 3109 2532 de
3148 2459 3299 2530 falsis
3336 2475 3442 2531 diis
3482 2474 3702 2546 perimit
3733 2474 3844 2545 opi-

2238 2570 2481 2626 nionem.
2510 2567 2644 2624 Cum
2671 2584 2805 2624 vero
2834 2584 3002 2624 unum
3037 2568 3206 2624 Deum
3248 2567 3610 2635 conﬁtentes,
3652 2567 3840 2623 Filium

2236 2680 2455 2737 quoque
2487 2664 2654 2721 Deum
2686 2664 2950 2731 dicimus;
2987 2664 3117 2719 nihil
3148 2664 3424 2720 diversum
3465 2679 3565 2735 per
3593 2663 3839 2719 substan-

2238 2760 2367 2817 tiam
2401 2761 2453 2815 in
2485 2765 2718 2830 utroque
2744 2758 2847 2815 sub
2878 2773 2987 2814 uno
3016 2757 3235 2814 nomine
3261 2758 3644 2830 praedicamus.

2312 2852 2506 2910 XXIV.
2557 2872 2576 2906 s
2625 2853 2682 2909 Si
2725 2855 2848 2924 quis
2894 2853 3169 2909 voluntate
3219 2853 3313 2909 Dei
3361 2860 3635 2924 tamquam
3680 2868 3836 2908 unum

2242 2947 2443 3018 aliquid
2484 2945 2550 3001 de
2580 2955 2827 3001 creatura
2871 2946 3063 3001 Filium
3106 2945 3305 3002 factum
3345 2947 3522 3003 dicat:
3562 2948 3838 3001 anathema

2241 3041 2331 3096 sit.
2364 3059 2381 3091 )

2315 3133 2407 3188 58.
2442 3132 2613 3189 Filias
2643 3150 2703 3189 ex
2735 3133 2829 3188 Dei
2854 3133 3164 3201 substantia,
3193 3149 3297 3189 non
3320 3144 3372 3188 ut
3400 3144 3648 3189 creaturis
3668 3151 3733 3188 ex
3760 3149 3839 3187 ro-

530 3237 870 3298 precaturus,
904 3228 1264 3286 ditTerentiam
1294 3232 1440 3289 missi
1469 3236 1816 3308 rogantisque
1842 3236 2131 3308 signiﬁcet.
2165 3221 2211 3285 C
2244 3229 2458 3282 lutitate.
2482 3260 2555 3271 —-
2579 3226 2840 3283 Omnibus
2885 3228 3151 3285 creaturis
3194 3228 3554 3283 substantiam
3598 3228 3837 3283 voluntas

597 3318 743 3376 XXI.
770 3340 788 3374 ι
808 3321 865 3379 Si
892 3322 1013 3394 quis
1043 3323 1305 3394 Spiritum
1336 3335 1584 3383 sanctum
1610 3335 1823 3399 partem
1850 3329 1998 3386 dicat
2024 3328 2131 3384 Pa-

526 3413 627 3470 tris
655 3414 741 3471 vet
772 3414 930 3471 Filii:
964 3418 1251 3479 anathema
1281 3419 1371 3474 sit.
1394 3437 1414 3471 ι

602 3509 692 3566 55.
728 3509 854 3566 Non
883 3520 959 3566 est
990 3528 1112 3582 pars
1141 3511 1320 3568 Patris
1346 3523 1438 3568 aut
1470 3512 1620 3570 Filii.
1650 3545 1722 3556 —
1752 3514 1989 3573 Stultitia
2022 3514 2134 3572 ha:-

528 3602 686 3659 retiei
715 3603 916 3659 furoris
936 3604 1054 3661 htcc
1075 3605 1253 3677 coegit
1274 3606 1327 3662 in
1350 3608 1550 3679 scripta
1574 3608 1807 3675 referre,
1832 3626 1939 3666 non
1958 3626 2135 3682 quats-

534 3695 627 3754 tio.
662 3694 799 3752 Nam
854 3712 977 3754 cum
1009 3695 1246 3770 Spiritus
1301 3699 1476 3757 sancti
1506 3716 1701 3759 nomen
1743 3700 1942 3759 habeat
1978 3718 2131 3760 suam

527 3789 1015 3861 signiﬁcationem,
1057 3800 1114 3849 et
1152 3792 1390 3863 Spiritus
1428 3805 1650 3852 sanctus
1686 3796 1991 3866 paracletus
2030 3795 2130 3851 ha-

525 3883 654 3941 beat
682 3885 1001 3943 substantiae
1029 3902 1143 3944 sum
1171 3896 1230 3945 et
1256 3887 1493 3969 cilicium
1521 3900 1574 3947 et
1602 3889 1851 3947 ordinem
1876 3931 1890 3955 ,
1922 3899 1979 3946 et
2007 3905 2132 3947 cum

528 3976 730 4049 ubique
783 3978 1190 4038 indemutabilis
1238 3981 1401 4038 Pater
1449 3992 1505 4040 ct
1551 3981 1718 4038 Filius
1766 3983 2128 4056 praedicetur:

526 4073 801 4143 quomodo
832 4090 959 4145 pars
988 4089 1112 4133 esse
1140 4083 1234 4131 aut
1262 4075 1438 4132 Patris
1467 4084 1561 4132 aut
1588 4075 1713 4132 Filii
1739 4074 1971 4148 Spiritus
2000 4092 2130 4133 san-

526 4175 645 4223 ctus
676 4168 982 4226 asserituri
1016 4170 1124 4228 Sed
1154 4171 1277 4241 quia
1306 4169 1447 4227 sicut
1474 4171 1618 4226 inter
1648 4179 1847 4228 caetera
1887 4171 2127 4227 insania-

526 4272 647 4316 rum
684 4275 919 4332 genera,
963 4261 1126 4318 etiam
1174 4261 1277 4319 hoc
1319 4278 1532 4335 quoque
1574 4262 1803 4334 proferri
1845 4263 1914 4321 ab
1952 4263 2131 4336 impiis

529 4351 710 4419 solet;
745 4354 947 4411 idcirco
971 4370 1001 4407 a
1034 4356 1240 4412 sanctis
1265 4356 1452 4415 debuit
1493 4358 1808 4428 improbari.

597 4445 761 4520 5.95
790 4446 958 4503 XXII.
983 4466 1002 4500 ς
1026 4448 1084 4504 Si
1114 4449 1234 4521 quis
1256 4449 1470 4507 Patrem
1491 4458 1547 4506 et
1567 4449 1762 4507 Filium
1790 4459 1847 4509 et
1868 4450 2127 4524 Spiritum

527 4549 777 4595 sanctum
810 4550 924 4598 tres
956 4540 1088 4599 dicit
1114 4542 1277 4600 deos:
1311 4543 1597 4601 anathema
1623 4544 1712 4600 sit.
1747 4564 1765 4598 ι

2240 3319 2339 3378 Dei
2365 3321 2576 3376 attulit:
2606 3321 2700 3377 sed
2729 3329 2974 3377 naturam
3001 3320 3145 3377 Filio
3170 3320 3322 3378 dedit
3343 3337 3410 3377 cx
3439 3322 3754 3393 impassihili
3777 3335 3833 3375 ac

2238 3429 2345 3471 non
2386 3424 2512 3471 nata
2563 3415 2865 3471 substantia
2911 3412 3147 3486 perfecta
3194 3414 3478 3470 nativitas.
3511 3413 3658 3469 Talia
3698 3413 3833 3469 enim

2236 3519 2429 3567 cuncta
2462 3518 2644 3591 creata
2675 3518 2832 3578 sunt,
2865 3509 3044 3580 qualia
3086 3525 3210 3566 esse
3252 3509 3393 3567 Deus
3436 3508 3634 3565 voluit:
3673 3508 3832 3563 Filius

2238 3614 2419 3662 autem
2446 3616 2604 3660 natus
2632 3620 2699 3661 ex
2725 3605 2835 3661 Deo
2858 3605 2981 3660 talis
3005 3604 3278 3672 substitit,
3302 3605 3479 3676 qualis
3501 3614 3555 3661 et
3577 3604 3712 3659 Deus
3736 3611 3829 3660 est.

2235 3696 2347 3755 Nec
2396 3698 2714 3754 dissimilem
2742 3698 2822 3752 sui
2853 3698 3023 3754 edidit
3053 3707 3245 3753 natura
3295 3708 3538 3754 naturam
3579 3717 3591 3750 :
3641 3697 3731 3753 sed
3771 3711 3829 3752 es

2237 3792 2538 3849 substantia
2564 3792 2655 3847 Dei
2683 3793 2896 3863 genitus
2922 3803 3131 3847 natura:
3158 3791 3452 3848 secumlum
3484 3792 3737 3863 originem
3759 3797 3832 3844 at-

2238 3885 2391 3951 tulit,
2424 3899 2530 3939 non
2561 3884 2855 3940 secundum
2879 3894 3182 3952 creaturas,
3209 3885 3504 3941 voluntatis
3531 3885 3825 3941 essentiam.

2309 3977 2508 4033 ΧΧν.‹
2532 3978 2744 4050 Siquis,
2769 3978 2988 4034 nolente
3021 3978 3204 4047 Patre,
3237 3988 3421 4034 natum
3453 3977 3826 4035 dicatFiIium:

2233 4072 2518 4129 anathema
2547 4073 2640 4128 sit.
2667 4070 2784 4128 Non
2812 4073 2958 4129 enim
2985 4072 3208 4128 nolente
3237 4080 3389 4141 patre
3414 4080 3631 4128 coactus
3657 4069 3823 4135 Pater,

2234 4168 2319 4225 vel
2350 4169 2582 4224 naturali
2613 4169 2940 4226 necessitate
2970 4168 3184 4235 ductus,
3212 4167 3379 4242 5.96
3405 4185 3527 4225 cum
3556 4167 3719 4223 nollet
3744 4178 3825 4236 ge-

2235 4262 2350 4317 nuit
2373 4260 2600 4330 Filium;
2628 4262 2721 4319 sed
2753 4277 2877 4318 mox
2900 4262 3099 4332 voluit,
3132 4262 3247 4318 sine
3275 4273 3519 4333 tempore
3553 4271 3606 4318 et
3643 4261 3822 4331 impas-

2233 4355 2465 4412 sibiliter
2486 4371 2554 4411 ex
2580 4370 2641 4412 se
2660 4371 2784 4413 eum
2809 4357 3142 4428 unigenitum
3169 4356 3579 4412 demonstravit.
3602 4374 3621 4408 ι

2307 4448 2398 4506 59.
2431 4447 2553 4504 Non
2581 4458 2750 4504 tamen
2799 4465 2863 4504 ex
2888 4449 3049 4505 invito
3075 4446 3235 4505 Patre
3262 4447 3454 4504 Filius.
3479 4478 3551 4489 -—
3569 4446 3691 4504 Cum
3720 4458 3816 4499 non

2234 4558 2301 4600 ex
2325 4542 2628 4609 voluntate,
2656 4550 2716 4601 ut
2740 4554 2967 4607 caaera,
3007 4542 3175 4599 Filius
3201 4541 3505 4600 subsistere
3531 4543 3811 4604 doceretur,

600 4633 690 4689 56.
724 4632 812 4689 Dii
852 4644 955 4692 tres
996 4646 1269 4709 negantur.
1293 4668 1365 4679 —
1386 4638 1561 4694 Duum
1599 4637 1825 4695 deorum
1866 4639 2132 4712 professio
2158 4633 2213 4696 D
2237 4651 2307 4693 ne
2336 4635 2633 4693 secundum
2663 4635 2992 4693 voluntatem
3025 4644 3228 4692 tantum
3250 4678 3265 4704 ,
3300 4651 3408 4693 non
3447 4636 3605 4694 etiam
3641 4650 3812 4690 secun~

525 4742 651 4783 eum
680 4727 983 4800 irreligiosa
1012 4730 1119 4799 sit,
1144 4731 1268 4803 quia
1307 4746 1567 4804 nusquam
1610 4731 1712 4788 nisi
1752 4748 1920 4788 unum
1962 4733 2130 4789 Deum

527 4822 882 4894 praedicatum
932 4825 1343 4883 meminerimus
1392 4835 1448 4883 et
1478 4825 1880 4897 prmdicemus:
1929 4838 2134 4899 quanto

528 4916 701 4989 magis
747 4917 907 4974 trium
951 4918 1181 4977 deorum
1231 4922 1287 4978 in
1337 4921 1500 4978 Patre
1542 4932 1598 4978 et
1642 4922 1780 4978 Filio
1823 4931 1877 4979 et
1924 4921 2132 4995 Spiritu

600 5074 681 5149 (a)
708 5075 864 5151 Quod
898 5086 1114 5148 praestat
1153 5080 1306 5135 salva
1329 5091 1536 5137 natura:
1556 5094 1669 5137 sua:
1707 5080 2032 5151 aequalitate.
2067 5082 2139 5137 llt

530 5148 675 5205 enim
706 5148 935 5205 habetur
963 5151 1013 5205 in
1049 5151 1189 5206 Psal.
1219 5168 1467 5208 tzxxxvnt
1494 5198 1506 5213 ,
1554 5170 1608 5205 η.
1640 5153 1742 5207 ‘38:
1772 5148 2136 5209 'Contestatam

528 5224 591 5276 de
622 5237 674 5276 se
701 5230 999 5292 potestatem
1026 5238 1116 5294 per
1147 5228 1436 5277 reuerentia:
1467 5230 1707 5280 (tonarent
1740 5227 1782 5278 ei
1806 5269 1814 5277 .
1851 5228 1933 5277 cui
1964 5229 2133 5281 omnia

530 5294 829 5366 muniuerat
858 5294 1150 5361 conﬁtenda
1175 5339 1188 5357 ,
1222 5297 1432 5364 subierit
1464 5339 1473 5349 .
1505 5312 1602 5349 non
1629 5297 1725 5349 sibi
1750 5298 1979 5351 adimens
2001 5302 2135 5366 quod

534 5364 718 5418 similia
754 5363 903 5438 Patri
931 5377 1101 5438 posset
1125 5410 1137 5429 ,
1170 5366 1259 5420 sed
1285 5383 1400 5420 eum
1433 5383 1521 5436 per
1552 5385 1699 5436 quem
1739 5370 1928 5422 similia
1967 5363 2133 5435 posset

534 5438 824 5493 ostendens.
853 5436 990 5493 Vide
1018 5449 1173 5493 tract.
1202 5439 1345 5494 Psal.
1376 5455 1525 5505 um,
1556 5456 1611 5494 n.
1641 5440 1694 5493 6.

607 5507 687 5633 vi?
711 5506 1050 5633 Vlotéabulum
1086 5526 1141 5566 se
1179 5510 1269 5567 hic
1304 5509 1592 5581 adjicimus
1630 5511 1951 5567 auctoritate
1990 5526 2120 5569 mss.

607 5599 614 5630 ι
680 5619 692 5632 .
724 5596 753 5633 e
855 5595 991 5633 erm.

536 5576 692 5634 Colb.
724 5588 777 5634 et
806 5579 991 5637 Germ.

608 5648 785 5727 (ελ-ιφ
809 5667 942 5709 mss.
966 5652 1038 5727 ᾼι
1058 5653 1187 5710 editi
1208 5696 1225 5722 ,
1258 5654 1484 5709 naturali
1509 5654 1621 5727 lege
1644 5661 1847 5709 coactus
1872 5654 2028 5709 invito
2051 5673 2125 5723 se,

536 5729 642 5803 etc.
676 5719 869 5803 Filium
899 5724 1179 5803 voluntate
1206 5719 1394 5803 natura
1423 5727 1529 5803 dici
1559 5719 1826 5803 consensu
1868 5719 2132 5803 permittit

535 5790 806 5871 Ililatjus,
834 5808 941 5865 quo
978 5796 1074 5871 lib.
1131 5798 1309 5871 sude
1351 5797 1505 5854 Trin.
1540 5814 1594 5853 n.
1627 5797 1733 5866 50,
1774 5806 1832 5853 et
1858 5790 2128 5871 superius,

537 5876 595 5921 η.
630 5862 730 5928 I7,
762 5862 1163 5935 generationem
1195 5869 1338 5928 illius
1373 5862 1939 5929 creationem'vocari'
1967 5862 2129 5941 sinit,

2239 4731 2367 4787 dum
2399 4738 2643 4786 naturam
2676 4729 2901 4786 haberet
2925 4730 3252 4797 essentiam;
3282 4729 3408 4785 data
3439 4728 3691 4786 hatrctieis
3726 4738 3808 4779 nco

2235 4828 2384 4885 casio
2406 4826 2706 4895 videbatur,
2727 4837 2787 4883 ut
2807 4828 3184 4884 necessitatem
3211 4827 3322 4884 Dco
3345 4827 3482 4897 patri
3503 4821 3732 4900 gignendi
3749 4835 3806 4876 es

2237 4941 2299 4982 se
2328 4924 2453 4981 Filii
2482 4923 2891 4993 adscriberent,
2925 4932 3198 4996 tamquam
3232 4922 3305 4996 (c)
3336 4932 3544 4981 natura:
3581 4923 3689 4994 lege
3724 4932 3808 4973 eo-

2242 5082 2308 5159 ad
2340 5082 2725 5159 removendam
2756 5082 2876 5139 scil.
2909 5098 3126 5139 omnem
3160 5082 3334 5159 Patris
3374 5083 3429 5159 in
3471 5081 3587 5159 Filii
3602 5089 3815 5159 genere

2242 5156 2389 5209 tinne
2427 5155 2732 5224 passionem
2774 5166 2865 5209 aut
2906 5157 3340 5225 repugnantiam.
3387 5155 3661 5210 Ferendum
3694 5155 3811 5225 enim

2242 5239 2385 5289 esset,
2411 5221 2581 5292 inquit,
2611 5229 2856 5297 apposite
2882 5221 3174 5294 Gregorius
3204 5229 3355 5292 Νη,
3389 5228 3480 5284 0r.
3507 5241 3660 5283 xxxv.
3687 5240 3737 5274 η.
3764 5221 3809 5297 ξ,

2243 5316 2300 5351 ηρ
2325 5310 2553 5353 coactam
2573 5292 2846 5366 quamdam
2877 5292 3247 5367 generationem
3266 5300 3625 5355 inueherentus.
3646 5312 3699 5347 ac
3728 5292 3813 5348 rd-

2241 5384 2291 5422 nl
2323 5370 2839 5452 natttraleguoddain
2866 5382 3269 5452 fast-ementita:
3300 5370 3633 5452 (περίττωμα)
3657 5376 3749 5452 ετιι
3762 5382 3809 5452 ξί-

2242 5453 2393 5515 mque
2421 5436 2624 5515 difﬁcile
2646 5443 2747 5515 ,Ain
2776 5442 3091 5515 divinitatem
3122 5436 3333 5497 minime
3357 5436 3627 5515 q'uadra'ns;
3655 5436 3807 5492 Paula

2232 5514 2391 5585 aliter
2414 5512 2644 5585 subinde
2671 5513 2837 5568 locuti
2867 5522 2994 5569 sunt
3016 5513 3302 5584 'I‘heologi,
3322 5512 3461 5585 quos
3480 5516 3615 5570 inter
3635 5516 3809 5585 aut;th

2233 5584 2329 5655 lib.
2357 5584 2425 5640 de
2439 5584 2858 5641 Trinit.etunit.
2888 5585 3005 5650 Dei,
3035 5584 3179 5655 apud
3206 5574 3576 5654 A'u'gt'tstinnm,
3606 5595 3717 5649 cap.
3738 5574 3804 5628 ’Ξῖ

2234 5654 2346 5711 Nec
2371 5657 2634 5712 voluntate
2655 5673 2748 5713 nec
2779 5654 3081 5713 necessitate
3097 5658 3269 5730 genuit
3298 5656 3458 5712 Pater
3477 5656 3804 5730 Filium:_m

2232 5730 2551 5793 necessitate,
2581 5730 2702 5797 quia
2731 5730 3005 5785 necessitas
3034 5730 3087 5783 in
3097 5721 3225 5784 'Deo
3252 5746 3355 5786 non
3381 5740 3489 5791 est:
3515 5744 3606 5782 non
3631 5721 3801 5797 rolqu

2235 5808 2356 5876 tate,
2377 5800 2496 5876 quia
2517 5795 2751 5876 uoluntas
2772 5802 2956 5874 prwire
2974 5802 3279 5876 sapientiam
3302 5819 3402 5858 non
3425 5808 3592 5876 potest,
3610 5807 3715 5864 aut

2235 5869 2428 5929 Filius.
2459 5870 2632 5945 Igitur
2652 5869 2798 5947 prius
2822 5883 2898 5931 est
2923 5869 3302 5931 rationabiliter
3329 5869 3531 5949 sapere,
3556 5882 3694 5943 qutun
3720 5874 3809 5916 η’
