3996 6330
188 334 294 393 59.1

991 340 1200 400 LIBER
1237 343 1327 401 DE
1365 343 1676 418 SYNODIS,
1716 346 1848 409 SEU
1873 347 1964 407 DE
2003 349 2162 409 FIDE
2200 350 2695 416 ORIENTALIUM.

3384 366 3494 426 522

181 459 350 521 gente
378 450 580 510 invitus
607 451 852 513 ediderit.
897 456 1004 515 Sed
1047 460 1163 517 haec
1205 464 1514 534 passionum
1556 481 1662 523 non
1706 477 1791 524 cst
1815 470 2216 530 Aconventum
2266 483 2411 541 erat,
2464 452 2806 545 expositione
2852 475 3015 533 totius
3082 476 3210 537 ﬁdei
3277 483 3363 539 cui
3398 486 3493 542 ad-

180 541 238 597 in
258 542 377 600 Deo
399 554 552 617 patre
571 547 809 605 conditio
830 567 843 603 :
868 548 944 624 (α)
964 568 1085 608 cum
1110 555 1451 613 inenarrabili
1478 568 1531 614 et
1561 560 1795 629 perfecta

179 637 467 695 nativitate
489 639 649 710 Filii,
679 658 781 700 nec
810 644 1061 701 voluntas
1087 649 1204 704 sola
1234 651 1422 720 genuit
1442 651 1637 707 Filium
1657 695 1671 719 ,
1695 668 1797 710 nec

177 726 465 787 demutata
493 742 587 789 aut
614 745 800 793 coacta
831 736 1062 809 imperio
1092 742 1353 799 naturalis
1391 743 1527 815 legis
1556 746 1794 804 essentia

176 833 288 880 est.
319 824 432 883 Nec
460 827 528 883 ad
557 829 888 902 gignendum
924 834 1153 906 quaesita
1187 838 1488 895 substantia
1530 850 1648 909 est,
1693 857 1795 901 nec

173 918 446 990 gignentis
468 921 522 977 in
543 924 725 993 genito
752 924 964 983 diversa
990 935 1180 985 natura
1206 938 1291 987 est
1308 971 1324 997 ,
1347 946 1448 988 nec
1468 932 1522 988 in
1552 943 1793 1005 tempore

172 1012 393 1081 paterni
424 1014 662 1071 nominis
690 1017 968 1074 solitudo:
1009 1020 1109 1077 sed
1148 1029 1277 1078 ante
1316 1034 1560 1096 tempora
1607 1026 1791 1081 omnia

171 1103 343 1162 Pater
366 1121 434 1163 ex
460 1117 666 1166 natura:
692 1125 807 1167 suae
831 1113 1067 1169 essentia
1089 1155 1106 1182 ,
1138 1114 1547 1186 impassibiliter
1575 1118 1788 1187 volens,

170 1195 320 1255 Filio
345 1198 501 1256 dedit
528 1203 791 1260 naturalis
820 1203 894 1277 (b)
925 1206 1226 1271 nativitatis
1256 1210 1572 1266 essentiam.

246 1294 442 1353 XXVI.
466 1315 486 1350 ι
507 1295 564 1355 Si
589 1299 711 1372 quis
737 1302 1109 1361 innascibilem
1135 1316 1189 1362 et
1212 1306 1331 1364 sine
1353 1306 1509 1365 initio
1533 1308 1679 1367 dicat
1700 1309 1788 1365 Fi-

165 1387 346 1457 lium;
380 1401 653 1465 tamquam
679 1393 785 1451 duo
811 1397 929 1454 sine
956 1397 1221 1471 principio
1241 1409 1297 1457 et
1315 1399 1424 1457 duo
1449 1403 1787 1461 innascibilia

164 1493 227 1540 et
251 1484 362 1541 duo
390 1485 569 1543 innata
596 1486 807 1559 dicens,
835 1490 972 1547 duos
995 1491 1156 1549 faciat
1180 1493 1346 1551 deos:
1376 1495 1663 1554 anathema
1692 1498 1784 1557 sit.

164 1577 351 1648 Caput
378 1579 563 1649 enim,
593 1582 738 1653 quod
776 1591 862 1641 est
897 1586 1223 1658 principium
1260 1589 1533 1659 omnium,
1576 1590 1782 1660 Filius;

161 1684 335 1744 caput
357 1683 570 1742 autem,
600 1676 745 1748 quod
769 1688 854 1735 est
881 1680 1201 1752 principium
1228 1680 1466 1751 Christi,
1496 1684 1676 1752 Deus;
1706 1686 1786 1744 sic

160 1766 319 1823 enim
349 1768 416 1824 ad
455 1784 621 1826 unum
665 1770 737 1843 (c)
783 1771 1198 1844 ininitiabilem,
1242 1776 1484 1833 omnium
1527 1778 1778 1847 initium,

158 1879 269 1936 per
297 1864 498 1922 Filium
529 1868 782 1925 universa
814 1871 1122 1930 referimus.
1153 1893 1172 1927 ι

238 1957 337 2015 60.
366 1958 567 2016 Filium
592 1962 952 2022 innascibiletn
981 1967 1154 2023 unitas
1183 1966 1282 2024 Dei
1322 1987 1424 2025 non
1464 1972 1681 2042 patitur.
1708 2002 1781 2014 —

158 2048 365 2107 Filium
395 2051 768 2111 innascibilem
800 2056 1083 2126 conﬁteri,
1118 2059 1493 2130 impiissimum
1524 2072 1627 2120 est.
1659 2064 1778 2122 lam

159 2144 316 2201 enim
348 2160 454 2202 non
484 2148 592 2204 erit
633 2149 774 2206 Deus
817 2167 989 2208 unus:
1022 2150 1147 2224 quia
1179 2154 1346 2209 Deum
1382 2171 1546 2212 unum
1580 2158 1778 2228 praedi-

156 2237 282 2293 cari
314 2248 508 2296 natura
538 2242 701 2299 unius
731 2243 1066 2301 innascibilis
1109 2246 1206 2302 Dei
1247 2247 1433 2319 exigit.
1472 2248 1608 2307 Cum
1649 2266 1779 2324 ergo

157 2345 308 2386 unus
344 2332 483 2389 Deus
522 2335 630 2402 sit,
658 2335 767 2393 duo
806 2337 1152 2398 innascibiles
1194 2354 1318 2398 esse
1358 2356 1466 2398 non
1509 2352 1774 2414 possunt:

153 2436 288 2480 cum
322 2424 525 2483 idcirco
556 2427 698 2485 Deus
729 2445 868 2487 unus
916 2431 987 2487 sit
1030 2429 1178 2505 (cum
1209 2440 1267 2489 et
1304 2441 1461 2504 pater
1491 2436 1636 2493 Deus
1665 2438 1774 2507 sit,

154 2522 218 2571 et
247 2514 399 2573 ﬁlius
429 2518 524 2575 Dei
557 2519 700 2577 Deus
729 2520 845 2594 sit).
882 2523 1005 2594 quia
1033 2523 1429 2582 innascibilitas
1457 2527 1575 2584 sola
1606 2543 1778 2601 penes

154 2623 335 2665 unum
365 2611 458 2668 sit.
486 2612 658 2669 Filius
684 2624 867 2672 autem
898 2615 1102 2673 idcirco
1132 2617 1311 2686 Deus,
1342 2619 1467 2690 quia
1498 2635 1563 2677 ex
1595 2622 1781 2678 innas-

153 2700 315 2757 cibili
355 2704 594 2760 essentia
631 2714 791 2763 natus
827 2707 1074 2764 exsistat.
1120 2708 1351 2781 Respuit
1378 2726 1508 2783 ergo
1539 2711 1779 2769 innasci-

153 2799 333 2857 bilem
376 2799 571 2858 Filium
612 2802 898 2874 praedicari
941 2803 1078 2861 ﬁdes
1116 2812 1341 2874 saneta;
1375 2814 1434 2862 ut
1472 2822 1569 2879 per
1609 2824 1774 2865 unum

153 2892 541 2950 innascibilem
573 2894 739 2953 Deum
759 2938 775 2965 ,
810 2911 974 2953 unum
1003 2897 1171 2954 Deum
1201 2898 1495 2970 pradicet:
1527 2908 1587 2956 ut
1616 2911 1778 2959 natu-

152 3000 283 3043 ram
310 2987 639 3060 unigenitam
663 3031 677 3056 ,
706 3005 773 3047 ex
801 2991 1109 3048 innascibili
1133 2995 1372 3066 genitam
1403 2994 1481 3068 (ιι)
1513 2997 1774 3067 essentia,

155 3080 221 3139 in
255 3097 367 3138 uno
395 3082 729 3142 innascibilis
758 3084 857 3142 Dei
884 3087 1106 3145 nomine
1144 3089 1557 3159 complectatur.
1600 3090 1777 3162 Caput

149 3178 311 3236 enim
346 3181 589 3237 omnium
622 3182 793 3241 Filius
822 3193 907 3242 est
934 3228 949 3250 ,
980 3185 1077 3242 sed
1117 3197 1280 3258 caput
1316 3187 1627 3261 Filiileeus
1664 3197 1771 3247 est.

1897 562 2216 619 versabatur
2239 605 2255 633 ,
2288 568 2524 636 oportuit
2551 586 2563 620 :
2594 584 2715 640 quae
2740 569 2950 625 initium
2982 571 3074 629 Dei
3108 573 3202 630 lilii
3259 590 3324 632 ex
3370 593 3493 647 par.

1896 663 1953 711 tu
1987 655 2218 728 Virginis
2257 661 2636 717 mentiebatur.
2684 662 2798 719 Hoc
2836 665 2980 720 enim
3019 665 3142 722 ﬁdei
3176 676 3378 725 nostra:
3404 686 3493 726 se-

1895 749 2129 807 cundum
2152 753 2518 823 eVangelicam
2554 764 2610 811 et
2634 757 2986 827 apostolicam
3012 759 3313 818 doctrinam
3341 763 3491 833 prin-

1894 842 2067 913 cipale
2087 852 2190 911 est,
2214 833 2501 903 Dominum
2534 856 2779 904 nostrum
2808 849 2995 907 Jesum
3015 852 3290 910 Christum
3321 856 3487 913 Deum

1893 942 1950 992 et
1975 935 2072 993 Dei
2121 937 2289 993 ﬁlium
2335 954 2365 994 a
2395 939 2554 996 Patre
2597 956 2699 998 nec
2735 941 2962 1000 honoris
2990 945 3352 1016 confessione,
3389 966 3491 1007 ncc

1892 1028 2107 1085 virtutis
2130 1038 2420 1102 potestate.
2454 1048 2555 1091 nec
2578 1034 2896 1094 substantiae
2922 1037 3257 1109 diversitate,
3281 1057 3380 1099 nec
3405 1044 3490 1100 in-

1890 1121 2120 1179 tervallo
2148 1126 2405 1195 temporis
2434 1127 2695 1197 separari.

1962 1213 2052 1270 62.
2083 1213 2385 1288 Difﬁcultas
2405 1218 2469 1273 de
2494 1217 2601 1275 Deo
2627 1222 2810 1291 paucis
2838 1220 3486 1298 loquendi.-—lllultilarie,

1890 1314 1951 1363 ut
1977 1308 2316 1381 intelligitur,
2344 1312 2720 1384 episcoporum
2746 1317 2992 1373 consiliis
3011 1330 3172 1391 atque
3200 1326 3488 1382 sententiis

1890 1401 2114 1472 quaesita
2141 1404 2343 1461 veritas
2364 1416 2468 1474 est,
2494 1417 2549 1463 et
2570 1408 2940 1482 intelligentia:
2960 1415 3101 1470 ratio
3127 1400 3371 1488 exposita
3403 1428 3490 1491 est

1890 1509 1988 1585 per
2017 1496 2255 1567 singulas
2276 1499 2496 1570 scripta:
2524 1500 2649 1558 ﬁdei
2690 1503 3056 1574 professiones
3081 1527 3093 1562 :
3118 1510 3346 1582 singulis
3370 1512 3491 1585 qui-

1889 1584 2097 1658 busque
2116 1588 2599 1662 generibusimpia:
2621 1594 3021 1664 prmdica‘lionis
3044 1601 3351 1661 exstinctis.
3366 1603 3485 1663 Non

1887 1683 2031 1739 enim
2054 1684 2293 1742 inﬁnitus
2315 1696 2368 1743 et
2392 1687 2688 1745 immensus
2706 1691 2846 1747 Deus
2865 1692 3117 1751 brevibus
3132 1694 3350 1755 humani
3374 1715 3492 1756 ser-

1885 1777 2065 1833 monis
2090 1777 2321 1850 eloquiis
2357 1780 2442 1836 vel
2471 1780 2699 1855 intelligi
2731 1784 2929 1854 potuit,
2960 1787 3046 1843 vel
3072 1789 3303 1847 ostendi.
3329 1791 3491 1850 Fallit

1809 1874 1859 1935 B
1887 1871 2032 1926 enim
2080 1870 2395 1943 plerumque
2435 1882 2491 1930 et
2527 1875 2810 1934 audientes
2856 1886 2913 1935 et
2950 1878 3210 1939 docentes
3249 1883 3487 1944 brevitas

1881 1965 2170 2022 verborum
2208 1977 2307 2025 :et
2352 1970 2678 2040 compendio
2705 1986 3017 2030 sermonum
3044 1987 3137 2032 aut
3174 1994 3280 2033 non
3330 1980 3490 2037 intel-

1880 2058 1973 2131 ligi
2002 2068 2178 2132 potest
2204 2061 2348 2132 quod
2384 2063 2680 2134 requiritur
2704 2107 2717 2132 ,
2774 2075 2870 2121 aut
2916 2069 3080 2123 etiam
3120 2073 3486 2143 corrumpitur

1882 2151 2024 2223 quod
2059 2152 2417 2225 signiﬁcatum
2447 2157 2653 2228 magis,
2702 2173 2860 2227 quam
2890 2169 3224 2231 enarratum,
3256 2165 3485 2222 rationis

1879 2244 2223 2304 absolutione
2263 2262 2368 2305 non
2414 2257 2646 2305 constat.
2684 2250 2751 2306 Et
2781 2250 2985 2310 idcirco
3008 2254 3250 2326 episcopi
3295 2255 3363 2329 (e)
3398 2258 3485 2313 in-

1881 2339 2194 2412 telligentia:
2218 2356 2379 2398 sensu
2413 2341 2715 2415 loquentes,
2733 2344 2803 2400 oh
2818 2344 3192 2404 difﬁcultatem
3225 2350 3487 2407 naturalis

1879 2431 2289 2505 intelligentiae,
2322 2443 2379 2492 et
2405 2434 2653 2505 plurimis
2682 2436 3085 2495 deﬁnitionibus
3120 2450 3169 2497 et
3218 2442 3489 2514 copiosio-

1878 2526 2031 2584 ribus
2058 2528 2244 2585 verbis
2271 2529 2354 2585 usi
2377 2538 2505 2585 sunt
2526 2529 2593 2585 ad
2608 2529 2911 2587 docendum
2939 2550 2952 2585 :
2985 2541 3116 2589 utet
3142 2549 3360 2592 sensum
3389 2552 3487 2593 au-

1878 2618 2141 2678 dientium
2170 2620 2516 2680 distinctione
2545 2623 2708 2679 edita:
2750 2638 2845 2695 per
2886 2626 3054 2683 multa
3092 2629 3341 2686 veritatis
3385 2632 3488 2687 im-

1877 2713 2139 2781 buerent,
2167 2723 2223 2770 et
2250 2714 2321 2771 de
2348 2715 2546 2771 divinis
2575 2716 2739 2773 rebus
2778 2716 2911 2773 nihil
2941 2717 3010 2792 (Ῑ)
3040 2720 3186 2777 aliud
3219 2725 3487 2793 periculo-

1878 2820 1999 2862 sum
2024 2815 2117 2862 aut
2147 2808 2438 2864 obscurum
2469 2807 2523 2863 in
2557 2808 2658 2866 hac
2708 2811 3023 2868 multimoda
3080 2814 3314 2885 plurium
3359 2834 3486 2877 scu-

1880 2899 2169 2955 tentiarum
2196 2899 2537 2956 absolutione
2570 2901 2940 2972 loquerentur.

1947 2991 2036 3047 65.
2067 2990 2225 3046 Fides
2252 2992 2309 3046 in
2337 2991 2562 3047 Oriente.
2597 2991 2912 3063 Frequenter
2936 2999 3201 3068 exposita;
3222 3001 3276 3056 in
3307 3005 3487 3069 paucis

1866 3100 2023 3140 sana.
2058 3084 2412 3141 Usius.'Fidei
2455 3095 2647 3142 concta:
2672 3088 3089 3159 subscriptiones.
3128 3091 3487 3154 Occidentales

1877 3178 2093 3250 scriptas
2105 3179 2233 3250 ﬁdes
2246 3179 2716 3236 nesciunt—Nihil
2733 3190 2914 3238 autem
2937 3184 3131 3239 mirum
3145 3186 3314 3243 videri
3331 3190 3486 3245 vobis

149 3273 235 3330 Ει
267 3274 340 3331 ad
382 3292 547 3333 unum
579 3278 748 3335 Deum
780 3281 963 3337 omnia
992 3280 1097 3339 hoc
1120 3281 1290 3355 gradu
1318 3293 1481 3356 mque
1513 3283 1615 3342 hac
1640 3300 1774 3347 εοη-
1800 3289 1847 3357 C
1878 3271 2059 3339 debet,
2084 3272 2302 3329 Fratres
2323 3272 2647 3339 charissimi,
2677 3274 2819 3344 quod
2853 3284 2957 3329 tam
2981 3274 3293 3349 frequenter
3316 3280 3487 3357 498

152 3366 408 3427 fessione
433 3371 772 3430 referuntur:
797 3390 920 3431 cum
942 3376 1010 3432 ab
1030 3391 1097 3433 eo
1118 3386 1335 3435 sumant
1354 3379 1606 3436 universa
1628 3380 1779 3451 prin-

158 3460 379 3533 cipium
402 3505 418 3531 ,
447 3465 534 3520 cui
564 3466 681 3536 ipse
711 3466 1030 3539 principium
1062 3469 1132 3525 sit
1157 3470 1304 3543 (scil.
1335 3471 1474 3529 Deus
1501 3474 1700 3544 pater).

235 3554 456 3613 XXVll.
479 3576 499 3610 ι
526 3558 596 3615 Ει
624 3560 822 3617 iterum
852 3563 1240 3621 conﬁrmantes
1264 3562 1663 3623 Christianismi
1696 3568 1780 3624 in-

146 3647 541 3719 intellectum,
597 3651 850 3721 dicimus,
908 3655 1174 3723 Quoniam
1230 3658 1276 3713 si
1328 3659 1450 3726 quis
1500 3657 1774 3717 Christum

150 3743 340 3800 Deum
361 3785 377 3813 ,
412 3745 580 3801 lilium
622 3746 719 3805 Dei
762 3759 889 3806 ante
917 3750 1117 3806 saecula
1145 3750 1308 3825 49⁸1
1349 3753 1771 3822 subsistentem,

146 3844 215 3893 et
247 3837 648 3896 ministrantem
690 3840 835 3896 Patri
864 3841 932 3898 ad
966 3844 1207 3899 omnium
1238 3844 1627 3916 perlectionem
1662 3864 1769 3904 non

147 3931 347 3998 dicat;
399 3933 495 3990 sed
547 3949 617 3991 ex
668 3952 777 4007 quo
824 3936 893 3992 de
942 3936 1110 3993 Maria
1151 3947 1313 3995 natus
1351 3948 1466 4008 est,
1502 3956 1569 3997 ex
1611 3956 1677 3997 eo
1717 3949 1777 3997 et

146 4025 442 4084 Christum
470 4035 526 4084 et
553 4028 723 4086 ﬁlium
757 4030 1093 4088 nominatum
1134 4048 1290 4099 esse,
1332 4044 1388 4090 et
1426 4034 1641 4090 initium
1677 4050 1774 4093 ac-

144 4119 377 4192 cepisse
405 4131 468 4176 ut
495 4122 564 4178 sit
593 4122 738 4179 Deus
766 4122 939 4179 dicat:
973 4125 1260 4181 anathema
1290 4126 1380 4181 sit.
1407 4144 1426 4178 ι

230 4212 324 4268 61.
386 4211 601 4269 Pltotini
654 4214 882 4272 narresis.
928 4215 1083 4273 Fidei
1128 4227 1316 4273 nostra:
1358 4218 1667 4290 principale.
1703 4248 1776 4260 —

141 4302 420 4363 Coneludi
490 4304 765 4364 damnatio
820 4307 938 4380 ejus
1005 4308 1265 4376 hazresis,
1351 4317 1572 4382 propter
1614 4325 1777 4383 quam

141 4468 471 4524 tionabiliter
504 4469 649 4527 velle.
697 4471 848 4530 Unde
879 4489 971 4528 nec
998 4474 1294 4539 voluntate,
1326 4489 1417 4529 nec
1445 4473 1768 4540 necessitate,

140 4543 249 4618 sed
270 4541 579 4618 naturaliter
603 4545 715 4618 sola
739 4547 992 4618 sapientia
1017 4544 1178 4601 Pater
1201 4547 1381 4618 genuit
1406 4543 1627 4600 Filium.

228 4611 306 4683 (a)
341 4612 560 4685 lnmss.
592 4616 744 4674 Colb.
773 4625 831 4674 et
854 4616 1063 4685 Germ.,
1093 4611 1222 4685 cui;
1245 4632 1352 4674 non
1382 4633 1517 4673 cum.

234 4686 312 4773 ςὺ)
342 4683 1121 4773 βάἱιί,¹ηαξὶυἱιιζιεῃιρρδρηιὶτη.
1187 4683 1192 4685 ’
1232 4760 1247 4773 _
1356 4760 1376 4773 .
1534 4759 1569 4773 ﬂ

234 4688 287 4752 (ὸ
342 4688 506 4754 Editi,
531 4688 847 4745 nativitatem
870 4690 1121 4745 essentiaz.

228 4688 395 4831 (εἰη)
426 4758 656 4829 vulgatis
678 4802 693 4824 ,
732 4762 1038 4817 ininitiabile
1059 4777 1079 4815 :
1105 4760 1249 4831 quod
1287 4760 1495 4817 rel'erre
1533 4759 1661 4816 licet
1699 4758 1766 4815 ad

139 4826 502 4901 principium,
524 4826 710 4903 idque.
743 4841 803 4887 ut
826 4847 987 4901 supra
1010 4826 1357 4903 observatum
1389 4839 1503 4893 est.
1532 4830 1770 4901 postulat

140 4900 372 4970 graecus
400 4900 617 4986 sermo;
636 4909 705 4958 At
731 4918 853 4986 eum
885 4904 1027 4987 idem
1054 4904 1276 4987 verbum
1328 4900 1562 4987 smmi.
1613 4920 1666 4959 n.
1697 4904 1766 4987 ἧς)

138 4986 378 5027 versum
408 4972 479 5026 sit
508 4975 595 5043 qui
623 4985 695 5029 est
720 4976 829 5029 sine
861 4975 1149 5045 principio,
1182 4991 1289 5031 non
1320 4972 1474 5040 quod
1488 4972 1563 5030 est
1582 5016 1597 5043 ,
1631 4975 1762 5031 reti-

139 5057 354 5100 nemus
379 5058 503 5099 cum
531 5060 659 5100 mss.
680 5047 1055 5101 ininitiabilem.

231 5112 317 5185 (ά)
352 5112 410 5169 1η
445 5130 575 5172 mss.
606 5119 897 5173 essentiam.
925 5116 1086 5174 Fides
1113 5126 1297 5174 saneta
1340 5118 1391 5173 in
1448 5132 1553 5172 uno
1608 5116 1765 5173 inna-

134 5185 371 5261 sci_hi_lis_
399 5186 492 5242 Dei
522 5190 737 5261 nomine
759 5200 1005 5245 naturam
1020 5190 1349 5261 unigenitum
1364 5190 1766 5261 complectitur,

134 5256 247 5335 qui
274 5258 373 5313 Dei
419 5273 617 5317 nomen
661 5260 732 5317 ita
765 5261 984 5335 tribuit,
1033 5256 1314 5318 ut'tamen
1364 5256 1589 5332 respuat
1629 5260 1770 5317 duos

137 5329 321 5387 deos.

256 5402 306 5478 ς)
333 5397 393 5478 I_n
415 5402 675 5475 vulgatis,
704 5404 1057 5478 intelligentia:
1087 5421 1214 5460 suae.
1244 5404 1414 5478 Abest
1442 5419 1549 5459 sua:
1574 5419 1605 5459 a
1630 5418 1764 5478 mss.

256 5473 308 5546 f)
352 5470 429 5529 Ita
464 5470 704 5547 potiores
743 5470 975 5535 mss.'At
1014 5477 1182 5545 editi,
1213 5476 1344 5532 nihil
1374 5486 1462 5532 aut
1505 5474 1766 5549 periculo-

140 5561 304 5602 sum.

229 5617 314 5702 (9)
347 5617 810 5702 Hincmarus,_l_ib.
836 5621 905 5702 de
927 5638 1034 5679 non
1063 5619 1211 5702 trina
1233 5618 1399 5702 Deit.,
1429 5632 1479 5674 c.
1513 5618 1606 5702 l0;
1630 5618 1769 5702 rela-

136 5690 230 5768 tis
248 5689 412 5768 hisce
440 5694 618 5748 verbis
646 5694 833 5768 addit:
859 5692 1084 5768 Propter
1110 5693 1271 5768 stylos
1298 5692 1471 5762 plures
1507 5707 1538 5743 a
1566 5689 1644 5768 S._
1661 5689 1767 5744 Hi-

136 5763 294 5846 lario
326 5762 623 5846 dictae-sunt
645 5766 836 5834 plurali
864 5762 1073 5822 nuniero
1100 5762 1250 5836 ﬁdes,
1277 5774 1325 5846 et
1360 5764 1770 5846 praptenplura-

137 5835 360 5888 litatem
387 5836 761 5907 scriptionum,
812 5855 916 5894 non
958 5834 1165 5912 propter
1202 5834 1526 5893 credulitatis
1552 5834 1767 5891 divisio-

136 5920 301 5965 item.

462 6002 740 6066 Parnon.
814 6003 897 6066 X.

1882 3361 2169 3437 exponi(g)
2202 3364 2331 3419 lides
2347 3372 2539 3435 coepta:
2565 3374 2727 3421 sunt:
2760 3366 3141 3425 necessitatem
3172 3370 3315 3427 hanc
3336 3374 3487 3430 [uror

1882 3457 2169 3515 haereticus
2211 3457 2458 3528 imponit.
2492 3456 2625 3515 Nam
2660 3465 2863 3514 tantum
2898 3458 3262 3517 Ecclesiarum
3287 3463 3481 3520 Orien-

1880 3551 2065 3608 taliqu
2096 3549 2397 3623 periculum
2437 3558 2543 3618 est,
2577 3558 2636 3605 ut
2681 3567 2861 3606 rarum
2892 3552 2963 3607 sit
2997 3552 3157 3623 hujus
3181 3555 3305 3611 lidei
3338 3555 3484 3629 (qua:

1880 3644 2055 3716 qualis
2079 3645 2170 3713 sit,
2216 3659 2313 3700 vos
2333 3642 2596 3716 judicate)
2643 3653 2737 3700 aut
2761 3645 3074 3703 sacerdotes
3103 3652 3196 3702 aut
3223 3651 3484 3720 populum

1882 3735 2132 3794 inveniri.
2163 3735 2246 3808 (lt)
2277 3736 2412 3793 Male
2427 3737 2571 3793 enim
2605 3752 2701 3808 per
2725 3737 2986 3808 quosdam
3009 3738 3269 3809 impietati
3294 3752 3480 3800 aucto-

1880 3832 2015 3888 ritas
2040 3829 2163 3885 data
2195 3839 2320 3887 est:
2352 3837 2408 3885 et
2430 3830 2637 3885 exsiliis
2662 3832 3062 3901 CplSCOIlOFllm,
3094 3847 3321 3902 quorum
3353 3850 3480 3889 can-

1875 3941 1991 3984 sam
2022 3941 2129 3980 non
2156 3925 2436 3997 ignoratis,
2454 3924 2600 3979 vires
2618 3932 2790 3978 aucta:
2811 3931 2937 3978 sunt
2967 3923 3333 3994 profanorum.
3360 3928 3480 4001 Nqn

1878 4018 2168 4092 peregrina
2195 4019 2407 4086 loquor,
2441 4028 2615 4086 neque
2643 4014 2886 4085 ignorata
2926 4013 3110 4070 scribo
3143 4032 3155 4070 :
3189 4017 3371 4073 audivi
3415 4034 3482 4076 ac

1876 4116 1985 4172 vidi
2013 4114 2144 4170 vitia
2175 4110 2520 4184 prmsentium
2549 4125 2565 4175 ;
2621 4124 2728 4164 non
2759 4109 3040 4177 laicorum,
3071 4109 3166 4166 sed
3194 4111 3480 4182 episeOpo-

1877 4224 2021 4266 rum.
2049 4206 2182 4262 Nam
2221 4205 2428 4275 absque
2457 4203 2713 4274 episcopo
2737 4200 2800 4273 (i)
2821 4201 3038 4258 Eleusio
3065 4212 3120 4258 et
3146 4204 3332 4273 paucis
3353 4219 3478 4261 cum

1880 4320 1966 4375 eo,
1998 4318 2064 4361 ex
2104 4299 2297 4371 majori
2345 4305 2497 4366 parte
2526 4296 2743 4352 Asiana:
2773 4294 2963 4353 decem
2995 4298 3307 4368 provlncize,
3337 4298 3482 4356 intra

1976 4464 2188 4540 1:)yss.
2204 4458 2409 4540 _Corb.,
2441 4456 2614 4540 Pra.t.,
2653 4454 2847 4540 Rem,
2882 4454 3070 4536 F_aur.,
3102 4454 3274 4511 Multa
3317 4462 3473 4540 enirn.

1972 4525 2024 4611 ἰ)’
2038 4534 2312 4593 Eleusiqu
2335 4544 2510 4586 tamen
2537 4525 3071 4611 inleLSett‘i‘inria'nos
3087 4539 3336 4611 recenset
3349 4533 3480 4611 μεμί-

1873 4597 2126 4682 ιιιιῖιίιίυε,
2154 4607 2286 4662 luer.
2321 4617 2483 4659 Lxxnt
2506 4643 2520 4668 ,
2556 4618 2612 4655 ιι.
2639 4597 2731 4682 25‘.
2778 4597 2925 4682 EtMa
2962 4599 3186 4682 Socrate
3234 4597 3479 4682 quidem,

1875 4670 1968 4740 lib.
2000 4698 2062 4749 ιι,
2085 4670 2135 4736 θ’.
2184 4677 2257 4733 40
2280 4719 2295 4741 ,
2334 4682 2505 4749 acute
2538 4670 2990 4749 reprelienditur,
3019 4672 3163 4749 quod
3195 4670 3480 4749 a'gerrime

1874 4740 2303 4811 ferret'innovari
2331 4740 2707 4817 Eucaeuiornm
2736 4740 2918 4817 lident,
2948 4742 3037 4796 cui
3060 4740 3330 4798 Nicaznam
3360 4747 3480 4817 ipse

1878 4826 2243 4898 postltaberct.
2274 4818 2591 4898 Liberionnt
2624 4812 2942 4898 ltomousiou
2969 4825 3268 4898 respueret,
3300 4812 3478 4898 ipsum

1874 4883 1996 4954 cum
2045 4896 2168 4951 aliis
2206 4901 2480 4948 auctorem
2513 4885 2676 4940 fuisse
2703 4883 3037 4939 Sozomenus
3078 4886 3230 4940 testis
3261 4898 3345 4941 cst
3383 4891 3476 4946 lib.

1873 4953 1947 5036 ἡ,
1978 4983 2098 5040 cap,
2154 4963 2220 5040 t5
2247 5005 2262 5030 ,
2295 4962 2385 5040 qui
2420 4974 2548 5040 cum
2578 4956 2825 5040 Socrate,
2855 4953 2947 5040 lib.
2981 4969 3039 5021 ιι,
3072 4970 3135 5040 c._
3292 4961 3484 5040 scribit

1874 5012 2122 5097 Julian
2156 5012 2477 5091 incedonio
2502 5012 2861 5098 conjunctum
2899 5035 2954 5081 et
3003 5012 3479 5088 crudelitatetnil;

1874 5113 1980 5168 lius
2006 5110 2272 5166 imitatum
2304 5118 2446 5160 esse.
2481 5097 2650 5157 Immo
2674 5141 2690 5166 ,
2739 5100 2783 5153 si
2816 5097 2992 5152 cidem
3037 5103 3343 5157 Sozomeno
3378 5102 3474 5161 lib.

1874 5200 1951 5246 ιγ,
1977 5200 2027 5241 c.
2071 5181 2164 5246 20,
2195 5175 2440 5233 habenda
2470 5173 2632 5239 lides,
2658 5171 3141 5246 consubstantialis
3160 5172 3481 5232 defensores

2195 5227 2535 5318 philistiam
2556 5227 2746 5325 “valde
2774 5241 3051 5325 probabile
3079 5252 3169 5325 est
3189 5284 3216 5325 ,.
3260 5246 3395 5301 hanc
3423 5248 3477 5304 ei

1877 5337 1990 5383 tum
2020 5343 2051 5381 a
2082 5312 2304 5381 Socrate
2336 5312 2445 5375 tuin
2485 5333 2516 5372 a
2554 5317 2861 5397 Sozomeng
2882 5313 3113 5397 inustam
3145 5312 3309 5397 fuisse
3346 5332 3476 5374 cru-

1875 5398 2112 5455 delitatis
2141 5404 2325 5466 notam
2356 5391 2428 5446 ob
2448 5403 2691 5466 ea,_qu:e
2713 5385 2786 5466 ad
2816 5383 3144 5466 Novatianos
3171 5388 3475 5466 reprimeq.

1874 5470 1975 5527 dos
1998 5469 2124 5540 egit.
2148 5465 2224 5540 Et
2244 5464 2442 5540 fatetur
2468 5455 2685 5540 quidem
2711 5456 3065 5540 Sozomentts,
3090 5455 3184 5510 lib.
3206 5473 3281 5540 tv,
3305 5475 3357 5513 c.
3379 5460 3475 5530 20,

1873 5526 1998 5600 eum
2020 5526 2076 5597 ἕι
2114 5535 2433 5610 Macedonio
2468 5526 2761 5595 mitiorem,
2788 5536 2847 5610 et
2879 5528 2988 5610 vita
3018 5526 3154 5610 bona
3183 5539 3239 5584 et
3268 5526 3479 5603 integra

1872 5616 2165 5671 exstitisse.
2193 5609 2347 5665 Hunc
2368 5606 2548 5677 igitur.
2571 5606 2874 5684 quem“?
2901 5606 3178 5684 lm‘igilms
3200 5615 3477 5684 99'."".‘e"‘

1873 5687 2058 5750 dabat,
2092 5684 2161 5738 ab
2188 5684 2253 5736 iis
2278 5680 2365 5750 qui
2389 5671 2569 5731 Deum
2584 5671 2874 5750 _'nes_cirep.t
2893 5671 3171 5738 excipiens
3202 5672 3473 5750 llilarius,

1873 5726 2600 5826 nonusie“;peetalv‘it:1;thui
2630 5726 2788 5826 ﬁdem
2811 5726 3087 5826 Nicaeua'm
3111 5726 3473 5826 proﬁteretur;

1872 5811 2053 5886 sedul
2076 5811 2197 5898 quia
2234 5823 2300 5877 ad
2345 5811 2466 5898 ﬁlim
2496 5811 2737 5898 l’i'oxiine
2769 5811 3062 5898 -acgederel
3088 5811 3190 5896 {et
3219 5811 3480 5898 ﬁnxeer

1873 5882 2168 5959 Kriotiidios
2192 5894 2454 5953 acerrime
2483 5882 2808 5947 decertaret.
2839 5882 2975 5940 Cum
3022 5886 3168 5947 enim
3206 5887 3395 5948 Aetius
3422 5894 3479 5955 in
