3996 6330
552 336 660 404 593

1756 324 2003 390 SANGTI
2041 322 2301 387 HlLARll
2338 312 2648 387 EPISCOPl

3693 326 3769 400 ist

550 473 690 533 quas
704 452 966 521 consisto,
990 462 1122 507 vere
1147 448 1317 506 Deum
1341 445 1420 520 (a)
1442 443 1709 503 nesciunt.
1731 442 1909 517 Atque
1936 444 2142 501 utinam
2171 445 2224 508 Α
2247 445 2461 518 genitus
2482 445 2625 500 Deus
2654 450 2758 510 est;
2786 456 3020 515 namque
3047 444 3200 517 origo
3229 456 3326 503 sua
3358 438 3658 509 innascibilis
3680 458 3775 513 Sub-

550 552 767 625 penitus
794 545 1091 611 nescirent;
1117 557 1240 599 cum
1272 539 1598 614 procliviore
1622 539 1766 595 enim
1793 538 1949 594 venia
1992 538 2148 610 igno-

550 655 758 711 rarent,
788 655 951 714 quam
991 639 1376 697 obtrectarent.
1402 633 1512 691 Sed
1538 634 1735 690 horum
1763 631 2146 704 episcoporum

550 738 712 797 dolor
735 751 796 793 se
826 734 967 791 intra
993 731 1272 788 silentium
1301 742 1411 785 non
1445 725 1731 785 continens
1749 765 1765 791 ,
1794 724 2053 781 unitatem
2085 724 2144 778 li-

550 831 640 888 dei
670 828 833 900 huius
852 823 1067 899 quaerit,
1092 836 1263 895 quam.
1278 821 1393 894 jam
1421 818 1632 892 pridem
1661 833 1762 890 per
1789 817 1926 875 alios
1947 816 2147 872 amisit.

550 923 685 981 Nam
717 922 807 977 illa
835 918 909 993 (b)
949 918 1003 974 in
1026 916 1205 989 primo
1228 916 1442 972 collatae
1466 910 1823 984 expositionis
1847 910 1982 967 fides
2012 908 2153 964 hanc

546 1012 737 1071 habuit
764 1010 1183 1068 necessitatem:
1214 1007 1343 1079 quia
1369 1005 1510 1077 apud
1540 1004 1797 1061 Sirmium
1824 1017 1924 1074 per
1958 1002 2154 1059 imme-

550 1122 760 1166 morem
790 1111 1068 1178 gestorum
1097 1116 1319 1158 suorum
1350 1098 1730 1170 dictorumque
1761 1097 1951 1154 Osium
1997 1110 2153 1153 nova

550 1212 609 1262 et
646 1212 830 1259 tamen
859 1200 935 1273 (ε)
978 1205 1291 1270 suppuratze
1326 1196 1438 1267 jam
1467 1194 1559 1251 diu
1589 1192 1881 1265 impietatis
1904 1190 2153 1249 doctrina

549 1302 896 1371 proruperat.
942 1292 1052 1350 Sed
1092 1292 1163 1347 de
1187 1288 1354 1363 eo(d)
1387 1288 1461 1344 nil
1487 1288 1699 1360 loquor,
1722 1287 1813 1358 qui
1838 1285 2042 1342 idcirco
2069 1294 2155 1342 est

547 1397 901 1456 reservatus,
951 1401 1023 1443 ne
1062 1384 1269 1457 judicio
1299 1382 1535 1439 humano
1582 1382 1923 1452 ignoraretur
1978 1380 2155 1451 qualis

548 1497 676 1545 ante
704 1486 952 1543 vixisset.
987 1482 1196 1553 Ubique
1219 1488 1398 1536 autem
1426 1476 1706 1544 scandala,
1735 1477 1938 1547 ubique
1973 1474 2151 1533 schis-

547 1587 731 1645 mata,
780 1578 976 1648 ubique
1017 1572 1253 1645 perﬁdiae
1291 1580 1437 1628 sunt.
1489 1570 1623 1626 llinc
1663 1569 1796 1625 illud
1826 1578 1941 1637 est,
1986 1576 2045 1623 ut
2084 1567 2152 1624 ad

546 1671 945 1746 professionem
986 1664 1393 1723 subscribendze
1442 1663 1563 1720 lidei
1599 1662 1762 1733 aliqui
1808 1676 2029 1727 eorum,
2059 1661 2152 1732 qui

547 1778 677 1823 ante
723 1764 868 1821 aliud
912 1760 1286 1833 scripserant,
1340 1764 1686 1828 cogerentur.
1718 1754 1830 1812 Nec
1854 1769 2056 1826 queror
2083 1753 2154 1810 de

549 1857 965 1932 patientissimis
981 1857 1112 1912 viris
1133 1854 1497 1913 Orientalibus
1508 1852 1811 1924 episcopis,
1825 1849 2023 1923 quibus
2039 1848 2151 1907 suf-

548 1951 680 2009 fecit
704 1962 824 2023 post
845 1948 1204 2022 blasphemiae
1230 1948 1564 2004 voluntatem
1584 1954 1787 2002 coactae
1810 1944 2003 2000 saltem
2026 1939 2153 1997 lidei

544 2043 816 2116 professio
843 2059 857 2097 :
888 2039 1269 2114 gratulandum
1303 2039 1448 2094 enim
1478 2036 1697 2094 videtur
1725 2035 1780 2091 in
1827 2044 1975 2091 tanta
2007 2033 2153 2089 blas-

546 2131 923 2205 phemantium
965 2133 1346 2203 episcoporum
1391 2128 1649 2185 baretica
1696 2126 2023 2199 pertinacia,
2053 2126 2155 2182 ali-

547 2243 708 2301 quem
723 2244 788 2284 ex
811 2226 894 2283 his
915 2227 1114 2298 suscipi
1137 2224 1509 2297 pmnitentem.
1526 2222 1633 2280 Sed
1654 2223 1795 2279 inter
1817 2225 1955 2291 inec,
1978 2222 2155 2279 obea-

546 2327 634 2375 tos
655 2335 753 2375 vos
779 2319 833 2375 in
867 2320 1093 2375 Domino
1122 2327 1177 2374 et
1218 2317 1509 2389 gloriosos,
1540 2316 1630 2388 qui
1660 2315 1956 2385 perfectam
1987 2326 2153 2387 atque

546 2412 903 2484 apostolicam
934 2412 1095 2467 [idem
1123 2410 1201 2484 (e)
1226 2410 1578 2467 conscientize
1622 2406 1789 2481 599
1811 2408 2154 2480 professione

544 2507 866 2573 retinentes,
885 2506 1223 2576 conscriptas
1251 2504 1385 2562 fides
1413 2504 1521 2559 huc
1542 2517 1716 2574 usque
1742 2503 2000 2559 nescitis!
2033 2502 2149 2559 Non

546 2603 693 2659 enim
728 2602 955 2673 eguistis
979 2601 1184 2667 littera,
1213 2600 1306 2671 qui
1328 2599 1520 2670 spiritu
1552 2598 1930 2655 abundabatis.
1960 2597 2155 2670 Neque

546 2694 786 2752 ofticium
810 2709 1005 2750 manus
1029 2692 1097 2749 ad
1114 2691 1462 2749 scribendum
1492 2692 1866 2762 desiderastis,
1895 2692 1985 2764 qui
2006 2692 2155 2764 quod

545 2791 711 2849 corde
737 2804 770 2846 a
796 2790 951 2847 vobis
989 2789 1335 2858 credebatur,
1373 2804 1468 2845 ore
1505 2788 1575 2845 ad
1603 2788 1833 2845 salutem
1861 2788 2154 2861 proﬁteba-

547 2889 700 2944 mini.
756 2887 867 2944 Nec
896 2886 1263 2943 necessarium
1308 2884 1573 2942 habuistis
1627 2885 1866 2958 episcopi
1922 2885 2148 2955 legere,

546 2980 691 3054 quod
722 2978 1028 3053 regenerati
1077 2978 1337 3051 neopbyti
1370 2977 1657 3034 tenebatis.
1710 2977 1818 3034 Sed
1850 2976 2151 3034 necessitas

547 3072 998 3131 consuetudinem
1022 3072 1221 3138 intulit,
1246 3071 1444 3143 exponi
1467 3070 1627 3139 fides,
1656 3079 1713 3128 et
1735 3070 1994 3141 expositis
2021 3072 2152 3128 sub-

551 3166 737 3223 scribi.
773 3162 876 3222 Ubi
906 3162 1050 3220 enim
1082 3177 1274 3219 sensus
1299 3159 1651 3219 conscientias
1674 3162 2040 3235 periclitatur,
2085 3162 2151 3217 il-

2252 540 2452 596 stantia
2470 547 2570 595 est.
2601 537 2719 594 Non
2748 554 2911 594 unum
2940 539 3321 597 subsistentem
3340 584 3354 608 ,
3380 543 3471 599 sed
3494 543 3556 618 (Γ)
3578 548 3775 606 substan-

2252 634 2381 688 tiam
2411 648 2517 688 non
2548 631 2905 689 diii‘erentem.
2944 632 3061 689 Non
3091 649 3256 690 unum
3295 634 3347 691 in
3374 636 3687 697 dissimilibus
3708 659 3779 699 na-

2252 726 2389 782 turis
2410 726 2508 783 Dei
2531 741 2752 795 nomen,
2780 726 2875 784 sed
2898 728 3059 784 unius
3087 728 3323 785 nominis
3344 735 3499 803 atque
3525 741 3698 791 naturae
3715 735 3778 793 in-

2252 818 2570 876 dissimilem
2614 820 2930 877 essentiam.
2972 819 3089 879 Non
3133 831 3477 894 praestantem
3517 841 3779 900 quemquam

2252 910 2504 983 cuiquam
2544 926 2747 984 genere
2768 913 3109 983 substantiae,
3131 914 3228 970 sed
3270 915 3563 988 subjectum
3599 920 3780 977 alterum

2251 1007 2408 1064 alteri
2436 1008 2715 1065 nativitate
2742 1017 2971 1067 natum.
3005 1009 3224 1067 Patrem
3255 1011 3308 1067 in
3339 1026 3402 1068 eo
3434 1012 3670 1084 majorem
3692 1031 3784 1072 esse

2254 1099 2397 1173 quod
2426 1110 2577 1172 pater
2598 1110 2703 1171 est,
2733 1101 2931 1158 Filium
2954 1104 3007 1159 in
3037 1118 3104 1161 eo
3126 1120 3233 1161 non
3267 1102 3523 1163 minorem
3556 1121 3660 1163 esse
3675 1109 3781 1181 quod

2254 1194 2398 1251 ﬁlius
2422 1204 2525 1251 est.
2580 1194 3041 1269 Signiﬁcationem
3086 1197 3385 1270 interesse,
3426 1216 3529 1256 non
3574 1201 3785 1259 interesse

2254 1297 2524 1344 naturam.
2556 1289 2771 1346 Patrem
2802 1308 2909 1348 non
2961 1292 3101 1348 intra
3152 1300 3393 1365 tempora
3434 1296 3675 1363 conliteri,
3713 1296 3785 1352 sed

2254 1381 2733 1452 cointemporalcm
2762 1383 2905 1439 Patri
2928 1382 3124 1440 Filium
3153 1400 3262 1441 non
3302 1401 3516 1458 negare.
3544 1386 3727 1445 Patrem
3747 1390 3789 1445 in

2255 1471 2395 1529 Filio
2422 1473 2742 1545 praedicare,
2774 1478 2900 1545 quia
2931 1476 3063 1532 nihil
3094 1477 3148 1533 in
3180 1492 3241 1535 se
3268 1477 3463 1535 habeat
3488 1477 3641 1536 Filius
3662 1496 3684 1533 a
3717 1480 3789 1536 Pa-

2256 1576 2339 1624 tre
2365 1566 2627 1625 dissimile
2655 1585 2671 1622 :
2700 1568 2896 1625 Filium
2926 1570 2979 1626 in
3000 1570 3163 1627 Patre
3189 1571 3454 1638 confiteri,
3486 1573 3601 1644 quia
3626 1588 3711 1630 non
3729 1583 3789 1630 est

2253 1660 2475 1719 aliunde
2498 1661 2642 1734 quod
2671 1663 2815 1720 illius
2835 1672 2940 1721 est.
2967 1664 3205 1721 Hutuam
3235 1665 3339 1724 sibi
3372 1681 3438 1723 ac
3455 1667 3664 1723 similem
3688 1669 3790 1724 invi-

2226 1767 2373 1809 .cem
2396 1763 2643 1811 naturam
2672 1772 2777 1812 non
2819 1758 3037 1814 nescire
3058 1798 3073 1823 ,
3106 1758 3230 1830 quia
3259 1773 3357 1830 par
3383 1760 3455 1815 sit
3488 1776 3502 1813 :
3528 1759 3657 1832 quod
3688 1774 3791 1817 unus

2178 1865 2228 1927 Β
2254 1846 2327 1904 sit
2353 1864 2459 1904 non
2488 1848 2819 1919 existimare,
2852 1850 2977 1923 quia
3004 1867 3168 1906 unum
3218 1863 3344 1908 sunt
3370 1869 3384 1906 :
3427 1868 3587 1908 unum
3624 1868 3704 1909 eos
3735 1852 3791 1908 sic

2254 1955 2352 2013 per
2372 1942 2713 2001 indissimilis
2742 1952 2949 2002 natura;
2976 1943 3397 2003 indiderentiam
3443 1944 3726 2020 praedicare,
3745 1963 3792 2004 ne

2254 2050 2396 2091 unus
2424 2037 2516 2092 sit.

2324 2126 2416 2185 65.
2449 2127 2659 2185 Hilario
2697 2130 2880 2185 desunt
2904 2132 3079 2195 verba.
3109 2148 3212 2188 non
3247 2150 3451 2191 sensus.
3472 2164 3542 2176 —
3562 2134 3792 2206 Exposui,

2254 2219 2573 2278 Charissimi
2602 2266 2618 2292 ,
2672 2233 2932 2295 quantum
2956 2225 3179 2283 humani
3221 2228 3493 2285 sermonis
3525 2227 3794 2285 consuetudo

2254 2317 2558 2388 patiebatur
2580 2360 2595 2387 ,
2646 2329 2703 2376 et
2732 2318 2993 2377 Dominus
3018 2319 3153 2377 mihi
3180 2320 3256 2397 (g)
3282 2337 3503 2394 semper
3527 2330 3584 2378 ut
3609 2323 3703 2393 ipse
3722 2321 3795 2378 scit

2254 2427 2285 2468 a
2312 2428 2401 2471 me
2428 2422 2617 2471 oratus
2648 2414 2890 2480 indulsit,
2923 2416 3231 2473 communis
3270 2416 3401 2473 fidei
3443 2416 3791 2474 conscientiam.

2256 2507 2327 2562 Et
2355 2506 2400 2563 si
2440 2507 2569 2579 quid
2600 2508 2812 2577 minus,
2844 2508 3011 2566 immo
3057 2511 3180 2583 quia
3216 2511 3400 2567 minus
3429 2527 3497 2568 ac
3517 2526 3667 2584 prope
3700 2507 3794 2565 nihil

2253 2598 2457 2655 dictum
2476 2608 2581 2670 est,
2612 2608 2942 2658 mementote
2972 2617 3081 2657 non
3114 2616 3334 2658 sensum
3368 2602 3503 2659 mihi
3523 2645 3539 2672 ,
3563 2603 3647 2660 sed
3672 2598 3795 2656 verba

2254 2693 2466 2751 deesse.
2494 2693 2732 2767 Arguam
2772 2694 2911 2751 forte
2941 2696 2996 2751 in
3022 2710 3089 2753 eo
3111 2704 3361 2753 naturam
3388 2713 3560 2753 meam
3577 2740 3591 2765 ,
3628 2712 3716 2753 non
3737 2702 3796 2749 ta-

2254 2802 2378 2846 men
2409 2804 2630 2861 arguam
2650 2790 2985 2846 voluntatem
3013 2807 3026 2843 :
3057 2801 3111 2846 et
3141 2790 3368 2862 ignosco
3392 2790 3668 2857 natum,si
3691 2787 3797 2859 loqui

2255 2883 2324 2940 de
2350 2884 2461 2940 Deo
2490 2883 2629 2954 quod
2661 2885 2777 2940 vult
2815 2900 2921 2940 non
2949 2894 3152 2958 potest,
3178 2886 3337 2958 cujus
3378 2885 3601 2944 sufﬁciat
3622 2883 3679 2941 ad
3698 2883 3799 2939 salu-

2255 2984 2388 3041 tem,
2422 2976 2722 3034 credidisse
2748 2993 2871 3049 quae
2898 2978 2990 3035 Dei
3021 2987 3168 3035 sunt.
3248 2982 3256 2989 ‘

2327 3071 2419 3128 66.
2455 3071 2663 3128 Transit
2686 3073 2756 3128 ad
2781 3075 2998 3130 alteram
3020 3074 3182 3129 libelli
3206 3083 3432 3146 partem.
3463 3073 3585 3130 Ante
3608 3073 3733 3143 ﬁnem
3752 3085 3796 3125 ne

2245 3166 2530 3240 iudicetur.
2564 3195 2632 3211 —-
2670 3165 2825 3224 Nunc
2855 3171 2978 3239 quia
3011 3167 3092 3243 (Ιι)
3121 3169 3255 3227 fides
3286 3185 3411 3227 mea
3444 3178 3597 3242 atque
3633 3174 3798 3231 vestra,

548 3262 625 3320 lic
644 3262 821 3318 littera
851 3260 1177 3330 postulatur.
1206 3256 1319 3315 Nec
1345 3272 1477 3314 sane
1522 3258 1689 3315 scribi
1728 3258 1973 3331 impedit,
2002 3256 2148 3329 quod
2178 3275 2225 3342 ο
2256 3272 2515 3334 quantum
2538 3260 2669 3318 mihi
2694 3263 2945 3319 conscius
2969 3279 3109 3331 sum,
3135 3263 3277 3335 apud
3327 3263 3503 3320 Deum
3549 3262 3690 3337 ξω
3723 3273 3799 3314 non

550 3356 787 3413 salutare
808 3362 895 3410 est
914 3351 1182 3409 conﬁteri.

618 3448 709 3505 64.
735 3447 929 3504 Hilarii
952 3447 1077 3517 ﬁdes
1100 3450 1164 3500 de
1196 3442 1352 3501 Patre
1374 3452 1419 3501 et
1438 3441 2152 3501 Filio.—-Conlltemursane

550 3545 603 3601 in
634 3543 806 3601 sancti
837 3542 1070 3613 Spiritus
1095 3540 1241 3597 dono
1262 3554 1478 3610 semper
1500 3539 1839 3607 innocentes,
1870 3546 1926 3596 et
1950 3538 2149 3595 scribi-

547 3652 668 3693 mus
690 3635 952 3703 volentes,
999 3649 1108 3688 non
1135 3632 1269 3689 deos
1300 3633 1456 3701 duos,
1485 3632 1582 3689 sed
1605 3632 1773 3689 Deum
1802 3648 1967 3689 unum
1999 3650 2014 3688 :
2054 3648 2152 3689 ne-

547 3746 652 3803 que
679 3745 776 3803 per
802 3728 855 3784 id
882 3744 989 3784 non
1018 3736 1073 3783 et
1095 3726 1267 3782 Deum
1296 3725 1391 3781 Dei
1426 3726 1629 3793 lilium;
1659 3734 1743 3783 est
1768 3727 1911 3783 enim
1942 3742 2011 3783 ex
2039 3727 2153 3784 Deo

546 3825 708 3882 Dens.
740 3821 858 3880 Non
896 3819 1243 3876 innascibiles
1278 3818 1437 3888 duos,
1465 3820 1591 3891 quia
1618 3821 1942 3878 auctoritate
1968 3814 2155 3877 innas-

549 3917 829 3975 cihilitatis
858 3916 1002 3972 Deus
1044 3928 1182 3969 unus
1212 3922 1298 3971 est
1327 3933 1341 3971 :
1372 3928 1550 3986 neque
1582 3929 1679 3985 per
1708 3914 1759 3970 id
1790 3930 1899 3972 non
1941 3923 1994 3971 et
2021 3914 2154 3973 Uni-

543 4102 721 4171 Syria,
750 4108 805 4156 et
837 4098 1101 4156 Photinus
1126 4098 1180 4152 in
1211 4096 1427 4171 illyrico
1446 4098 1675 4169 aliisque
1701 4098 1992 4168 provinciis
2019 4099 2143 4155 Filii

542 4165 879 4231 divinitatem
931 4172 1145 4241 penitus
1198 4165 1548 4243 reiecissent;
1582 4165 1857 4243 episcopi,
1901 4173 1992 4242 qui
2035 4172 2146 4228 illis

543 4247 790 4319 impense
815 4244 1163 4319 restiterunt,
1178 4258 1205 4295 a
1224 4241 1438 4319 nostris
1460 4243 1642 4319 [iuberi
1669 4241 1951 4314 coeperunt
1980 4244 2146 4300 veluti

543 4311 793 4372 catholici
824 4323 878 4369 et
903 4314 1197 4369 divinitatis
1219 4311 1418 4367 Christi
1448 4311 1808 4369 defensores}
1838 4324 1891 4368 et
1918 4328 2051 4381 tum,
2087 4324 2148 4370 ut

542 4389 782 4460 loquitur
808 4386 1102 4460 Gregorius
1124 4382 1277 4460 Nae,
1295 4383 1392 4460 _Or.
1420 4399 1541 4452 nt,
1566 4403 1621 4440 η.
1645 4386 1718 4441 45
1748 4404 1761 4441 :
1789 4386 1946 4441 levior
1964 4389 2150 4458 impie—

546 4454 632 4514 tas
652 4461 850 4530 pietatis
872 4454 1161 4530 opinionem
1186 4454 1395 4530 ferebat.

624 4525 701 4604 (a)
737 4529 848 4584 Hoc
870 4528 990 4582 loco
1003 4527 1130 4604 olim
1158 4525 1807 4604 abutebaturViuccntius
1832 4527 2143 4598 Rogatista:

543 4601 611 4658 ad
634 4597 796 4674 quem
822 4597 1355 4674 Augustinus,_epist.
1379 4597 1513 4674 alia_s
1542 4613 1721 4674 xunt,
1755 4597 2143 4674 nunciatum.

543 4675 609 4729 21
642 4668 665 4729 ε’
691 4672 879 4726 Hilarii
931 4669 1085 4723 libros
1130 4668 1256 4721 mihi
1295 4669 1531 4737 opponis,
1582 4670 1655 4722 uti
1684 4686 1832 4739 neges
1864 4671 2148 4726 Ecclesium

549 4756 854 4799 crescentem
887 4744 939 4796 in
980 4740 1213 4812 omnibus
1242 4740 1476 4811 gentibus
1514 4756 1673 4807 usque
1700 4744 1751 4795 in
1771 4743 1925 4812 ﬁnem
1948 4746 2144 4799 saeculi.

2256 3359 2607 3429 periclitatur;
2636 3357 2918 3414 etostendi
2943 3358 3114 3419 vobis.
3132 3359 3272 3414 sicut
3299 3359 3568 3423 voluistis,
3593 3371 3692 3426 qua:
3709 3361 3800 3407 ante

2255 3453 2517 3523 expositae
2545 3450 2681 3508 ﬁdes
2723 3459 2909 3509 essent
2948 3452 3017 3507 ab
3042 3451 3413 3508 Orientalibus
3432 3448 3694 3521 episcopis,
3735 3441 3802 3501 sed

2255 3545 2443 3617 paucis
2499 3543 2766 3616 (repetam
2815 3544 2959 3599 enim
2994 3584 3010 3611 ,
3050 3543 3173 3615 quia
3232 3542 3533 3599 secundum
3579 3548 3800 3594 numerum

2257 3636 2628 3693 Ecclesiarum
2655 3635 3037 3703 Orientalium,
3062 3635 3452 3706 episcoporum
3478 3645 3735 3707 paucorum
3755 3626 3800 3683 ll-

2257 3731 2357 3789 des
2379 3731 2481 3788 ista
2502 3740 2589 3788 est
2609 3732 2663 3803 );
2695 3732 2813 3802 ipse
2839 3745 3077 3803 quoque,
3110 3730 3238 3803 quid
3266 3731 3337 3787 de
3368 3731 3565 3787 divinis
3587 3730 3724 3785 rebus
3739 3738 3800 3779 se-

2258 3825 2493 3881 cundum
2516 3823 2820 3880 doctrinam
2861 3824 3216 3895 apostolicam
3244 3824 3509 3881 sentirem
3533 3866 3548 3890 ,
3583 3821 3801 3895 profcms

2259 3932 2418 3975 sum:
2445 3917 2711 3990 reliquum
2738 3926 2844 3986 est,
2867 3929 2924 3974 ut
2956 3917 3023 3991 (ὁ)
3052 3933 3176 3990 qum
3194 3931 3443 3976 errorem
3479 3918 3625 3974 nobis
3639 3913 3801 3972 exsin-

2263 4108 2442 4227 ratadm
2489 4102 2821 4227 ilmpietatem
2862 4118 2972 4161 non
3021 4103 3092 4160 de
3139 4101 3308 4171 Osio,
3357 4101 3463 4161 sed
3510 4101 3576 4159 de
3616 4095 3801 4156 doctrin

2263 4189 2367 4227 Ι)ΐὶῐέ
2411 4188 2486 4227 lca
2520 4216 2534 4227 .

2252 4183 2534 4245 praedicat.

2335 4244 2409 4315 (e)
2447 4246 2502 4300 lu
2548 4247 2777 4317 vulgatis
2805 4255 2859 4301 et
2889 4247 3095 4316 aliquot
3126 4263 3285 4313 mss.,
3328 4245 3802 4317 εοηεεὶειιιὶαιξιρτο·

2256 4312 2500 4386 fessione.
2548 4312 2735 4373 Melius
2764 4321 2814 4372 in
2848 4312 3147 4388 potioribus
3195 4319 3381 4385 Cnlb.,
3439 4312 3799 4388 Carnarﬁsﬂtl-i

2256 4382 2391 4463 etc,
2416 4392 2742 4463 conscientia:
2772 4382 3115 4463 professione.
3149 4382 3398 4463 Namque
3428 4390 3609 4463 alludit
3626 4382 3803 4463 Hilarius

2257 4460 2326 4515 ad
2361 4462 2505 4528 pium
2539 4454 2797 4519 Ecclesia}
2826 4454 3049 4526 ni'oretn,
3082 4477 3191 4533 quo
3218 4454 3468 4532 Symboli
3510 4461 3651 4515 [idem
3688 4454 3803 4533 Qum-

2259 4527 2557 4597 petentinm
2609 4533 2759 4588 cordi
2820 4549 2928 4588 non
2977 4527 3142 4589 carne
3193 4527 3408 4589 solebat
3459 4527 3797 4588 commendare.

2258 4596 2493 4658 Rursum
2550 4605 2616 4660 ad
2661 4604 2911 4661 eumdem
2954 4620 3159 4661 morem
3190 4606 3419 4672 respicit
3470 4605 3562 4660 lib.
3592 4603 3640 4658 in
3663 4596 3800 4672 Ουῃςίε

2259 4690 2407 4747 num.
2435 4675 2487 4731 6.
2523 4676 2716 4747 Utique
2746 4686 2926 4732 autem
2957 4676 3032 4730 illi
3064 4678 3185 4733 luco
3207 4663 3534 4737 illustrando
3567 4672 3689 4729 valet
3707 4663 3801 4747 illi)“

2258 4743 2541 4816 Augustini
2591 4737 2767 4803 scrin.
2802 4763 2940 4804 ccxu
2974 4789 2989 4814 ,
3046 4767 3098 4802 n.
3143 4748 3217 4803 2:
3256 4747 3369 4803 Nec
3409 4758 3466 4802 ut
3510 4746 3667 4801 eadem
3691 4737 3798 4816 nulla

550 4817 759 4885 Qllib‘ls
806 4816 895 4868 ille
935 4811 1226 4890 respondet
1271 4830 1325 4890 τις
1358 4813 1420 4868 51
1439 4812 1626 4890 ‘et‘
1675 4811 1807 4869 Vide
1835 4824 1889 4890 et
1921 4831 2054 4890 qua:
2083 4831 2148 4872 ea
2178 4825 2235 4888 1)
2263 4811 2498 4890 Symboli
2529 4820 2774 4884 teneatis,
2806 4820 2915 4874 ullo
2967 4811 3120 4874 modo
3150 4819 3338 4874 debetis
3366 4820 3584 4874 scribere
3606 4860 3618 4877 ,
3646 4812 3718 4867 sed
3736 4824 3804 4890 ης

551 4884 620 4944 ἆυ
647 4903 704 4942 re
726 4887 1100 4958 annotavimus
1128 4884 1258 4956 (not.
1308 4885 1339 4958 h
1368 4884 1469 4938 col.
1504 4884 1607 4958 157
1631 4894 1763 4939 nost.
1791 4884 1964 4958 edit).

624 4960 698 5030 (b)
734 4957 900 5021 Edili,
930 4956 982 5009 in
1017 4955 1183 5030 prima
1213 4957 1415 5010 collata:
1436 4957 1767 5030 expositionis
1792 4955 1990 5030 synodo
2016 4959 2150 5027 fides

550 5026 689 5086 hanc
715 5030 888 5084 Imbuit
918 5029 1263 5082 necessitatem
1287 5070 1303 5095 ,
1347 5044 1464 5082 cum
1489 5026 1648 5097 apud,
1686 5039 1793 5085 clc.
1820 5026 1899 5085 *Αι
1928 5026 2057 5088 mSS.
2088 5034 2145 5088 in

550 5104 716 5174 primo
742 5099 975 5173 (supple,
1004 5098 1146 5174 ideo)
1173 5100 1373 5154 collata:
1398 5097 1592 5174 (Cum.
1609 5101 1914 5174 conlocatae)
1944 5106 2150 5172 exposi-

548 5169 702 5233 tionis
729 5169 882 5244 fides.
906 5180 1011 5226 etc.
1044 5169 1141 5244 ilic
1162 5169 1488 5244 excusantur
1508 5171 1596 5241 qui
1626 5170 1856 5244 Ancyra:
1880 5169 2147 5232 convena.

549 5258 692 5310 runt,
729 5240 872 5314 quod
896 5256 1085 5296 novam
1121 5240 1239 5296 lidei
1269 5243 1663 5310 espositionem
1695 5240 1872 5303 adorsi
1900 5248 2028 5303 sint.

623 5320 701 5386 (cl
735 5315 1083 5372 Recentiores
1110 5327 1241 5386 mss.
1264 5321 1539 5386 s0porattg.

628 5382 708 5460 (d)
733 5389 788 5442 In
819 5382 1218 5460 excusis,_nihil
1242 5400 1446 5460 queror.
1474 5382 1609 5439 Cum
1643 5401 1955 5454 persuasum
1987 5390 2156 5447 habe-

551 5455 917 5514 ret‘ililarius.
958 5455 1079 5510 lidei
1111 5456 1516 5519 perversitatem
1548 5470 1613 5510 ex
1647 5473 1856 5514 morum
1887 5463 2153 5519 scaturire

550 5530 839 5599 pravitate,
862 5527 997 5584 adeo
1023 5536 1079 5580 ut
1102 5526 1424 5597 Fragmento
1454 5542 1507 5591 η,
1535 5542 1590 5581 n.
1626 5527 1709 5591 l9,
1735 5528 1916 5585 dicat:
1952 5532 2019 5586 Et
2052 5533 2152 5588 hoc

549 5603 623 5654 ita
651 5616 801 5673 sirpe
813 5610 918 5673 est,
937 5608 993 5653 ut
1022 5615 1138 5653 cum
1167 5599 1739 5673 incrementa_vitiorum
1769 5602 2069 5657 detrimenta
2089 5604 2145 5659 in

552 5669 733 5726 umore
768 5669 860 5725 Dei
892 5670 1116 5740 fecerunt
1142 5712 1157 5731 ,
1196 5686 1437 5725 vesanum
1466 5670 1758 5741 depravata:
1782 5674 2010 5729 scientia:
2038 5684 2146 5730 stu-

554 5744 698 5797 dium
726 5743 973 5796 increscat
1000 5756 1017 5795 :
1049 5740 1203 5798 facile
1227 5742 1454 5799 credidit
1499 5744 1638 5799 hanc
1684 5743 1796 5799 Osii
1856 5744 2148 5801 infidelita—

552 5822 659 5867 tem
691 5828 796 5886 non
820 5812 985 5868 fuisse
1010 5812 1390 5886 stibitam,gsed
1432 5813 1686 5886 latentem
1722 5815 1833 5886 jam
1860 5815 1953 5873 diu
1978 5818 2143 5874 animi

550 5885 870 5956 pravitatem
902 5882 1222 5955 prodidisse.
1252 5884 1585 5959 Quamquam
1612 5882 1753 5947 forte
1775 5887 1915 5947 hanc
1934 5904 2142 5963 suppu-

2258 4876 2449 4944 diendo
2481 4876 2800 4959 perdiscere;
2830 4908 2920 4945 nec
2949 4907 3066 4946 cum
3112 4892 3406 4946 didiceritis
3430 4933 3446 4957 ,
3498 4876 3804 4962 scriberc._§¢d_

2258 4954 2510 5016 memoria
2540 4980 2739 5032 semper
2768 4976 2938 5018 tenere
2976 4974 3130 5031 atque
3164 4965 3412 5018 recolere.
3433 4954 3592 5029 Quod
3616 4974 3700 5013 non
3721 4954 3803 5006 licet

2256 5035 2416 5088 scribi
2425 5077 2437 5093 .
2470 5036 2882 5089 commemoratio
2884 5037 2963 5107 λᾶι
2989 5034 3494 5107 promissionisDei.
3626 5044 3700 5107 per
3718 5037 3805 5107 εξοέ

2261 5090 2467 5175 phetarn
2498 5110 2850 5177 prwnuntians
2880 5090 3267 5161 Teslamentum
3319 5106 3525 5161 Nouum
3554 5090 3804 5177 άέιέἱίηΠρί

2259 5165 2336 5249 est
2366 5165 2742 5245 testamentum,
2774 5178 2910 5248 quod
2941 5178 3189 5233 ordinabo
3215 5189 3327 5249 post
3359 5180 3470 5233 dies
3495 5178 3636 5240 illos,
3678 5165 3805 5249 ἀί»άο

2261 5248 2424 5319 legem
2451 5268 2613 5304 meum
2636 5252 2688 5305 in
2714 5239 2879 5305 urente
2898 5264 3095 5316 eorum,
3120 5260 3168 5305 ct
3189 5239 3241 5305 in
3267 5251 3428 5305 corde
3453 5239 3805 5319 command!!!

2260 5307 2401 5394 eoum.
2428 5321 2615 5394 Hujus
2644 5324 2715 5376 rei
2757 5307 3114 5394 signiﬁcandd.’
3138 5339 3295 5377 causa
3314 5364 3328 5386 ,
3361 5319 3609 5376 audiendo
3633 5307 3805 5394 ξψκδος

2264 5391 2375 5465 lum
2401 5387 2633 5458 disi-itur,
2666 5410 2756 5448 nec
2784 5387 2837 5447 in
2863 5387 3048 5449 tabulis
3072 5394 3148 5448 vel
3177 5395 3231 5448 in
3274 5394 3452 5465 aliqua
3490 5387 3716 5450 neoterici.

2262 5463 2319 5517 in
2348 5465 2503 5518 corde
2531 5466 2789 5521 scribitur.

2335 5534 2406 5609 (Ι)
2432 5537 2578 5620 βό]ιί
2595 5580 2612 5601 ,
2636 5538 2725 5593 sed
2751 5553 2907 5593 unam
2928 5537 3288 5593 substantiam.
3313 5536 3484 5593 Abest
3506 5547 3648 5589 unam
3666 5544 3692 5585 a
3717 5535 3804 5579 ma-

2264 5621 2500 5663 nuscrtnt
2514 5626 2575 5662 lS.

2339 5627 2715 5752 Egililiblisnanus
2741 5681 2932 5747 codex,
2960 5681 3097 5737 alias
3126 5680 3350 5751 Reginae
3366 5676 3645 5736 Christinte
3663 5712 3679 5739 ι
3701 5674 3804 5752 πει

2263 5747 2432 5820 (quod
2457 5751 2620 5806 etiam
2646 5753 2809 5811 habet
2835 5754 2966 5811 Silv.
2990 5768 3022 5809 a
3040 5747 3276 5810 secunda
3301 5753 3487 5820 manu)
3513 5765 3609 5809 non
3632 5750 3797 5812 semper-

2259 5885 2262 5888 .
2336 5820 2421 5893 (Ιι)
2454 5823 2505 5877 In
2537 5833 2748 5880 vetusto
2778 5840 2879 5881 ms.
2911 5823 3095 5893 Colb.,
3119 5823 3184 5879 de
3211 5824 3311 5893 ﬁde
3335 5840 3469 5878 mea.

2261 5900 2275 5967 ἴ,
2338 5892 2407 5964 (ἱ)
2432 5894 2586 5965 Bad.,
2610 5895 2704 5953 Er.
2730 5905 2787 5954 et
2809 5896 2927 5954 Μὶν.
2951 5915 2966 5955 :
2993 5906 3049 5952 ut
3071 5892 3321 5970 professio
3365 5910 3482 5967 qua
3509 5899 3709 5951 errorem
3732 5892 3803 5935 κου

2190 6070 2277 6084 οδω-
