3996 6330
193 342 305 403 535

971 340 1178 403 LIBER
1215 342 1306 402 DE
1342 342 1657 412 SYNODIS,
1695 340 1833 402 SEU
1870 344 1963 402 DE
1998 347 2159 406 FIDE
2186 292 2681 409 ORlENTALlUM.

3385 351 3493 411 536

194 454 452 531 plicitatis
475 461 765 518 securitate
805 458 1057 528 afferunt,
1086 459 1431 532 cognoscatis
1459 461 1579 515 sine
1614 458 1793 527 suspi-
1817 461 1865 521 Α
1896 473 2118 534 possunt
2139 464 2757 525 vider-iesseconsoﬂeg.
2778 466 3063 540 Atquinita
3078 482 3185 525 una
3200 468 3498 527 substantia

190 556 352 611 cione
393 556 601 627 aliqua;
647 557 771 628 quia
797 556 909 628 jam
940 570 1040 613 nec
1089 555 1280 618 relicta
1319 565 1402 610 est
1427 552 1702 609 audiendi.
1729 552 1800 608 Et

190 665 520 722 quamquam
547 649 660 722 jam
686 666 791 706 non
820 664 1009 706 verear
1029 649 1099 704 de
1124 662 1212 704 me
1245 646 1477 719 iudicari
1501 646 1797 704 secundum

191 745 592 816 expositionem
616 744 781 801 totius
802 744 948 813 ﬁdei;
969 753 1146 799 tamen
1170 741 1444 813 patimini,
1463 741 1618 812 (a)ut
1638 739 1800 796 velim

190 841 262 898 de
295 858 382 896 me
410 840 606 909 adhuc,
634 840 736 895 nisi
762 839 1028 895 absolutis
1047 837 1325 902 omnibus,
1344 835 1600 906 iudicari.

265 936 359 991 67.
391 933 714 989 Homousion
750 934 957 1007 quando
985 943 1119 988 rem
1144 928 1707 1003 pmdicetur.-—llulti
1733 943 1802 985 ex

193 1029 383 1095 nobis,
410 1028 629 1084 Fratres
659 1027 986 1093 charissimi,
1016 1025 1087 1081 ita
1119 1040 1281 1081 uuam
1312 1024 1669 1081 substantiam
1695 1022 1800 1078 Pa-

193 1123 295 1180 tris
325 1131 380 1178 ct
408 1121 529 1178 Filii
556 1120 875 1192 praedicant,
901 1131 960 1176 ut
984 1119 1155 1176 videri
1179 1120 1388 1190 possint
1412 1135 1520 1177 non
1545 1119 1720 1190 magis
1742 1117 1795 1174 id

195 1217 283 1287 pie
314 1230 474 1286 quam
498 1213 665 1284 impie
695 1211 991 1283 praedicare
1022 1229 1036 1266 :
1069 1211 1232 1267 habet
1256 1213 1403 1267 enim
1436 1210 1541 1265 hoc
1576 1210 1802 1266 verbum

194 1309 250 1363 in
281 1323 345 1364 se
374 1318 429 1365 et
452 1307 574 1364 ﬁdei
603 1306 1017 1372 cumcientiam,
1046 1318 1102 1361 et
1119 1305 1365 1361 fraudem
1380 1313 1645 1374 paratam.
1669 1303 1803 1359 Nam

192 1403 240 1456 si
272 1398 575 1456 secundum
606 1407 814 1455 natura!
841 1398 1233 1469 proprietatem
1257 1410 1320 1451 ac
1348 1396 1761 1453 similitudinem
1783 1436 1800 1464 ,

193 1504 257 1550 ut
282 1492 578 1549 similitudo
603 1508 713 1548 non
735 1494 974 1564 Speciem
999 1490 1081 1564 (lt)
1101 1489 1499 1559 solamaﬂ'erat,
1515 1489 1611 1546 sed
1633 1503 1808 1561 genus

194 1597 417 1654 teneat;
478 1586 733 1657 religiose
780 1602 941 1643 unam
1000 1586 1359 1642 substantiam
1400 1586 1804 1657 praedicamus,

193 1681 499 1737 dummodo
528 1696 689 1736 unam
732 1681 1087 1738 substantiam
1119 1681 1469 1751 proprietatis
1499 1679 1808 1737 similitudi-

193 1788 328 1833 nem
351 1775 749 1845 intelligamus,
781 1785 840 1830 ut
870 1773 1017 1846 quod
1045 1790 1207 1839 unum
1235 1783 1394 1840 sunt,
1438 1786 1544 1829 non
1572 1773 1810 1845 singula-

1900 555 2077 613 Patris
2101 567 2157 613 et
2182 557 2303 615 Filii
2329 561 2639 631 praedicata,
2667 570 2759 618 aut
2786 576 2949 619 tinum
2993 564 3085 634 qui
3123 563 3260 620 duas
3290 580 3498 622 nuncu-

1902 651 2145 719 patioues
2170 650 2366 708 habeat
2394 654 2781 712 subsistentem
2807 656 3108 728 signiﬁcat;
3154 666 3243 715 aut
3270 658 3501 716 divisam

1904 758 2063 799 uuam
2094 744 2474 814 substantiam,
2505 748 2638 804 duas
2656 749 3001 820 imperfectas
3033 750 3226 808 locisse
3249 751 3504 807 substan-

1902 838 2024 906 tias;
2056 849 2151 895 aut
2178 840 2391 896 tertiam
2419 841 3061 913 priorem’substantiam,
3085 859 3209 916 quae
3234 859 3261 898 a
3292 844 3505 901 duobus

1902 942 1959 988 et
1984 941 2243 1005 usurpata
2269 935 2340 991 sit
2362 944 2418 993 et
2436 943 2737 1008 assumpta,
2766 952 2882 1009 qme
2912 937 3120 995 idcirco
3145 954 3248 994 una
3271 938 3499 1006 dicatur,

1903 1028 2028 1100 quia
2050 1029 2103 1084 in
2119 1028 2257 1085 duas
2278 1045 2381 1085 una
2394 1030 2611 1087 desecta
2634 1031 2725 1086 sit.
2746 1030 2816 1086 Et
2832 1032 2923 1086 ubi
2946 1040 3067 1101 post
3082 1031 3198 1088 hate
3213 1030 3503 1088 nativitas?

1904 1121 2008 1179 Ubi
2030 1121 2214 1188 Pater,
2235 1123 2322 1178 ubi
2350 1122 2517 1180 Filius
2544 1123 2896 1195 intelligitur;
2930 1123 2972 1179 si
2998 1123 3212 1180 Patrem
3239 1124 3501 1180 etFilium

1907 1217 1993 1273 vel
2017 1216 2261 1272 desectio
2291 1218 2471 1288 potius
2496 1256 2511 1283 ,
2555 1217 2639 1273 vel
2666 1217 2955 1273 anterioris
2999 1217 3316 1274 substantiae
3347 1232 3504 1272 com-

1908 1312 2114 1377 munio,
2146 1328 2311 1382 quam
2338 1322 2545 1369 naturas
2574 1313 2829 1370 nativitas
2857 1312 3204 1384 pradieabit?

1980 1406 2071 1463 69.
2105 1406 2429 1464 Hemina
2448 1426 2548 1478 quo
2576 1409 2691 1464 loco
2717 1417 2828 1464 tato
2847 1408 3162 1480 proferatur.
3209 1436 3283 1449 —
3333 1406 3393 1461 lu
3419 1406 3507 1462 his

1907 1499 2070 1570 igitur
2105 1510 2183 1556 tot
2211 1508 2265 1556 et
2295 1510 2403 1555 tam
2433 1501 2687 1572 gravibus
2715 1500 2838 1557 fidei
2871 1500 3127 1571 periculis
3149 1541 3164 1567 ,
3207 1500 3502 1556 verborum

1910 1592 2145 1649 brevitas
2169 1594 2520 1665 temperanda
2545 1603 2629 1651 est
2654 1611 2670 1661 ;
2723 1610 2791 1650 ne
2812 1594 2975 1663 irnpie
3000 1592 3107 1649 dici
3134 1593 3507 1659 existimetur,

1909 1689 2052 1761 quod
2084 1689 2171 1760 pie
2198 1688 2518 1760 intelligitur
2543 1706 2563 1742 τη
2580 1702 2858 1744 neseeura
2875 1697 3038 1758 atque
3058 1686 3347 1744 innocente
3373 1700 3510 1742 con-

1911 1781 2157 1847 scientia,
2187 1795 2284 1851 per
2304 1781 2647 1837 occasionem
2674 1780 2987 1836 haereticam
3010 1810 3029 1847 ς
3052 1795 3177 1836 reus
3201 1793 3384 1836 sermo
3412 1778 3510 1833 sit.

191 1882 313 1924 rem
344 1866 1011 1939 signiticet,sedaequales.
1032 1866 1419 1937 [Ecwalitatem
1445 1865 1587 1930 dico,
1620 1864 1672 1921 id
1699 1872 1800 1931 est,

1916 1875 2163 1930 Dicturus
2182 1890 2342 1930 unam
2362 1873 2666 1931 catholicus
2689 1874 3044 1932 substantiam
3075 1873 3256 1930 Patris
3275 1882 3331 1930 et
3360 1871 3511 1940 Filii,

192 1959 623 2017 indiﬂerentiam
670 1960 1063 2029 similitudinis,
1109 1972 1175 2016 ut
1209 1960 1512 2016 similitudo
1540 1960 1809 2015 habeatur

189 2054 521 2125 aquatius;
574 2053 855 2124 atquzilitas
884 2068 1017 2109 vero
1041 2068 1205 2107 unum
1250 2052 1453 2107 idcirco
1499 2050 1573 2126 (ο)
1600 2051 1810 2108 dicatur

187 2165 342 2216 esse,
373 2152 495 2222 quia
527 2165 627 2221 par
654 2148 744 2216 sit;
771 2165 937 2203 unum
966 2158 1169 2210 autem,
1205 2148 1257 2203 in
1286 2162 1396 2218 quo
1415 2162 1510 2217 par
1537 2145 1811 2216 signiﬁca-

192 2254 307 2311 tur,
342 2258 449 2298 non
474 2242 539 2298 ad
562 2242 782 2297 unicum
805 2241 1144 2296 vcndicetur.
1163 2239 1276 2297 Una
1299 2240 1461 2312 igitur
1480 2239 1805 2306 Substantia,

185 2336 243 2392 si
283 2352 393 2392 non
425 2351 709 2405 personam
741 2336 1132 2392 subsistentem
1176 2336 1447 2408 perimat,
1500 2351 1603 2393 nec
1649 2348 1809 2392 etiam

185 2432 557 2486 substantiam
589 2431 839 2500 partitam
872 2430 927 2485 in
956 2430 1093 2485 duos
1119 2429 1360 2495 dividat,
1387 2430 1643 2502 religiose
1673 2445 1801 2501 prte-

186 2525 471 2581 dieabitnr
503 2541 516 2576 :
549 2540 671 2594 quia
715 2538 782 2579 ex
814 2523 1110 2578 nativitatis
1138 2522 1487 2593 proprietate,
1532 2532 1587 2578 et
1613 2538 1678 2578 ex
1716 2537 1811 2577 ua-

186 2628 335 2673 turae
382 2615 735 2672 similitudine
789 2615 861 2671 ita
915 2613 1231 2672 indifferens
1262 2614 1368 2686 sit,
1412 2624 1473 2671 ut
1515 2630 1621 2670 una
1656 2614 1809 2671 dicu-

193 2719 309 2764 ιω.

265 2801 360 2857 68.
397 2800 550 2856 Vocis
573 2801 802 2873 ejusdem
824 2800 1014 2871 triplex
1039 2816 1218 2858 sensus
1247 2816 1458 2871 prauus.
1484 2831 1554 2842 —-
1576 2799 1649 2855 At
1681 2815 1810 2856 vero

182 2900 237 2955 si
271 2898 661 2954 idcireo'unius
689 2897 1010 2953 substantiae
1033 2897 1191 2951 Pater
1212 2906 1265 2950 et
1292 2894 1464 2952 Filius
1490 2894 1724 2962 dicatur,
1753 2903 1811 2949 ut

188 2992 289 3047 llic
307 2992 633 3058 subsistens,
656 2991 758 3047 sub
772 2989 1164 3061 signiﬁcatione
1186 2987 1487 3043 licctduunt
1504 2987 1805 3053 nominum,

188 3098 343 3139 unus
385 3099 447 3139 ae
493 3084 642 3140 solus
692 3083 805 3138 sit:
849 3082 1158 3138 confussum
1198 3080 1417 3135 nomine
1443 3079 1643 3136 Filium
1670 3093 1805 3135 cou-

183 3178 425 3234 scientia
452 3192 560 3232 non
585 3188 856 3243 tenemus,
887 3176 931 3230 si
966 3190 1124 3229 unum
1155 3174 1515 3230 subSIantiam
1545 3170 1809 3228 conﬁtcn-

1911 1983 2019 2023 non
2050 1967 2179 2023 inde
2213 1968 2468 2038 incipiat:
2515 1980 2693 2039 neque
2729 1967 2835 2026 hoc
2883 1968 3036 2041 qtmsi
3084 1968 3381 2023 maximum
3429 1975 3510 2023 te-

1912 2066 2069 2123 neat,
2122 2067 2393 2131 tamquam
2443 2060 2564 2117 sine
2592 2061 2695 2117 hoc
2738 2076 2866 2117 vera
2895 2060 3031 2117 ﬁdes
3056 2061 3200 2117 nulla
3231 2060 3320 2116 sit.
3367 2059 3511 2115 Tuto

1913 2168 2073 2207 uuam
2102 2152 2463 2209 substantiam
2514 2152 2693 2219 dicet,
2730 2169 2854 2209 cum
2896 2161 3022 2209 ante
3063 2152 3299 2215 dixerit,
3349 2151 3514 2207 Pater

1913 2246 2183 2316 ingenitus
2234 2255 2357 2313 est;
2405 2244 2575 2301 Filius
2614 2252 2775 2301 natus
2806 2254 2921 2314 est,
2954 2244 3200 2301 subsistit
3227 2259 3292 2301 ex
3322 2243 3510 2315 Patre,

1914 2337 2059 2394 Patri
2089 2338 2285 2395 similis
2300 2345 2387 2395 est
2410 2339 2630 2406 virtute,
2665 2338 2890 2405 honore,
2914 2346 3126 2393 natura.
3178 2336 3322 2391 Patri
3378 2336 3511 2393 sub-

1906 2430 2088 2503 jectus
2115 2441 2222 2498 est,
2254 2433 2539 2487 utauetori
2564 2449 2578 2485 :
2636 2447 2741 2489 nec
2767 2447 2829 2488 se
2856 2447 2953 2503 per
2978 2432 3218 2502 rapinam
3246 2431 3380 2498 Deo,
3412 2446 3511 2487 cu-

1910 2525 1997 2596 ius
2021 2525 2075 2580 in
2096 2524 2269 2580 forma
2300 2525 2571 2592 manebat,
2599 2524 2873 2596 mquavit;
2933 2523 3197 2580 obcdiens
3239 2539 3409 2595 usque
3438 2522 3508 2577 ad

1914 2624 2141 2672 mortem
2173 2617 2295 2672 fuit.
2353 2615 2473 2671 Non
2521 2626 2602 2671 est
2642 2632 2711 2672 ex
2750 2616 2951 2682 nihilo,
2999 2614 3095 2670 sed
3141 2613 3213 2687 (ί)
3262 2614 3522 2672 nativitas.

1911 2717 2015 2767 est.
2062 2709 2177 2765 Non
2206 2719 2294 2766 est
2317 2709 2690 2779 innascibilis,
2735 2708 2831 2765 sed
2876 2709 3338 2780 cointemporalis.
3389 2708 3511 2766 Non

1912 2812 1993 2858 est
2022 2813 2196 2873 pater,
2229 2801 2321 2858 sed
2348 2818 2412 2857 ex
2442 2816 2508 2858 eo
2534 2801 2675 2857 ﬁlius
2701 2812 2806 2857 est.
2836 2800 2954 2857 Non
2989 2809 3074 2857 est
3100 2801 3276 2869 portio
3306 2800 3510 2871 aliqua,

1912 2896 2009 2951 scd
2044 2905 2187 2951 totus
2212 2906 2318 2952 εει.
2365 2895 2481 2951 Νοη
2526 2896 2958 2966 cstauctoripse
2988 2939 3002 2963 ,
3047 2895 3142 2951 sed
3185 2896 3361 2967 imago
3383 2904 3509 2952 est:

1914 2989 2088 3060 imago
2119 2990 2209 3045 Dei
2258 3006 2321 3046 ex
2347 2990 2458 3046 Deo
2499 2991 2550 3045 in
2583 2990 2750 3045 Deum
2781 3000 2929 3045 nata.
2976 2982 3091 3045 Non
3124 3000 3205 3046 est
3236 2999 3509 3060 creatura,

1911 3083 2004 3137 sed
2036 3081 2175 3137 Deus
2203 3090 2305 3140 est.
2375 3081 2490 3137 Non
2518 3082 2655 3137 alter
2687 3081 2826 3137 Deus
2859 3082 2909 3136 in
2940 3090 3139 3152 genere
3165 3082 3504 3149 substantize',

1887 3175 2003 3229 sed
2038 3190 2175 3231 unus
2200 3175 2336 3231 Deus
2356 3190 2452 3246 per
2473 3175 2788 3231 substantiae
2808 3164 3166 3231 indifferentis
3191 3177 3505 3232 essentiam.

187 3280 280 3327 tes
312 3273 501 3342 ipsum:
519 3270 622 3326 sibi
653 3271 868 3326 unicum
898 3285 964 3324 ac
1003 3268 1330 3339 singularem
1360 3277 1412 3323 et
1442 3266 1657 3322 Patrem
1685 3280 1808 3321 ese
1833 3253 1880 3319 Ο
1910 3266 2028 3323 Non
2062 3282 2289 3339 persona
2327 3268 2464 3322 Deus
2491 3283 2630 3323 unus
2659 3276 2763 3329 cst,
2814 3256 2919 3323 sedl
2943 3278 3135 3322 natura
3163 3286 3174 3321 :
3219 3268 3344 3339 quia
3370 3268 3510 3324 nihil

183 3365 435 3422 dicimus
461 3376 519 3421 et
545 3364 760 3420 Filium.
786 3363 926 3432 Quin
946 3363 1108 3419 etiam
1137 3371 1192 3417 et
1216 3361 1375 3433 huius
1405 3361 1486 3433 (id)
1513 3362 1694 3417 statim
1718 3376 1806 3416 er-

187 3459 343 3515 roris
363 3457 598 3513 occurrit
619 3457 833 3512 occasio
856 3496 870 3522 ,
914 3463 979 3511 ut
997 3455 1203 3511 divisus
1224 3470 1253 3508 a
1272 3468 1397 3511 sese
1422 3453 1583 3509 Pater
1607 3453 1806 3509 intelli-

176 3566 371 3628 gatur,
402 3565 456 3609 et
483 3562 688 3625 partem
736 3551 1050 3607 exsecuisse
1077 3567 1194 3619 quc
1241 3558 1389 3605 esset
1422 3549 1524 3605 sibi
1557 3548 1718 3605 ﬁlius.
1744 3546 1804 3603 ld

178 3648 341 3705 enim
375 3647 612 3703 bmretici
667 3659 828 3699 unam
866 3644 1220 3699 substantiam
1266 3640 1624 3712 praedicantes
1665 3654 1801 3697 con-

180 3740 428 3797 tendunt
458 3756 471 3792 :
505 3747 563 3794 et
584 3738 666 3793 his
698 3737 925 3792 multum
955 3736 1057 3807 pia:
1079 3733 1437 3792 confessionis
1468 3743 1668 3790 uostrzc
1689 3749 1805 3791 ser«

177 3846 287 3890 tuo
309 3832 604 3897 blanditur,
627 3840 687 3886 ut
706 3830 833 3886 dum
866 3830 969 3885 hoc
985 3830 1207 3885 verbum
1228 3827 1507 3884 indeﬁnita
1539 3828 1804 3885 brevitate

176 3927 421 3984 dubium
450 3934 551 3992 est,
580 3924 821 3996 proﬁciat
852 3923 916 3979 ad
940 3940 1203 3979 errorem.
1236 3923 1336 3979 Est
1363 3935 1624 3993 praeterea
1647 3939 1802 3980 error

178 4021 283 4077 hic
311 4019 472 4092 501
497 4019 708 4084 tertius,
729 4027 929 4073 utieum
954 4018 1115 4072 unius
1132 4017 1444 4073 substantia:
1458 4018 1618 4073 Pater
1640 4026 1696 4074 et
1721 4016 1804 4073 Fi-

178 4116 307 4171 lius
341 4128 466 4169 esse
509 4113 738 4178 dicatur,
789 4109 1080 4182 signiﬁcari
1130 4111 1474 4167 existimetur
1497 4110 1803 4168 substantia

175 4207 365 4279 priori,
393 4219 554 4275 quam
591 4205 733 4259 inter
759 4220 819 4259 se
845 4204 950 4259 duo
994 4218 1151 4273 pares
1180 4203 1414 4260 habeant
1438 4223 1451 4259 :
1484 4218 1549 4260 ac
1575 4204 1657 4260 sic
1685 4213 1805 4260 tres

174 4315 287 4356 res
315 4310 501 4353 sentio
525 4295 809 4367 signiticet,
827 4296 1182 4350 subsmntiam
1210 4312 1395 4363 uuam,
1416 4295 1626 4351 claduos
1641 4297 1803 4353 unius

172 4389 511 4448 substantim
533 4388 678 4443 velut
709 4387 1043 4443 cohzeredes.
1072 4387 1141 4444 Ut
1175 4389 1321 4444 enim
1350 4388 1666 4445 cohmredcs
1693 4388 1799 4444 duo

169 4493 334 4548 sunt,
367 4490 422 4537 et
449 4481 735 4536 lucri-ditas
765 4481 1004 4537 anterior
1030 4490 1113 4537 est
1139 4486 1294 4551 cujus
1317 4482 1422 4537 duo
1460 4492 1587 4538 sunt
1612 4483 1793 4538 colue-

166 4576 351 4633 redes
378 4574 495 4630 tita
522 4575 681 4630 unius
707 4573 1029 4630 substantias
1052 4576 1342 4632 anterioris
1384 4575 1490 4631 duo
1536 4575 1609 4650 (ε)
1640 4592 1797 4649 pares

1908 3360 1962 3415 in
1994 3377 2054 3417 se
2070 3361 2343 3416 diversum
2368 3375 2431 3415 ac
2453 3360 2716 3416 dissimile
2742 3359 2940 3415 habeat
2968 3368 3123 3416 natus
3143 3368 3197 3415 et
3216 3376 3506 3433 generatis.

1908 3453 1980 3509 Et
2007 3463 2126 3523 post
2158 3458 2308 3520 lucc,
2364 3469 2523 3509 unam
2570 3451 2926 3507 substantiam
2975 3450 3151 3507 Patris
3194 3460 3247 3507 et
3274 3449 3401 3507 Filii
3423 3451 3508 3508 dia

1907 3546 2099 3614 cendo,
2145 3562 2250 3601 non
2273 3555 2426 3602 errat
2459 3564 2472 3598 :
2522 3553 2614 3600 aut
2634 3559 2795 3599 unam
2821 3542 3182 3600 substantiam
3230 3543 3502 3616 negando,

1903 3640 2013 3711 jam
2045 3649 2247 3711 peccat.

1982 3736 2071 3795 70.
2102 3737 2185 3792 Ne
2207 3735 2342 3792 aude
2362 3747 2410 3791 et
2429 3733 2544 3789 ante
2565 3733 2668 3788 alio
2691 3732 3022 3806 prwdicetur.
3045 3764 3116 3773 —
3136 3730 3309 3788 Nemo
3326 3732 3507 3804 itaque

1907 3848 2066 3888 unam
2091 3830 2445 3887 substantiam
2469 3827 2651 3900 negari
2682 3842 2710 3880 a
2734 3827 2891 3881 nobis
2914 3834 3098 3897 putet:
3121 3826 3276 3897 cujus
3303 3825 3508 3882 idcirco

1906 3923 2046 3980 ratio
2075 3922 2379 3978 ostenditur
2408 3962 2423 3987 ,
2470 3934 2536 3974 ne
2581 3928 2824 3990 negetur.
2863 3912 3035 3973 Nemo
3062 3928 3223 3974 unam
3252 3916 3505 3973 substan-

1907 4016 2032 4069 tiam
2057 4014 2206 4070 brevi
2228 4028 2292 4069 ac
2317 4010 2459 4067 nudo
2489 4025 2741 4066 sermone
2772 4018 2925 4080 putet
2959 4008 3393 4081 praedicandam:
3439 4019 3500 4066 ut

1905 4108 2336 4180 possitreligiose
2362 4106 2465 4163 dici
2483 4114 2586 4161 una
2611 4120 2735 4162 esse
2748 4105 3071 4162 snbsmnlia.
3101 4103 3216 4159 Non
3236 4105 3380 4161 enini
3395 4116 3505 4177 ego

1902 4200 2083 4267 audio,
2103 4198 2350 4254 Christus
2390 4214 2456 4254 ex
2484 4197 2647 4253 Maria
2672 4207 2828 4252 natus
2858 4194 3021 4271 502
3040 4205 3152 4263 est;
3185 4199 3285 4255 nisi
3325 4204 3379 4253 et
3404 4206 3502 4255 au.

1901 4295 2043 4351 diam
2073 4336 2087 4359 ,
2145 4292 2214 4347 In
2233 4292 2488 4366 principio
2516 4301 2623 4345 erat
2663 4289 2881 4345 Verbum
2905 4302 2951 4345 et
2973 4288 3113 4346 Deus
3136 4303 3243 4347 erat
3278 4288 3502 4346 Verbum

1902 4386 2082 4461 (Joan.
2132 4382 2275 4457 1,1).
2319 4377 2434 4439 Non
2460 4380 2974 4451 audiam,(1|iristus
2997 4384 3366 4457 (g)csurivit;
3397 4384 3502 4440 nisi

1900 4488 2021 4554 post
2050 4477 2401 4552 quadraginta
2436 4477 2645 4533 dierum
2680 4477 2943 4549 jejunium
2986 4476 3223 4544 audiam,
3280 4472 3403 4533 Non
3443 4478 3499 4533 tu

1898 4592 2029 4650 pane
2054 4574 2164 4630 solo
2191 4573 2310 4628 vivit
2341 4572 2493 4626 homo
2520 4571 2737 4646 (Matth.
2764 4587 2836 4638 tv,
2860 4569 2944 4643 4).
2986 4569 3106 4627 Non
3137 4570 3375 4638 audiam,
3426 4571 3502 4629 siv-

164 4740 561 4818 Βξιρπμειηςτθ
584 4733 785 4817 videtur
807 4733 1158 4818 siniplicitatis
1188 4752 1250 4791 ex
1286 4751 1523 4818 sermone
1543 4738 1652 4818 sine
1672 4750 1789 4818 suis;
1814 4743 1869 4805 D
1966 4735 2040 4808 (c)
2081 4726 2137 4818 lit
2191 4735 2454 4817 vulgatis,
2501 4736 2709 4818 dicitur.
2754 4724 2950 4818 Yerins
2988 4735 3042 4818 in
3087 4751 3219 4793 mss.
3273 4735 3498 4806 dicatur,

164 4811 393 4882 ﬁciens
427 4806 622 4882 aliqua,
653 4806 907 4874 quiaijam
942 4822 1034 4861 nec
1076 4807 1368 4882 relatuiest,
1401 4809 1657 4882 audienda
1697 4812 1782 4863 sit.

158 4879 335 4951 Lips.
368 4888 422 4933 et
452 4879 571 4951 Pan}
600 4891 615 4930 :
642 4886 697 4930 ut
740 4891 861 4946 quae
881 4894 1106 4933 errorem
1146 4879 1289 4934 vobis
1332 4895 1394 4933 ea:
1439 4880 1787 4948 simplicitatis

157 4948 465 5010 seem-itote
483 4948 728 5024 afferunt,
753 4950 1079 5024 cognoscetis
1094 4952 1205 5005 sine
1214 4952 1571 5024 sciscitatione
1589 4953 1783 5024 aliqua,

260 5025 447 5094 imjam
467 5038 557 5075 nec
576 5021 754 5075 relicta
777 5028 850 5094 est
884 5022 1165 5077 (radiantia.
1199 5022 1543 5093 Gastigautur
1562 5040 1625 5078 ex
1651 5021 1783 5079 mss.

266 5036 271 5037 ν
326 5036 447 5094 μνη
467 5038 557 5075 nec
576 5036 754 5075 retiola
777 5036 850 5075 est
884 5036 1165 5077 auatmtta.
1199 5036 1543 5093 uasttgautur
1562 5040 1625 5078 ex
1651 5039 1783 5079 mss.

156 5036 698 5157 gzensllilarius,
730 5107 795 5146 ne
823 5090 962 5147 forte
1004 5096 1144 5149 male
1166 5095 1383 5158 audiat,
1428 5095 1517 5149 ubi
1542 5095 1789 5152 homteu-

152 5168 507 5236 sioniprima
533 5163 711 5236 fronte
740 5164 1057 5236 approbare
1082 5166 1371 5235 videbitur,
1396 5168 1637 5236 quamvis
1669 5177 1787 5236 post

153 5253 296 5298 tam
341 5233 598 5293 disertam
630 5233 755 5289 ﬁdei
793 5250 907 5291 sua:
956 5233 1376 5292 declarationem
1413 5233 1554 5292 nulla
1598 5233 1784 5294 relicta

153 5314 263 5371 sit
302 5311 446 5365 male
482 5306 731 5362 audiendi
778 5308 1016 5375 occasio,
1052 5309 1139 5366 his
1185 5310 1365 5365 verbis
1391 5324 1606 5372 omnem
1655 5327 1685 5366 a
1732 5326 1793 5366 se

376 5383 555 5435 irmem
590 5393 845 5435 amovere
874 5388 1052 5436 curat.

258 5449 459 5527 (ἱτὶιῧὶο
486 5466 637 5527 ipsa,
666 5449 769 5504 nisi
811 5452 959 5527 qttod
983 5459 1035 5508 in
1064 5453 1371 5510 recentiore
1387 5452 1575 5517 Carm.
1605 5463 1661 5508 ut
1692 5470 1792 5509 non

152 5523 638 5587 velitisAbeidili,
663 5523 921 5578 utnolim.

256 5596 339 5669 (Ir)
382 5596 524 5669 Bai-.4
548 5592 959 5669 post-bipsium,
989 5598 1208 5669 speciem
1237 5611 1425 5669 suam.
1447 5595 1668 5653 Rectius
1702 5597 1791 5653 alii

150 5667 337 5734 libri,
389 5667 609 5739 speciem
653 5667 848 5739 solum;
895 5667 1097 5739 idest,
1139 5685 1302 5726 unam
1348 5667 1707 5725 substantiam
1749 5669 1794 5723 si

364 5738 703 5795 manu
716 5738 1090 5814 similitudine,
1118 5754 1241 5814 quas
1262 5754 1365 5797 non
1389 5740 1619 5796 formam
1642 5742 1797 5797 dum-

151 5810 672 5885 iantzextemam,
707 5810 805 5865 sed
832 5820 885 5866 ct
910 5827 1083 5883 genus
1108 5810 1170 5871 a'c
1193 5825 1445 5869 naturam
1476 5822 1680 5885 teneat,
1711 5828 1799 5870 re.

150 5891 209 5950 li
220 5887 389 5961 giose
413 5881 795 5954 praedicamus.

1896 4806 2185 4883 praeposita
2219 4810 2364 4878 prius
2394 4807 2655 4877 particula
2678 4816 2735 4861 ut
2764 4806 2817 4862 id
2850 4808 3178 4877 postulante.

1964 4901 2051 4975 (di
2084 4900 2177 4955 Sic
2203 4914 2333 4955 mss.
2365 4899 2434 4953 At
2461 4898 2615 4975 editi,
2646 4897 2805 4975 hujus
2826 4899 3368 4975 tami_vert:oﬁs._§lox
3399 4916 3496 4975 co-

1890 4964 1993 5101 ges
2023 4972 2203 5097 Rom;
2237 4986 2299 5026 ea:
2322 4987 2374 5025 se
2395 4972 2633 5025 secuisse.
2660 4964 2880 5036 confer,
2924 4970 2969 5025 si
3007 4971 3179 5038 lubet,
3221 4964 3315 5027 lib.
3348 4984 3399 5028 tv
3427 4972 3495 5030 de

1941 5061 2042 5099 riu.
2074 5060 2129 5098 η.
2202 5084 2218 5098 .

1941 5061 2042 5099 l‘ill.
2074 5060 2129 5098 η.
2166 5060 2218 5098 ὦ.

1965 5133 2036 5206 (ρ)
2077 5130 2191 5189 νον(
2220 5148 2369 5206 pares
2389 5148 2510 5189 eum
2538 5132 2784 5204 sequenti
2818 5134 2984 5192 verbo
3010 5152 3118 5190 esse
3153 5133 3497 5191 desideratur

1896 5207 1951 5262 in
1983 5208 2130 5276 prius
2160 5205 2411 5276 vulgatis.

1970 5297 2040 5371 (ι’)
2071 5298 2307 5367 Lipsius,
2341 5314 2411 5371 ac
2436 5307 2556 5369 post
2576 5315 2698 5354 eum
2727 5297 2878 5367 Pan,
2912 5292 3182 5357 sed‘nalus
3216 5313 3289 5358 est
3334 5322 3353 5361 :
3382 5320 3489 5364 non

1898 5370 2007 5427 alio
2063 5386 2228 5426 sensu
2260 5412 2274 5437 ,
2324 5370 2419 5425 sed
2479 5381 2655 5426 tamen
2707 5374 2914 5442 absque
2966 5376 3306 5431 auctoritate.
3365 5378 3505 5435 Pes-‘

1899 5444 2035 5500 sime
2073 5452 2253 5498 autem
2289 5453 2473 5514 postea
2501 5443 2898 5515 contemporalis
2938 5460 3060 5499 cum
3088 5446 3306 5517 reliquis
3330 5450 3491 5507 editis

1897 5523 2083 5580 habet.

1973 5595 2053 5669 (g)
2090 5595 2279 5651 Obiter
2303 5593 2596 5669 observare
2617 5602 2720 5655 est.
2748 5610 2907 5665 quam
2942 5611 3048 5651 non
3078 5606 3236 5667 neget
3263 5590 3498 5659 Hilarius

1902 5666 2178 5724 Christum
2205 5666 2482 5732 esuriisse,
2503 5666 2707 5732 sitisse,
2729 5676 2783 5722 et
2801 5682 3018 5737 passum
3050 5666 3173 5725 esse
3195 5674 3493 5729 secundum

1908 5740 2178 5794 Immineat
2207 5757 2220 5792 :
2249 5739 2374 5793 dum
2404 5741 2518 5793 tunc
2550 5740 2621 5793 ita
2651 5739 2987 5795 considerari
3013 5740 3146 5805 vult,
3193 5756 3251 5799 ut
3279 5746 3421 5801 aliud
3446 5748 3499 5801 iu

1908 5810 2340 5939 earalttendatur,
2392 5808 2534 5881 quod
2564 5823 2784 5880 prorsus
2816 5826 3010 5883 expers
3042 5825 3159 5871 erat
3188 5814 3501 5888 huiusmodi

1912 5899 1942 5937 a
1984 5899 2045 5939 ec
2076 5898 2277 5939 tonum.

1912 5883 2277 5940 all'ectionum.
