3996 6330
217 345 332 404 59.9
1032 349 1235 407 LIBER
1276 348 1364 409 DE
1404 350 1717 423 SYNODIS,
1761 350 1895 411 SEU
1927 353 2018 410 DE
2055 353 2214 413 FIDE
2251 357 2745 421 ORIENTALIUM.
3424 364 3533 425 550

215 476 275 522 et
294 464 659 538 mqttalitatem
690 467 911 524 diﬁ‘erre
940 467 1128 524 dicunt
1153 485 1167 535 ;
1225 484 1411 541 qumro
1439 470 1581 527 unde
1605 485 1827 544 compa-
1851 472 1908 536 Α
1931 480 2023 527 aut
2044 472 2186 530 aliud
2215 475 2419 547 aliquid
2440 478 2582 536 inter
2605 480 2781 538 simile
2808 480 3023 549 diﬁ'ert,
3053 491 3109 539 et
3135 482 3373 554 aequale;
3404 498 3529 540 cum

213 569 371 615 retur
395 562 695 632 aequalitas.
768 562 1011 632 Namque
1039 563 1087 617 si
1118 564 1411 620 secundum
1442 566 1734 620 essentiam
1764 575 1818 622 et
1919 581 2041 637 qua!
2068 567 2319 625 similiter
2341 571 2477 628 ﬁunt
2499 615 2515 641 ,
2563 574 2754 631 eadem
2795 575 2912 632 ﬁeri
2945 577 3352 650 intelligantur?
3402 575 3523 635 Nisi

211 652 472 711 virtutem
501 664 555 711 et
602 655 828 727 gloriam
874 666 923 711 et
969 665 1178 727 tempus
1208 656 1383 713 Patris
1413 657 1586 713 Filius
1624 658 1816 714 similis
1919 658 2062 717 forte
2084 663 2369 733 quisquam
2426 681 2545 737 qua:
2593 669 2782 725 eadem
2805 680 2952 738 sunt,
3004 672 3222 744 negabit
3251 672 3523 744 mqualia;
3580 744 3587 745 ί

210 755 331 813 est;
392 747 666 819 interrogo
695 764 762 803 ex
792 764 899 819 quo
922 763 1027 803 non
1059 748 1306 804 videatur
1335 747 1499 821 505.
1525 746 1604 822 (a)
1624 764 1811 821 :equa-
1916 763 1977 810 ut
2005 769 2126 826 quae
2152 755 2351 813 similia
2376 766 2522 826 sunt,
2547 775 2656 817 non
2681 762 2930 820 dicantur
2953 764 3214 838 aequalia:
3244 780 3367 823 cum
3400 782 3525 839 qua:

208 839 301 895 lis.
336 838 466 895 Nam
499 841 662 897 etiam
694 840 813 896 hmo
843 839 896 896 in
922 841 1188 912 superiori
1216 841 1323 897 ﬁde
1348 843 1637 898 constituta
1662 841 1815 898 dam—
1914 847 2168 905 similiter
2191 849 2328 906 ﬁunt
2348 893 2366 919 ,
2423 868 2532 909 non
2559 855 2725 912 modo
2768 858 2995 931 mqualia
3023 858 3165 928 ﬁeri,
3198 860 3295 918 sed
3320 838 3519 919 eadem

207 933 363 989 natio
389 944 513 990 est:
565 945 623 990 ut
646 936 934 992 anathema
958 945 1125 1002 esset,
1159 935 1249 1006 qui
1283 935 1492 992 Patrem
1524 935 1810 992 dissimilis
1917 942 2302 1006 praedicentur.
2678 959 2691 965 ’

205 1027 313 1082 sibi
337 1028 588 1084 essentia:
609 1028 815 1085 diceret
836 1039 1066 1101 patrem.
1116 1027 1172 1085 Si
1202 1044 1334 1099 ergo
1357 1038 1603 1086 naturam
1636 1046 1809 1102 neque

204 1120 395 1185 aliam,
430 1137 607 1193 neque
631 1121 949 1178 dissimilem
978 1122 1060 1190 ei,
1092 1138 1252 1193 quem
1280 1123 1686 1193 impassibiliter
1709 1138 1807 1195 ge-

203 1216 456 1283 nerabat,
477 1216 667 1282 dedit;
730 1233 834 1272 non
864 1224 1039 1288 potest
1059 1217 1219 1272 aliam
1249 1218 1493 1282 dedisse,
1548 1218 1650 1273 nisi
1682 1234 1806 1288 pro-

199 1311 401 1382 priam.
448 1311 523 1367 Ita
552 1310 849 1369 similitudo
897 1312 1199 1382 prOprietas
1228 1321 1344 1379 est,
1402 1312 1703 1384 proprietas
1732 1330 1806 1369 a3-

198 1403 439 1474 qualitas
464 1414 581 1473 est,
636 1414 693 1461 et
716 1405 995 1477 aequalitas
1040 1405 1172 1461 nihil
1218 1404 1416 1462 diﬁ'ert.
1462 1406 1593 1476 Qua:
1621 1415 1801 1464 autem

197 1496 341 1553 nihil
385 1496 661 1566 diﬁ'erunt,
712 1514 876 1555 unum
930 1509 1091 1566 sunt;
1148 1514 1255 1555 non
1300 1500 1501 1556 unione
1531 1515 1798 1572 persona},

193 1589 296 1646 sed
322 1590 633 1661 aequalitate
654 1600 882 1647 naturae.

268 1682 362 1739 75.
417 1680 548 1739 Filii
590 1692 638 1738 et
694 1682 870 1739 Patris
918 1685 1093 1739 eadem
1124 1686 1306 1739 uirtus.
1345 1715 1418 1725 -—
1464 1684 1797 1757 Quamquam

189 1791 328 1834 vero
353 1786 408 1834 et
435 1778 704 1833 communi
733 1792 916 1847 sensu,
944 1788 1000 1834 et
1027 1777 1225 1835 divinis
1250 1779 1684 1847 auctoritatibus,
1718 1780 1798 1836 in-

191 1880 277 1926 ter
306 1870 715 1927 similitudinem
746 1881 800 1928 et
823 1872 1188 1942 aequalitatem
1220 1871 1353 1927 nihil
1380 1871 1600 1928 diﬁ'erre
1628 1873 1787 1928 intel-
1821 1886 1868 1947 Β

185 1962 432 2036 ligatur;
489 1965 690 2035 quippe
718 1979 842 2019 cum
870 1965 1162 2021 secundum
1186 1963 1406 2036 Moysen
1445 1974 1498 2021 et
1521 1964 1784 2020 Joannem

182 2056 336 2113 Patri
361 2056 527 2113 Filius
556 2066 610 2113 et
634 2056 827 2113 similis
852 2059 942 2125 sit,
983 2067 1038 2114 et
1063 2057 1328 2129 aequalis:
1384 2066 1566 2114 tamen
1604 2056 1787 2113 videa-

181 2166 309 2207 mus
341 2168 409 2207 an
442 2151 719 2219 Dominus,
750 2152 952 2209 Judaais
983 2153 1345 2209 irascentibus
1382 2152 1528 2225 quod
1558 2152 1782 2209 Patrem

173 2243 287 2300 sibi
319 2245 485 2301 Deum
510 2244 744 2303 dicendo
773 2245 884 2302 Deo
913 2260 972 2302 se
1017 2256 1367 2318 coaequasset,
1414 2261 1476 2303 se
1518 2261 1643 2303 esse
1682 2248 1781 2303 do-

173 2337 362 2393 cuerit
391 2339 501 2395 Deo
533 2340 815 2411 aequalem.
844 2338 936 2393 Ait
961 2339 1125 2407 enim,
1167 2338 1291 2394 Non
1329 2349 1492 2409 potest
1522 2338 1695 2396 Filius
1719 2340 1783 2396 ab

169 2449 232 2488 se
256 2437 428 2504 facere
455 2432 775 2505 quidquam,
827 2434 927 2488 nisi
965 2436 1104 2506 quod
1133 2434 1315 2489 viderit
1347 2433 1560 2491 Patrem
1587 2436 1783 2506 facien-

168 2536 275 2582 tem
310 2525 489 2599 (Joan.
522 2544 577 2593 v,
612 2526 725 2599 l9).
783 2531 1073 2584 Auctorem
1100 2528 1354 2585 discrevit
1381 2543 1504 2584 cum
1530 2529 1625 2597 ait,
1658 2527 1783 2585 Non

168 2633 349 2694 potest
375 2623 439 2678 ab
478 2641 533 2678 se
564 2628 773 2696 facere:
824 2623 898 2697 (ιι)
945 2622 1308 2680 obedientiam
1349 2622 1617 2697 signiﬁcat
1654 2637 1778 2681 cum

163 2717 347 2785 addit,
393 2718 494 2773 nisi
513 2718 649 2790 quod
676 2718 862 2773 viderit
891 2717 1102 2774 Patrem
1132 2718 1421 2789 facientem.
1491 2717 1611 2774 Non
1634 2716 1778 2775 enim

163 2812 391 2866 virtutis
418 2811 724 2867 diﬁerentia
757 2818 876 2878 est,
914 2826 1020 2867 non
1050 2826 1213 2883 posse
1253 2812 1355 2867 nisi
1380 2810 1598 2879 videat;
1649 2813 1776 2883 quia

164 2904 429 2958 virtutem
457 2903 627 2974 magis
650 2911 872 2973 praestat
902 2911 1111 2968 natura,
1141 2919 1301 2974 quam
1327 2904 1477 2959 visus
1507 2921 1521 2957 :
1565 2913 1619 2959 at
1645 2916 1777 2960 vero

162 2999 465 3071 obsequela
496 3008 600 3065 est,
632 3008 761 3054 tunc
784 3013 949 3071 posse
974 3012 1097 3053 cum
1127 3000 1328 3054 videat.
1370 2999 1547 3071 Atque
1574 2999 1648 3054 ita
1681 3014 1776 3069 per

160 3092 245 3160 id,
273 3093 417 3164 quod
438 3103 562 3149 tunc
589 3102 907 3166 potestcum
933 3091 1097 3160 videt,
1129 3091 1398 3163 signiﬁcat
1426 3109 1532 3149 non
1560 3109 1628 3148 ex
1656 3092 1774 3148 visu

156 3203 228 3244 se
259 3188 507 3258 accipere
533 3186 788 3243 virtutem
818 3228 833 3253 ,
891 3186 989 3243 sed
1020 3187 1342 3243 auctoritate
1391 3188 1539 3243 visus
1568 3201 1775 3258 pricsu-

1917 942 2302 1013 praedicentur.

1984 1058 2145 1131 505
2168 1059 2257 1116 76.
2278 1060 2618 1117 Homazusion
2634 1074 2769 1120 recte
2788 1066 2891 1121 dici
2902 1066 3309 1139 posse.—Caret
3331 1071 3518 1143 igitur,

1909 1150 2153 1219 Fratres,
2197 1155 2496 1212 similitudo
2529 1167 2739 1214 natura:
2779 1162 3124 1218 contumelia:
3160 1164 3512 1236 suspicione:

1908 1263 2010 1304 nec
2041 1255 2219 1319 potest
2250 1249 2419 1306 videri
2452 1251 2622 1309 Filius
2653 1253 2854 1311 idcirco
2881 1256 2933 1310 in
2965 1258 3298 1328 proprietate
3329 1270 3513 1330 pater-

1905 1356 1993 1396 na:
2018 1350 2225 1397 naturae
2256 1358 2362 1398 non
2394 1359 2538 1411 esse,
2577 1346 2701 1417 quia
2749 1346 2942 1404 similis
2964 1357 3081 1405 est:
3113 1365 3235 1406 cum
3260 1351 3517 1409 similitu-

1905 1435 1977 1491 do
2016 1436 2161 1491 nulla
2209 1437 2298 1501 sit,
2333 1438 2436 1494 nisi
2463 1454 2531 1495 ex
2573 1442 2883 1512 :equalitate
2932 1452 3179 1511 natum;
3235 1447 3514 1517 aequalitas

1903 1541 2081 1588 autem
2105 1542 2311 1588 natura:
2343 1550 2448 1590 non
2473 1543 2651 1606 potest
2680 1552 2823 1603 esse,
2842 1538 2944 1595 nisi
2975 1555 3080 1595 una
3107 1540 3212 1606 sit;
3246 1555 3353 1596 una
3382 1556 3514 1597 vero

1908 1642 2015 1683 non
2044 1643 2297 1699 persona:
2326 1630 2551 1697 unitate,
2587 1630 2680 1686 sed
2707 1632 2945 1702 generis.
2982 1632 3107 1689 Haec
3129 1633 3264 1690 ﬁdes
3290 1636 3378 1706 pia
3406 1644 3511 1703 est,

1901 1719 2021 1777 haec
2059 1723 2388 1779 conscientia
2426 1724 2676 1797 religiosa
2699 1768 2715 1793 ,
2760 1724 2848 1782 hic
2894 1728 3148 1784 salutaris
3195 1743 3377 1785 sermo
3403 1739 3509 1798 est,

1899 1832 2060 1871 unam
2088 1817 2443 1873 substantiam
2475 1819 2652 1874 Patris
2680 1827 2735 1875 et
2762 1819 2884 1875 Filii
2918 1819 3121 1877 idcirco
3143 1836 3251 1877 non
3280 1837 3501 1893 negare,

1894 1914 2021 1980 quia
2065 1911 2256 1966 similis
2303 1919 2419 1966 est:
2470 1910 2703 1967 similem
2753 1927 2884 1969 vero
2944 1912 3013 1970 ob
3058 1912 3113 1970 id
3168 1913 3498 1985 praedicare,

1885 2002 2008 2073 quia
2036 2019 2202 2059 unum
2230 2013 2374 2060 sunt.

1966 2117 2054 2174 77.
2102 2119 2375 2190 Exposita,
2426 2121 2762 2191 Charissimi,
2814 2122 2973 2178 unius
2996 2122 3331 2191 substantia},
3366 2137 3489 2195 quae

1889 2226 2067 2283 grazce
2099 2211 2420 2269 homousion
2448 2213 2671 2283 dicitur,
2700 2222 2756 2270 et
2783 2214 2977 2270 similis
3006 2214 3346 2283 subsmntiaa,
3375 2231 3501 2287 qua:

1889 2304 2229 2363 homoeusion
2249 2308 2569 2385 appellatur,
2624 2308 2769 2365 ﬁdeli
2800 2324 2863 2365 ac
2892 2309 2976 2379 pia
2999 2308 3390 2380 intelligentia;
3420 2310 3500 2383 (ε)

1887 2409 1941 2457 et
1965 2402 2128 2469 vitiis,
2153 2418 2273 2474 quae
2297 2419 2362 2459 ex
2393 2403 2683 2459 verborum
2712 2404 2798 2460 vel
2827 2404 3092 2462 brevitate
3122 2404 3374 2473 subdola,
3401 2405 3489 2461 vel

1885 2494 2192 2563 periculosa
2245 2495 2487 2552 nuditate
2526 2495 2773 2553 accidere
2823 2500 3051 2566 possint,
3088 2499 3497 2556 absolutissime

1882 2587 2271 2645 demonstratis
2310 2607 2323 2644 :
2352 2589 2598 2661 reliquus
2626 2589 2760 2645 mihi
2789 2605 2976 2646 sermo
3003 2591 3071 2647 ad
3098 2601 3316 2648 sanctos
3344 2591 3496 2648 viros

1880 2678 2189 2737 Orientales
2221 2682 2510 2753 episcopos
2532 2682 2849 2754 dirigendus
2877 2693 2999 2751 est;
3033 2692 3093 2739 ut
3120 2683 3248 2755 quia
3272 2683 3386 2755 jam
3416 2684 3488 2743 de

1882 2772 1989 2829 ﬁde
2034 2782 2217 2831 nostra
2258 2774 2395 2830 nihil
2427 2775 2568 2830 inter
2599 2789 2698 2830 nos
2741 2775 3067 2845 suspicionis
3099 2776 3351 2832 relictum
3379 2784 3486 2843 est,

1879 2881 1945 2923 ea
1971 2883 2091 2938 qum
2119 2867 2296 2923 adhuc
2321 2869 2373 2923 iu
2401 2868 2765 2939 suspicionem
2797 2884 2862 2925 ex
2888 2869 3071 2925 verbis
3092 2869 3330 2939 ,veniunt
3357 2884 3490 2940 pur-

1878 2969 2109 3031 gentur:
2142 2968 2197 3014 et
2218 2958 2426 3016 dabunt
2450 2960 2687 3026 veniam,
2724 2974 2793 3015 ex
2846 2961 3154 3019 communis
3205 2962 3489 3021 conscien-

1875 3052 1965 3109 tia:
1992 3051 2098 3109 ﬁde
2121 3068 2307 3110 secum
2336 3053 2558 3111 liberius
2589 3054 2860 3111 locuturo.

1947 3191 2039 3248 78.
2084 3190 2428 3247 Orientalium
2470 3190 2582 3245 laus
2610 3190 2671 3245 ob
2722 3191 2960 3246 limesim
3015 3192 3311 3249 coercitam.
3338 3222 3410 3233 —
3434 3192 3483 3265 Ο

157 3297 321 3337 mere
353 3290 695 3352 potestatem.
742 3279 857 3337 Non
887 3296 1016 3352 ergo
1054 3280 1233 3337 diﬁ‘ert
1271 3290 1477 3337 natura:
1508 3281 1677 3337 virtus
1712 3281 1766 3336 in
1797 3289 1843 3354 ρ
1874 3284 2102 3341 studiosi
2138 3284 2356 3341 tandem
2383 3283 2695 3356 apostolicae
2725 3295 2889 3355 atque
2912 3284 3242 3357 evangeliea:
3270 3285 3482 3344 doctri-

156 3375 333 3432 Patre
354 3384 408 3431 et
437 3374 572 3430 Filio
598 3394 610 3429 :
640 3377 725 3431 cui
758 3374 861 3431 hoc
888 3390 1050 3446 posse
1078 3373 1223 3447 quod
1246 3374 1407 3429 Pater
1436 3374 1628 3445 possit,
1661 3389 1770 3430 non

155 3484 234 3525 ex
267 3470 608 3526 incremento
634 3469 816 3540 aliquo
843 3478 1050 3524 natura:
1078 3467 1352 3541 prolectus
1382 3467 1625 3535 tribuat,
1671 3467 1770 3525 sed

156 3558 242 3634 (ε)
284 3561 526 3616 auctoris
564 3561 892 3630 exemplum.
971 3560 1213 3631 Denique
1262 3558 1552 3627 honorem,
1607 3573 1768 3629 quem

154 3654 437 3725 subjectio
468 3654 829 3721 conservavit,
864 3653 1258 3710 naturaet-irtus
1287 3656 1540 3724 aequavit.
1578 3652 1772 3723 Subje-

153 3747 242 3803 cit
270 3746 415 3803 enim
445 3766 458 3801 :
507 3747 854 3819 Qntccumque
878 3747 1012 3803 enim
1037 3746 1128 3802 ille
1150 3746 1293 3819 facit,
1329 3747 1504 3802 eadem
1530 3756 1576 3801 et
1599 3745 1772 3802 Filius

151 3843 404 3898 similiter
432 3842 552 3913 facit
575 3841 844 3914 (Ibidem).
900 3841 1170 3913 Numquid
1219 3840 1517 3896 similitudo
1548 3839 1628 3913 (ά)
1659 3858 1767 3897 non

152 3953 325 4008 mqua
349 3937 471 3993 est?
516 3937 693 4010 IEqua
723 3938 881 4009 plane
908 3947 987 3993 est
1009 3937 1220 3993 etiamsi
1247 3951 1505 4008 negemus
1545 3955 1557 3990 :
1592 3937 1768 3991 eadem

151 4035 312 4089 etaim
339 4032 575 4087 similiter
596 4033 738 4105 facit.
800 4032 1067 4105 Numquid
1090 4032 1340 4088 similiter
1369 4032 1506 4087 facta
1541 4047 1648 4087 non
1675 4046 1769 4086 ea-

152 4125 290 4181 dem
320 4126 488 4181 sunt?
530 4134 624 4182 aut
670 4126 860 4184 eadem
905 4143 1012 4183 non
1053 4128 1321 4198 recipiunt
1353 4126 1763 4198 mqualitatem?

239 4264 321 4332 (a)
368 4264 604 4319 Rursum
662 4265 748 4321 hic
770 4265 821 4318 in
847 4266 1097 4335 vulgatis,
1130 4266 1399 4336 aequalitas
1431 4275 1522 4320 est.
1570 4264 1767 4322 Verbis

149 4337 519 4417 sequentibus
551 4338 799 4392 laudatur
823 4339 1120 4409 Ancyram:
1152 4336 1345 4408 synodi
1369 4337 1611 4393 deﬁnitio
1638 4354 1764 4409 sep-

149 4415 317 4463 tima.

232 4482 311 4555 (b)
341 4482 676 4539 Ohetlientire
707 4479 1200 4555 notnen,quodl_iie
1220 4495 1353 4555 sa_no
1375 4496 1543 4555 sensu
1572 4482 1767 4555 admit-

148 4556 223 4610 tit
244 4551 490 4609 Hilarius
518 4555 583 4609 ad
612 4551 1020 4625 signiﬁcandam
1054 4553 1176 4625 Filii
1215 4567 1244 4605 a
1270 4551 1759 4625 Patrehoriginem,

145 4627 487 4698 simpliciter
528 4623 733 4696 respuit
768 4625 1062 4696 Gregorius
1111 4623 1393 4698 Nazianz.,
1427 4623 1519 4679 Or.
1558 4623 1760 4683 kxxw:

150 4697 233 4753 Ut
253 4696 391 4752 enim
424 4698 667 4764 Verbum,
692 4698 898 4767 inquit,
956 4713 1047 4767 nec
1077 4696 1315 4750 obediens
1336 4705 1475 4767 erat,
1517 4713 1611 4753 nec
1644 4698 1759 4754 ino-

144 4771 405 4845 bedieus,
441 4774 510 4845 ὡς
536 4771 628 4845 μέν
653 4765 930 4845 γὰρ-λόγος
957 4765 1347 4845 oui-rapiturque,
1378 4766 1495 4823 οὔτε
1524 4771 1757 4845 ἀνήκοος.

230 4842 307 4914 (c)
340 4839 690 4914 Michaetinus
714 4839 885 4895 codex
914 4855 1037 4914 eum
1064 4839 1370 4914 ’l‘elleriano
1392 4881 1406 4904 ,
1441 4844 1763 4914 auctoritatis

141 4911 487 4984 επέηιριιιηιε
536 4913 679 4983 quod
722 4927 839 4984 non
880 4911 1261 4984 abltorretrab
1291 4911 1561 4967 llilariana
1614 4914 1762 4970 loeu-

144 4983 330 5041 tione’.
383 4986 480 5041 llic
507 4985 734 5039 auctoris
763 4983 847 5038 vel
877 4983 1199 5037 auctoritatis
1219 4984 1509 5051 exemplum
1539 4986 1761 5054 perinde

143 5069 242 5113 est
273 5100 288 5122 ,
326 5058 469 5129 quod
520 5072 681 5127 supra
729 5056 1009 5110 auctoritas
1038 5055 1223 5129 uisus,
1267 5054 1410 5124 quod
1466 5055 1562 5110 lib.
1592 5072 1664 5112 vn
1694 5057 1761 5114 de

144 5130 316 5185 Trin.
346 5127 431 5184 Vn.
463 5130 560 5187 18:
612 5129 813 5183 uirtutis
853 5143 915 5181 ac
962 5127 1240 5182 naturwin
1281 5143 1336 5181 se
1379 5135 1607 5195 paterna:
1640 5146 1763 5185 con-

137 5202 395 5257 scientia.

225 5272 321 5348 (ιι)
344 5272 492 5343 Lips.
524 5282 581 5328 et
609 5271 732 5328 Par.
755 5312 770 5340 ,
800 5288 900 5327 non
920 5287 1069 5343 aequa
1089 5271 1242 5343 plane
1265 5279 1338 5326 est
1365 5271 1523 5325 etiam
1542 5272 1655 5328 sine
1673 5291 1764 5348 ge-

139 5362 279 5401 nere
296 5346 326 5398 '1’
373 5352 648 5413 corrupte.

225 5417 303 5489 (e)
344 5415 405 5472 In
434 5416 739 5487 antiquiore
779 5430 881 5470 ms.
904 5415 1148 5489 _Carnut.
1205 5425 1261 5471 et
1288 5414 1626 5489 ΔΜίοιιειθιίῐιρ
1655 5433 1759 5474 una

135 5486 299 5546 serie
328 5490 413 5545 hic
441 5486 732 5555 adtexitur,
777 5486 919 5558 quod
963 5488 1017 5542 in
1060 5486 1439 5558 alterogCarn.
1482 5503 1547 5542 ac
1583 5487 1760 5545 Telle-

136 5568 312 5619 riano
341 5561 408 5615 ad
446 5560 567 5615 libri
595 5575 745 5614 oram
778 5556 864 5614 est
885 5560 1146 5628 rejectum
1180 5577 1193 5612 :
1223 5556 1347 5612 Non
1392 5568 1515 5631 puto
1564 5576 1759 5630 quem-

134 5649 313 5706 quam
330 5632 721 5706 qadmonendum
741 5632 795 5706 in
813 5633 915 5706 hoc
933 5632 1065 5706 loco,
1080 5639 1134 5685 ut
1161 5630 1417 5706 suspendat
1437 5632 1756 5706 quareqdixe-

134 5703 251 5763 i‘im
293 5704 480 5759 similis
528 5703 828 5758 substantia:
862 5703 1000 5774 piam
1049 5704 1457 5773 intelligentiam,
1509 5704 1607 5757 nisi
1635 5704 1756 5774 quia

133 5778 495 5848 intelligerent
520 5788 567 5848 et
592 5776 839 5846 impiam;
879 5784 927 5848 et
955 5774 1147 5848 idcirco
1196 5774 1413 5830 similem
1437 5791 1555 5848 non
1588 5777 1756 5848 solum

133 5847 427 5923 aqualem.
458 5847 548 5902 sed
568 5849 720 5923 etiam
741 5847 983 5923 eamdem
999 5847 1307 5923 dixisse;_ut
1330 5862 1489 5923 neque
1515 5847 1759 5923 similitu-

136 5917 353 5991 dinem,
374 5936 529 5990 quam
545 5930 622 5991 tu,
642 5919 803 5989 frater
823 5917 1058 5992 Lucifer,
1076 5919 1350 5991 praedicari
1377 5917 1634 5988 vulneras,
1655 5920 1757 5975 im-

1875 3395 1958 3435 nre
1984 3380 2110 3449 viri,
2138 3394 2273 3452 quos
2304 3378 2430 3433 ﬁdei
2472 3377 2621 3433 calor
2660 3378 2713 3433 in
2744 3377 2906 3434 tantis
2934 3378 3171 3434 tenebris
3208 3377 3483 3436 hmretica:

1874 3473 2052 3530 noctis
2077 3472 2325 3528 accendit
2350 3474 2364 3527 ε
2392 3472 2659 3541 Quantam
2691 3485 2847 3542 spem
2876 3469 3199 3527 revocandae
3228 3487 3376 3529 verte
3413 3472 3480 3528 ﬁ-

1873 3567 1959 3624 dei
1987 3567 2265 3635 attulistis,
2309 3576 2623 3623 constanter
2664 3564 2890 3620 audacis
2938 3566 3179 3636 perﬁdim
3219 3566 3480 3639 impetum

1874 3659 2241 3718 retundendo!
2300 3660 2475 3717 Antea
2504 3660 2649 3716 enim
2691 3658 2747 3714 in
2787 3662 3021 3719 obscuro
3044 3670 3204 3731 atque
3233 3660 3290 3716 in
3314 3676 3483 3733 angu-

1873 3753 1942 3810 lis
1972 3753 2233 3809 Dominus
2274 3751 2525 3809 Christus
2576 3750 2673 3808 Dei
2713 3766 2838 3808 esse
2884 3752 3182 3808 secundum
3230 3761 3480 3811 naturam

1875 3846 2016 3902 ﬁlius
2059 3848 2395 3918 negabatur:
2444 3854 2502 3901 et
2525 3845 2777 3901 essentiae
2816 3845 2972 3917 inops
3016 3855 3275 3917 pateram,
3320 3862 3481 3904 acce-

1871 3941 2018 4010 pisse
2054 3956 2177 3995 cum
2221 3941 2487 3995 creaturis
2531 3938 2794 4008 originem
2845 3936 2914 3993 de
2954 3952 3061 3993 non
3128 3938 3476 3996 exstantibus

1870 4031 2282 4103 prredicabatur.
2352 4029 2424 4085 At
2470 4042 2602 4084 vero
2654 4042 2797 4083 nunc
2845 4029 3080 4098 publicae
3128 4028 3475 4087 auctoritatis

1869 4125 2209 4199 professione
2252 4123 2479 4179 hmresis
2506 4136 2894 4194 prorumpens,
2920 4121 2974 4178 id
3002 4121 3149 4194 quod
3174 4131 3330 4181 antea
3362 4122 3476 4180 fur-

1876 4266 2178 4335 probarem;
2202 4274 2249 4321 et
2275 4275 2442 4319 tamen
2501 4263 2667 4320 solam
2689 4264 2831 4335 piam
2858 4280 2968 4320 esse
3008 4264 3362 4323 similitudinis
3386 4268 3475 4323 in-

1874 4338 2207 4421 telligentiam
2233 4336 2583 4407 admonerem,
2610 4352 2726 4409 qua:
2750 4338 2995 4393 unitatem
3012 4336 3310 4396 substantiae
3337 4356 3475 4409 pra:-

1873 4411 2101 4537 milia;
2124 4497 2263 4548 vero,
2292 4479 2430 4552 quod
2465 4479 2697 4554 laudans
2725 4496 2823 4554 eos,
2854 4480 3177 4554 (Orientales
3213 4483 3335 4539 scil.
3368 4483 3470 4540 bo-

1872 4553 2139 4611 mmusion
2168 4557 2588 4625 pronugnantes)
2609 4554 2662 4607 in
2684 4553 2929 4625 invidiam
2955 4553 3182 4609 deducor
3200 4571 3234 4609 a
3258 4556 3472 4625 quibus-

1872 4626 2025 4693 dam;
2068 4623 2250 4698 parum
2287 4623 2576 4679 intellectus
2617 4640 2752 4679 sum.
2787 4623 2908 4679 Non
2935 4626 3068 4679 enim
3096 4642 3182 4682 eos
3210 4623 3380 4682 ueram
3402 4628 3471 4698 ﬁ-

1788 4685 1841 4747 D
1868 4685 2117 4760 dent.'séd
2158 4712 2291 4752 srnu
2319 4711 2648 4753 nsvocmM-z
2687 4712 2845 4751 vena:
2885 4712 3029 4752 nam
3056 4698 3294 4753 attulisse
3322 4685 3468 4753 (liii:

1871 4778 1928 4824 nt
1955 4770 2086 4825 sicut
2105 4768 2184 4822 illi
2205 4769 2371 4823 auditi
2399 4777 2537 4836 sunt,
2565 4768 2639 4822 ita
2660 4778 2707 4822 et
2732 4783 2824 4821 nos
2852 4784 2914 4823 ea:
2942 4769 3039 4824 hoc
3066 4779 3246 4825 contra
3279 4769 3470 4825 Valen-

1870 4850 1971 4896 tem
2015 4852 2061 4896 et
2114 4839 2388 4895 Ursacium
2432 4854 2692 4908 possemus
2721 4839 2914 4907 audiri,
2940 4850 2989 4894 et
3019 4839 3098 4908 (in
3137 4856 3267 4897 mss.
3299 4841 3465 4900 Miclt.

1868 4913 2209 4985 cooptandus,
2244 4915 2297 4967 in
2335 4909 2671 4985 Caruutensi
2711 4920 2976 4985 autemet
3018 4909 3155 4968 Tell.
3194 4922 3378 4985 coapta
3405 4931 3468 4968 ea

1871 4981 2011 5056 Deus
2033 5001 2052 5039 :
2082 4998 2149 5038 an
2182 4999 2281 5053 pro
2318 4999 2421 5055 quo
2441 4991 2575 5056 apta:
2603 4981 2806 5056 adeas,
2830 4982 2911 5056 vel
2935 4993 3129 5056 emptus
3154 4984 3222 5039 ad
3242 4981 3349 5054 eos)
3380 4986 3465 5040 al-

1872 5055 2145 5110 lacutionis
2188 5054 2355 5127 sermo
2383 5054 2603 5127 blandus
2633 5054 2764 5109 nihil
2804 5055 2951 5109 aliud
2975 5054 3129 5125 quam
3171 5057 3466 5127 procacium

1871 5128 2217 5200 conviciorum
2254 5125 2500 5200 effugeret
2525 5125 2841 5200 foeditatem;
2889 5142 3003 5180 cum
3033 5125 3264 5200 amarius
3309 5139 3464 5200 atque

1868 5200 2025 5254 etiam
2062 5198 2452 5273 probrosius'in
2497 5199 2914 5273 consequentibus
2952 5199 3154 5255 occulta
3191 5198 3466 5272 expositio-

1864 5286 1990 5325 num
2015 5269 2175 5327 essem
2195 5269 2446 5325 scandala
2471 5269 2790 5341 proditurus.

1936 5342 2106 5400 Adest
2123 5344 2235 5413 jam
2262 5340 2480 5398 tertium
2509 5356 2829 5413 responsum
2870 5341 2995 5398 libri
3020 5341 3180 5413 hujus
3201 5340 3463 5413 apologe-

1865 5416 2067 5472 ticum:
2117 5415 2272 5485 cujus
2309 5415 2485 5485 prima
2532 5428 2673 5485 pars
2695 5413 2840 5469 cadit
2886 5414 2942 5485 in
2987 5413 3103 5469 haec
3145 5418 3332 5485 verba,
3373 5415 3464 5483 pia

1861 5488 2219 5563 intelligentia,
2249 5484 2422 5563 altera
2453 5500 2585 5563 vero
2611 5484 2681 5563 ad
2704 5484 2913 5563 numeri
2940 5484 3219 5563 sequentis
3245 5484 3460 5563 initium

1859 5553 2070 5615 attinei.
2111 5558 2190 5614 Ex
2230 5572 2298 5614 eo
2333 5558 2500 5629 liquet
2534 5556 2585 5611 l°
2632 5556 2775 5629 hunc
2814 5553 3033 5629 librum
3061 5553 3311 5629 Lucifero
3338 5558 3457 5615 dis-

1860 5631 2116 5704 plicuisse
2145 5631 2281 5704 ,Λευ
2343 5626 2609 5704 Hilarium
2651 5628 2829 5704 etiam
2874 5626 3182 5704 quibusdam
3238 5640 3460 5700 propter

1864 5699 2115 5759 cumdem
2145 5700 2340 5757 librum
2367 5702 2421 5755 in
2464 5699 2824 5766 suspicionem
2850 5701 3084 5766 venisse,
3125 5701 3188 5755 5°
3214 5699 3459 5758 eumve-

1864 5791 1979 5831 ram
2030 5789 2137 5829 non
2177 5772 2516 5829 existimasse
2543 5768 2896 5842 Orientalium
2918 5768 3103 5839 ﬁdem,
3133 5770 3198 5826 4ο
3226 5787 3334 5842 quo
3360 5788 3457 5830 eos

1865 5846 2094 5903 consilio
2119 5854 2193 5900 tot
2224 5843 2471 5899 laudibus
2499 5841 2793 5907 elierat,ac
2820 5841 3035 5898 demum
3056 5859 3153 5897 cur
3182 5841 3289 5899 tam
3317 5847 3456 5901 mul-

1868 5929 1918 5977 ta
1944 5919 2208 5976 edisserat
2236 5916 2287 5973 in
2315 5914 2538 5986 gratiam
2562 5910 2927 5973 similitudinis
2951 5913 3221 5974 essentiae.
