3996 6330
493 359 589 415 5³51

1687 350 1929 406 SANCTI
1972 349 2226 406 “ILAIUI
2271 350 2573 408 I'ZPISCOPI

3675 358 3767 411 33.73

484 474 579 529 tim
630 474 967 539 mussitabat,
1003 488 1140 529 nunc
1174 472 1255 546 (α)
1287 487 1392 528 non
1425 472 1563 526 clam
1598 470 1785 525 victrix
1818 469 2085 540 glorlaliri-
2112 472 2160 533 Α
2194 480 2303 526 tres
2353 470 2683 542 charissimi,
2725 473 2948 541 fallunt;
2983 474 3104 547 quia
3128 489 3344 546 semper
3360 472 3695 532 fefellerunt:
3724 488 3771 535 et

490 578 596 625 tur.
628 568 792 642 506
829 568 1033 636 Quibus
1062 570 1206 625 enim
1248 574 1405 623 antea
1450 565 1719 622 cuniculis
1746 566 1799 621 iu
1850 564 2083 620 catholi-

491 676 613 720 cam
658 662 961 719 Ecclesium
1007 677 1115 717 non
1169 660 1395 716 tentavit
1446 658 1727 730 irrepere?
1784 657 1928 726 Quas
1978 670 2085 711 non

492 756 574 830 (ὁ)
589 757 855 824 exseruit,
874 756 1023 812 falsze
1038 755 1316 828 religionis
1329 753 1716 820 blandimento,
1732 751 1916 809 saeculi
1935 758 2087 819 pote-

489 851 700 909 states?
740 850 1000 907 Homines
1041 851 1187 907 enim
1235 847 1478 920 perversi
1516 862 1582 904 eo
1613 862 1784 918 usque
1829 859 2089 916 prorupe-

492 954 637 1013 rant,
684 955 741 1001 ut
776 960 897 1001 cum
958 945 1063 1002 hoc
1110 946 1210 1017 ipsi
1237 945 1532 1017 praedicare
1559 943 1773 1013 publice
1799 957 1905 996 non
1928 940 2093 996 aude-

490 1047 634 1106 rent,
665 1037 1049 1110 Imperatorem
1076 1050 1252 1097 tamen
1273 1039 1519 1095 fallerent
1540 1038 1607 1093 ad
1641 1036 1714 1109 (ο)
1744 1034 2090 1093 audiendum.

493 1132 828 1191 Felelleruut
877 1134 1022 1190 enim
1072 1134 1413 1206 ignorantem
1445 1148 1651 1205 regem,
1681 1140 1743 1188 ut
1788 1127 2094 1186 istiusmodi

493 1228 740 1299 perﬁdia:
769 1228 930 1284 ﬁdem
960 1230 1115 1289 bellis
1143 1236 1441 1300 occupatus
1461 1235 1779 1298 exponeret,
1804 1233 1859 1282 et
1880 1224 2098 1281 credeu.

498 1318 552 1376 di
578 1319 807 1376 formam
848 1320 1104 1377 Ecclesiis
1133 1320 1370 1376 nondum
1401 1327 1750 1390 regeneratus
1773 1318 2098 1390 imponeret.

500 1407 947 1469 Contradicentcs
1013 1413 1303 1484 episcopos
1363 1412 1429 1468 ad
1481 1410 1730 1468 exsilium
1782 1415 2097 1481 coegerunt.

497 1501 805 1574 Coegerunt
846 1505 989 1561 enim
1019 1521 1120 1563 nos
1146 1504 1215 1561 ad
1260 1505 1594 1562 voluntatem
1634 1502 1942 1569 exsulaudi,
1973 1501 2102 1557 dum

500 1593 796 1664 impietatis
854 1596 1139 1666 imponunt
1187 1596 1588 1654 necessitatem.
1638 1594 1745 1653 Sed
1792 1593 2104 1649 exsulemus

501 1702 739 1758 semper,
768 1690 1063 1749 dummodo
1105 1690 1326 1762 incipiat
1358 1705 1545 1747 verum
1585 1688 1889 1761 prmdicari.
1925 1684 2109 1742 Domi-

505 1796 577 1836 no
602 1782 744 1839 enim
782 1783 1004 1854 gratias,
1033 1784 1180 1855 quod
1229 1784 1623 1856 ignorationem
1667 1797 1765 1855 per
1795 1797 1892 1837 vos
1920 1781 2110 1837 admo-

2188 564 2303 634 ipsa
2333 566 2426 618 illa
2456 579 2696 635 prmsens
2723 583 2865 623 nunc
2907 567 3235 639 subscriptio
3264 583 3370 623 non
3392 568 3547 625 caret
3575 568 3771 625 falsita-

2190 665 2264 713 te.
2292 658 2564 714 Excusant
2599 661 2742 715 enim
2775 677 2834 715 se
2885 662 3085 749 idcjrco
3112 661 3432 717 bomousiou
3464 671 3519 718 et
3546 666 3776 719 homoeo-

2190 750 2308 805 sion
2342 750 2509 806 taceri
2534 752 2791 820 voluisse,
2813 754 2934 824 quia
2954 770 3117 809 unum
3142 766 3304 826 atque
3327 755 3465 810 idem
3495 756 3773 829 signiﬁcari

2192 841 2359 897 verbo
2392 848 2621 914 utroque
2676 845 3071 903 existimarent.
3109 847 3288 902 [ludes
3329 847 3493 904 credo
3546 850 3777 920 episcopi

2193 944 2249 991 et
2278 936 2591 1006 ignorantes
2620 938 2886 993 ltomousii
2946 939 3429 1011 signiﬁcationem:
3463 941 3615 1012 quasi
3643 958 3782 996 num-

2195 1043 2354 1099 quam
2383 1029 2451 1084 de
2482 1030 2583 1084 hoc
2611 1040 2701 1085 aut
2729 1030 2966 1104 synodus
2995 1032 3205 1098 fuisset,
3232 1038 3327 1086 aut
3354 1032 3496 1088 lites.
3537 1033 3651 1088 Sed
3679 1043 3783 1088 esto

2198 1123 2583 1195 ignoraverunt
2619 1127 2965 1194 homousiou,
2996 1127 3066 1200 (Ῑ)
3096 1136 3190 1181 aut
3213 1127 3527 1182 nesciebant
3548 1128 3785 1182 humaui-

2199 1217 2316 1274 sion
2343 1216 2395 1273 id
2419 1217 2731 1289 significari,
2754 1219 2900 1290 quod
2942 1220 3136 1275 similis
3152 1231 3296 1276 esset
3331 1221 3605 1276 assentire.
3641 1220 3783 1294 50')

2207 1306 2324 1363 Jam
2351 1310 2395 1363 si
2417 1310 2870 1377 hocnesciebaut,
2908 1326 3004 1366 cur
3017 1312 3213 1367 nesciri
3228 1310 3479 1367 volebant
3497 1314 3787 1382 generatio-

2203 1415 2326 1457 nem
2372 1400 2542 1458 Filii?
2583 1402 2659 1475 (g)
2690 1402 2963 1475 Numquid
2990 1405 3033 1459 si
3063 1405 3436 1461 inenarrabilis
3461 1411 3561 1472 est,
3607 1405 3725 1460 ideo
3744 1413 3792 1462 et

2205 1491 2522 1565 ignorabilis
2559 1497 2684 1552 est?
2724 1496 2830 1553 Sed
2883 1497 2927 1552 si
2971 1498 3248 1567 ignoratur
3286 1513 3396 1569 quo
3443 1496 3609 1554 modo
3654 1510 3793 1552 natus

2206 1599 2324 1654 est;
2351 1590 2610 1661 numquid
2664 1576 2898 1662 ignorari
2929 1592 3014 1647 vel
3058 1593 3158 1647 hoc
3204 1601 3400 1663 potest,
3443 1591 3587 1664 quod
3643 1591 3795 1647 Filius

2210 1682 2355 1740 Deus
2392 1701 2499 1741 non
2527 1702 2594 1742 ex
2631 1686 2741 1741 alia
2771 1687 3091 1752 substantia,
3138 1686 3234 1744 sed
3257 1703 3324 1743 ex
3355 1687 3465 1742 Deo
3488 1694 3672 1751 natus,
3701 1701 3794 1740 non

2211 1778 2480 1835 diversam
2509 1780 2706 1837 haheat
2748 1781 3080 1837 essentiam?
3108 1781 3380 1854 Numquid
3412 1798 3514 1837 non
3537 1782 3794 1852 legerunt,

504 1876 650 1935 nitus
690 1876 987 1949 imperator
1013 1878 1255 1949 agnovit,
1290 1885 1347 1933 et
1374 1892 1618 1935 errorem
1653 1891 1758 1931 non
1785 1891 1967 1942 suum,
2006 1875 2102 1935 sed
2136 1874 2180 1936 Β
2208 1872 2347 1927 sicut
2374 1873 2611 1939 Patrem,
2640 1873 2709 1928 ita
2744 1883 2798 1930 et
2821 1874 3015 1930 Filium
3046 1874 3513 1930 honoriﬁcandum
3541 1872 3725 1946 (Joan.
3753 1889 3796 1938 v,

507 1968 596 2040 (ά)
649 1968 1074 2039 adhortantium,
1127 1988 1223 2042 per
1255 1970 1354 2026 has
1405 1970 1527 2025 lidei
1569 1980 1766 2027 vestra)
1810 1969 2109 2029 sententias

520 2063 873 2133 recognovit:
920 2074 974 2121 et
1000 2079 1060 2125 se
1113 2064 1312 2121 invidia
1343 2063 1484 2136 apud
1521 2064 1686 2120 Deum
1735 2072 1899 2134 atque
1930 2062 2109 2117 homi-

510 2169 609 2213 nes
640 2155 819 2226 impia:
877 2155 1169 2212 voluntatis
1213 2156 1434 2224 exemit,
1476 2170 1597 2211 cum
1630 2155 1953 2227 legationem
1991 2170 2112 2210 ves-

513 2257 654 2302 tram
702 2244 1003 2311 honoriﬁce
1054 2246 1284 2316 habens,
1324 2246 1615 2304 falsitatem
1637 2263 1846 2311 eorum,
1880 2261 2109 2317 quorum

510 2340 896 2396 auctoritatein
921 2339 1174 2397 invidiam
1191 2338 1579 2407 deducebatur,
1599 2349 1784 2395 coacta
1811 2336 1882 2412 (ε)
1907 2355 1934 2391 a
1960 2338 2113 2395 vobis

511 2432 829 2505 ignorantim
852 2449 965 2489 sua:
993 2431 1356 2507 professione,
1385 2432 1658 2505 cognovit.

587 2526 676 2585 79.
722 2526 1018 2583 Sirmiensis
1072 2528 1313 2601 formulis
1351 2536 1586 2591 auctores
1634 2543 1832 2598 semper
1875 2526 2111 2598 fallaces.

514 2617 709 2692 Lepide
755 2632 1040 2693 carpuntur
1082 2638 1143 2676 ac
1189 2621 1517 2694 refelluntur.
1548 2617 1783 2675 Christus
1816 2636 1971 2687 unus,
2015 2636 2120 2676 non

512 2711 642 2769 duo.
686 2710 912 2769 Valentis
943 2723 988 2767 et
1035 2711 1238 2769 Ursacii
1275 2721 1512 2783 suspecta
1540 2711 1868 2782 subscriptio.
1899 2741 1971 2752 —
1998 2708 2120 2765 Fal-

511 2803 638 2863 lunt
686 2806 853 2875 enim,
884 2814 1148 2878 quantum
1184 2814 1239 2860 et
1265 2820 1461 2862 vereor
1487 2814 1543 2861 et
1570 2803 1698 2860 mibi
1724 2804 1957 2877 videtur,
1988 2804 2149 2869 Fra-,

617 2972 670 3044 η)
711 2971 878 3037 Editi,
908 2988 1043 3026 nunc
1066 2971 1250 3044 victria:
1271 2986 1290 3025 :
1314 2982 1425 3026 tum
1452 2970 1569 3044 Mir.
1603 2970 1908 3044 gloriabitur
1924 2987 1945 3044 ί
1971 2968 2119 3041 Lips.

518 3054 576 3101 et
595 3040 718 3101 Par.
740 3046 1009 3118 gloriatur.
1036 3043 1264 3118 Veteres
1281 3057 1420 3118 mss.
1434 3040 1812 3118 polb.,_Carn.
1836 3051 1891 3098 et
1910 3040 2120 3118 (ἱδρῴη

519 3133 659 3191 nunc
678 3113 795 3191 join
826 3118 1008 3191 victria?
1032 3114 1569 3191 gloriabttturLMagis
1595 3115 1770 3184 placet
1789 3130 1909 3169 cum
1932 3113 2118 3191 Corn,

520 3185 694 3251 Pratﬂ
728 3187 913 3246 Faur..
947 3185 1129 3247 Roitt.,
1159 3188 1335 3250 ilem.,
1362 3186 1521 3252 Silv.,
1557 3192 1838 3247 ote..nunc
1860 3202 1963 3239 non
1990 3185 2124 3239 clam

517 3260 1041 3340 victrisgloriabatur
1064 3274 1082 3313 :
1108 3258 1377 3340 seilzpost
1395 3256 1683 3340 concilium
1704 3258 1999 3340 Sirtuieuse
2028 3273 2120 3313 an.
2149 3277 2195 3340 ρ

524 3334 651 3388 557.
700 3333 876 3387 Antea
904 3332 1194 3403 renitu,_ut
1218 3330 1457 3403 Sulpicii
1481 3330 1664 3385 Severi
1699 3330 2122 3403 verbisgutamnr

523 3404 618 3458 lib.
653 3419 711 3470 ιι,
740 3419 853 3472 [Μελ
891 3402 1032 3457 2452
1083 3400 1261 3455 Ariani
1293 3400 1562 3471 perﬁdiam
1586 3418 1734 3463 suam
1756 3400 2078 3472 occultabant
2103 3417 2122 3455 :

522 3491 628 3529 non
676 3471 787 3527 ausi
814 3471 989 3542 palam
1020 3475 1210 3526 erroris
1240 3472 1318 3526 sui
1348 3473 1533 3540 dogma
1570 3473 1871 3537 prmtlirare,
1900 3471 2123 3525 catholi-

526 3562 613 3600 cos
640 3562 693 3599 se
717 3546 976 3615 gerebant.
1008 3548 1123 3609 Quo
1149 3553 1361 3615 Spectat
1406 3544 1533 3597 illud
1569 3543 1801 3598 Luciferi
1832 3546 1934 3597 sub
1965 3544 2125 3615 liuent

525 3617 626 3677 lib,
657 3633 674 3671 ι
705 3613 801 3685 pro
830 3616 1151 3675 Athanasio.
1186 3616 1278 3679 ubi
1315 3613 1633 3673 (Intistantio
1665 3615 1955 3685 extwobrat
1986 3614 2127 3684 quod

525 3684 869 3757 egerit’more
914 3693 1258 3751 meretricum,
1290 3701 1402 3756 quae
1443 3687 1606 3754 primo
1655 3684 1787 3757 clum
1819 3696 2126 3747 scortentur,

525 3755 702 3833 postea
748 3774 863 3833 vero
895 3759 967 3813 ita
1017 3766 1133 3812 sunt
1164 3758 1538 3822 inverecundus,
1584 3767 1638 3811 ut
1662 3755 1816 3811 velint
1836 3758 2053 3810 scortari
2079 3758 2130 3811 in

527 3830 836 3903 propatulis.

634 3904 684 3974 ti)
726 3902 818 3961 Sic
860 3914 996 3961 mss.
1030 3900 1101 3974 At
1132 3899 1297 3963 Editi.
1324 3900 1572 3974 exercuit.

629 3968 677 4046 ο)
720 3975 901 4045 Longe
943 3972 1241 4046 mallemus
1268 3971 1335 4046 ad
1356 3970 1671 4046 audendum.
1702 3968 1866 4046 Certe
1904 3986 2024 4029 cum
2055 3970 2136 4026 his

530 4042 779 4120 apprime
802 4042 1075 4120 convenit,
1103 4043 1245 4120 quod
1276 4042 1786 4120 Sulpicius.Sever.,
1816 4043 1907 4096 lib.
1927 4057 1987 4108 ιι,
2016 4059 2140 4120 nar:

530 4112 621 4175 rat
648 4116 1033 4173 Mediolanensi
1062 4112 1274 4185 synodo
1317 4128 1386 4168 an
1414 4112 1520 4170 555
1553 4112 1754 4169 factum
1804 4128 1959 4168 esse:
1996 4113 2139 4182 quod

531 4190 793 4245 nimirum
832 4186 1023 4243 Valens
1040 4196 1087 4240 et
1115 4185 1363 4241 Ursacius
1388 4187 1658 4255 cteterique
1679 4193 1816 4240 metu
1845 4185 2010 4252 plebis
2038 4203 2142 4239 non

531 4261 648 4315 ausi
678 4261 883 4333 piacula
910 4258 1164 4333 proﬁteri,
1194 4257 1462 4333 epistolam
1482 4257 1574 4310 sub
1603 4255 1940 4333 Imperatoris
1973 4259 2141 4333 nanti-

534 4347 603 4385 ne
625 4328 832 4385 mittunt
857 4328 994 4384 omini
1019 4330 1268 4400 pravitate
1309 4328 1570 4397 refertam,
1602 4346 1660 4383 eo
1689 4328 1929 4384 nimirum
1974 4330 2145 4385 comt-

539 4402 632 4467 lio,
666 4410 721 4454 ut
744 4402 787 4454 si
824 4417 884 4454 ea
930 4398 1092 4466 (cquis
1117 4398 1330 4453 auribus
1355 4401 1579 4471 papulas
1619 4402 1911 4471 recepisset,
1940 4400 2146 4471 publica

538 4473 845 4527 auctoritate
874 4471 1050 4537 cupita
1073 4471 1380 4540 proferrent.
1409 4469 1507 4525 Sin
1527 4469 1679 4524 aliter
1705 4469 1882 4542 fuisset
1910 4469 2144 4540 recepta,

537 4544 706 4599 omnis
725 4543 919 4597 invidia
946 4550 1074 4595 esset
1101 4541 1154 4594 in
1192 4557 1328 4612 rege,
1358 4551 1404 4596 et
1428 4542 1540 4613 ipsa
1560 4541 1713 4596 etiam
1749 4543 1958 4598 veniatis
1987 4586 2000 4605 .
2026 4545 2149 4612 quia

539 4617 695 4670 etiam
745 4624 855 4669 tum
891 4613 1281 4668 calce/tumentis
1327 4622 1700 4667 sacramentum
1730 4613 1849 4682 ﬁdei
1878 4616 2056 4670 merito
2075 4616 2149 4669 vi-

539 4687 753 4759 deretur
777 4686 1003 4759 potuisse
1048 4684 1261 4738 nescire.
1290 4683 1380 4759 Ex_
1415 4683 1516 4759 hac
1548 4700 1709 4759 porro
1730 4673 1953 4759 synodo
1983 4686 2140 4741 Luci-
2168 4673 2225 4734 D

539 4757 624 4814 fer
649 4754 869 4813 Calarit.
908 4766 963 4810 ut
994 4760 1109 4825 ipse
1158 4764 1341 4810 narrat
1366 4756 1524 4810 initio
1553 4755 1698 4823 libri,
1723 4754 1882 4825 quem
1911 4757 2144 4813 Morien-

541 4828 675 4884 dum
701 4842 823 4884 csse
846 4843 943 4898 pro
965 4827 1057 4881 Dei
1108 4826 1219 4881 lilio
1243 4827 1543 4898 inscripsit,
1572 4843 1695 4884 cum
1722 4826 2039 4883 Constantio
2058 4829 2146 4883 iu-

541 4908 628 4956 tra
669 4900 847 4971 velum
892 4899 1052 4952 stanti
1099 4898 1535 4971 contradisisset,
1588 4901 1642 4955 in
1689 4901 1911 4956 exilium
1959 4901 2146 4971 pulsus

543 4979 649 5026 est.
680 4970 825 5026 Pulsi
856 4971 1020 5025 etiam
1057 4976 1183 5023 sunt
1224 4970 1470 5026 eamdem
1509 4973 1580 5027 ob
1619 4986 1835 5027 causam
1884 4970 2145 5028 Eusebius

545 5041 807 5170 Vgercellq
841 5039 1130 5113 Dionysius
1155 5038 1440 5097 Mediolan.
1487 5058 1553 5099 ac
1599 5044 1943 5113 postmodum
1978 5043 2141 5100 Libe-

545 5128 577 5170 r
601 5129 685 5169 us.

543 5128 685 5170 rtus.

621 5184 703 5258 (tt)
743 5183 803 5240 la
830 5181 1069 5258 excusis,
1093 5183 1400 5258 uetanti-um.
1421 5183 1755 5258 Conciunius
1772 5186 1836 5258 in
1884 5201 2019 5245 mss.
2046 5186 2142 5239 ad-

548 5252 885 5322 hortantium,
931 5254 1050 5309 scil.
1093 5252 1341 5318 Eudoxii,
1373 5254 1576 5318 Acacii.
1619 5256 1826 5324 Uranii,
1878 5258 2139 5325 Valentis,

545 5336 680 5399 etc.,
702 5338 933 5399 quorum
957 5325 1178 5399 haeresis
1195 5339 1290 5393 per
1308 5326 1582 5393 Basilium,
1602 5327 1961 5395 Eustathium,
1980 5328 2139 5383 Eleu-

550 5398 693 5454 sium
720 5394 780 5455 et
806 5396 1096 5470 iacentium
1122 5394 1424 5467 Aucyranse
1449 5399 1641 5470 synodi
1670 5398 1874 5470 legatos
1903 5394 2139 5469 patefac-

554 5476 631 5539 ta,
664 5472 926 5525 conﬂnuo
953 5470 1023 5524 ab
1065 5468 1391 5539 Imperatore
1436 5468 1688 5524 damnata
1728 5468 1837 5535 est,
1881 5468 1939 5525 ut
1964 5481 2148 5527 narrat

555 5536 912 5607 Sozomeuus,
942 5541 1033 5594 lib.
1062 5536 1216 5606 tv,'c.
1247 5538 1381 5594 ﬂet
1411 5540 1495 5595 l5.

631 5608 701 5679 (e)
731 5610 893 5675 Editi,
949 5621 1128 5664 coacta
1153 5629 1187 5665 ιι
1221 5609 1401 5666 nobis:
1444 5610 1720 5666 mendose.
1764 5612 1957 5666 Sermo
2000 5614 2145 5669 enim

560 5686 645 5734 est
671 5680 738 5733 ad
764 5680 967 5750 legatos
995 5682 1331 5753 Ancyranos,
1355 5682 1448 5753 qui
1475 5681 1757 5737 Valentem
1782 5692 1839 5738 et
1869 5682 2145 5740 Ursacium

568 5762 877 5824 coegerunt_
908 5752 1261 5822 ignorantiam
1310 5752 1489 5822 lateri,
1520 5754 1602 5810 uti
1672 5753 1785 5824 jam
1854 5753 2151 5812 indicatum

568 5829 652 5875 est
670 5834 819 5875 num.
847 5821 883 5876 ὃ
910 5835 965 5877 et
990 5825 1081 5878 65.

646 5888 716 5967 (Γ)
755 5889 817 5953 In
855 5893 1065 5969 αιίίιιιοι
1111 5909 1250 5964 mss.
1282 5897 1371 5961 hic
1394 5897 1632 5981 additur,
1662 5899 1912 5981 numquid
1949 5900 2159 5980 ignora-

2209 1962 2337 2036 25):
2386 1971 2447 2019 ut
2473 1963 2687 2021 Patrem
2726 1967 2932 2022 honore
2959 1966 3315 2037 prwlerrent?
3356 1966 3632 2038 Numquid
3667 1968 3797 2021 inca

2210 2055 2419 2127 gnitum
2446 2057 2717 2114 habebant
2750 2058 2963 2115 Patrem
3012 2059 3067 2115 in
3097 2057 3235 2115 Filio
3257 2058 3427 2115 videri
3476 2056 3663 2132 (Joau.
3703 2073 3798 2123 xiv,

2212 2149 2302 2222 9):
2334 2162 2391 2207 ut
2419 2150 2591 2207 Filius
2629 2152 2772 2223 apud
2799 2166 2895 2208 eos
2921 2152 3204 2224 dignitate,
3235 2153 3501 2217 claritate,
3532 2152 3804 2222 majestate

2212 2242 2486 2299 dilferret?
2516 2246 2595 2300 An
2635 2245 2813 2301 ethoc
2832 2260 2896 2301 ex
2940 2246 3238 2317 ignorantia
3269 2247 3436 2310 venit,
3466 2253 3523 2299 ut
3550 2260 3683 2300 cum
3703 2257 3796 2299 cat-

2222 2336 2354 2391 teris
2399 2335 2544 2391 Patri
2589 2336 2864 2408 subjectus
2893 2339 2963 2392 sit
2993 2337 3191 2394 Filius:
3223 2346 3280 2393 ut
3304 2336 3433 2393 dum
3455 2351 3576 2391 cum
3608 2336 3805 2391 czeteris

2221 2426 2528 2499 subjicitur,
2564 2445 2670 2485 non
2712 2428 3049 2486 discernatur
3070 2446 3099 2484 a
3124 2430 3379 2486 caeteris?
3407 2445 3528 2485 cum
3558 2429 3808 2500 subjectio

2222 2522 2347 2580 Filii
2377 2534 2583 2580 natura;
2604 2523 2683 2599 (lt)
2706 2525 2878 2596 pietas
2899 2525 2989 2591 sit,
3014 2525 3277 2596 subjectio
3303 2533 3480 2580 autem
3502 2533 3809 2579 exterarum

2224 2619 2517 2676 creationis
2566 2620 2855 2676 lulirmitas
2898 2617 2990 2675 sit.
3025 2618 3250 2674 Passum
3293 2618 3511 2691 quidem
3539 2617 3807 2673 sciebant:

2225 2712 2323 2769 sed
2347 2713 2550 2782 dicant,
2597 2728 2715 2779 oro,
2764 2728 3107 2787 compassum
3171 2713 3235 2785 (i)
3291 2713 3512 2785 quando
3551 2727 3809 2783 cognove-

2226 2805 2390 2862 runt?
2422 2806 2641 2862 Evitaut
2688 2807 3009 2863 homousion
3052 2816 3106 2863 et
3154 2806 3520 2872 hommusion,
3545 2807 3672 2879 quia
3702 2821 3812 2860 nus-

2226 2980 2408 3043 verunt
2434 2970 2791 3027 homteusion?
2834 2969 2992 3040 Apud
3036 2971 3336 3043 Ancyrana:
3375 2970 3567 3043 synodi
3601 2969 3812 3043 legatie,

2227 3043 2317 3111 qui
2348 3042 2669 3097 homousion
2694 3051 3031 3110 respuerant,
3062 3058 3125 3097 ea
3152 3042 3363 3108 valebat
3390 3042 3697 3111 excusatio,
3718 3057 3811 3111 qua

2230 3108 2502 3168 liomousii
2546 3126 2600 3170 et
2641 3108 2929 3169 hommusii
2965 3129 3127 3168 unam
3168 3124 3224 3169 et
3261 3108 3509 3170 eamdem
3555 3108 3786 3183 signiﬁca

2231 3186 2433 3241 tionem
2458 3200 2517 3240 se
2546 3186 2888 3242 existimasse
2921 3185 3275 3254 reponebam.

2301 3258 2381 3330 (9)
2429 3256 2580 3330 Haud
2627 3256 2789 3330 aliter
2839 3257 3076 3330 Africani
3113 3257 3265 3326 jussu
3304 3257 3811 3330 Hunericiinuuum

2227 3327 2687 3413 coact-insubiecto
2722 3327 2899 3413 Esaiae
2920 3329 3039 3384 loco
3078 3330 3419 3413 responderit.
3460 3330 3596 3413 apud
3627 3328 3801 3411 'Victu-

2227 3418 2341 3457 rem
2374 3400 2503 3465 \‘it.,
2529 3396 2621 3454 lib.
2666 3415 2723 3453 ιιι
2762 3398 2830 3453 de
2864 3400 3077 3456 Perscc.
3116 3398 3318 3458 Αἰτίαι
3352 3396 3537 3455 Divina
3558 3402 3709 3459 enim,
3740 3402 3811 3450 is.-

2228 3474 2435 3544 qniunt,
2488 3473 2747 3544 generatio
2794 3471 3158 3527 inenarrabilis
3201 3483 3300 3537 est,
3351 3489 3456 3527 non
3510 3472 3811 3544 ignorabitis.

2233 3543 2376 3599 Nam
2416 3559 2576 3611 usque
2616 3541 2747 3597 adeo
2773 3560 2873 3597 non
2893 3554 2970 3614 est
2997 3544 3321 3614 ignorabilis,
3355 3544 3411 3598 id
3432 3554 3503 3598 est
3522 3541 3543 3610 ,’
3565 3561 3663 3598 non
3684 3544 3813 3614 igna-

2239 3625 2385 3675 ratur
2428 3615 2565 3687 u_nde
2591 3615 2681 3680 sit,
2713 3625 2766 3667 ut
2793 3624 2841 3671 et
2883 3612 3041 3673 Pater
3071 3616 3135 3670 de
3156 3632 3208 3667 se
3237 3619 3355 3687 ipso
3380 3619 3632 3687 genuisse,
3651 3628 3694 3667 et
3734 3613 3807 3671 Ιί-

2232 3688 2334 3743 lius
2354 3689 2415 3742 de
2441 3684 2594 3740 Patre
2624 3696 2868 3740 senatum
2890 3687 3167 3755 saepissime
3190 3684 3512 3756 protestatur.
3545 3686 3717 3741 Altera
3740 3703 3813 3747 in;

2236 3758 2384 3814 tiuuc
2438 3757 2763 3812 i’ltmbadins
2808 3757 3124 3812 Sirmieusis
3167 3756 3414 3814 formulae
3463 3769 3707 3813 auctam
3747 3758 3814 3808 sic

2236 3831 2455 3899 sugillat
2482 3847 2502 3901 :A
2543 3827 2691 3883 Illud
2730 3837 2900 3882 autem
2937 3832 3052 3901 quis
3075 3833 3209 3901 ferre
3236 3833 3419 3901 possit,
3466 3840 3522 3885 ut
3542 3846 3686 3899 quem
3727 3830 3814 3901 iui-

2237 3904 2364 3959 tiutii
2412 3899 2598 3973 habere
2646 3918 2739 3971 pro
2767 3909 2902 3973 certo
2942 3899 3197 3973 asserunt,
3224 3899 3382 3973 hujus
3411 3902 3713 3973 nativitatem
3732 3900 3815 3973 Ιιατ

2240 3974 2388 4028 beant
2449 3972 2503 4025 in
2559 3966 2847 4027 incertum?
2900 3972 3104 4028 Eodem
3145 3966 3352 4030 sui-ctat
3401 3966 3533 4030 illud
3579 3970 3811 4029 Victorini

2240 4046 2395 4101 initio
2427 4043 2529 4116 id).
2563 4058 2579 4098 ι
2626 4053 2809 4098 contra
2859 4045 3082 4116 Arium:
3114 4043 3275 4099 Addit
3345 4044 3609 4116 Eusebius
3642 4043 3813 4116 princi-

2244 4118 2414 4189 piunt
2438 4112 2569 4169 Filii
2599 4115 2723 4189 sciri
2754 4130 2847 4189 nec
2898 4116 2961 4189 ab
2993 4115 3197 4172 homine
3217 4133 3386 4187 posse,
3427 4133 3518 4172 nec
3558 4112 3814 4189 ob'aliqua

2244 4186 2508 4260 superiore
2530 4187 2609 4240 vel
2634 4186 2861 4251 potentia
2884 4186 3391 4260 vel_excogitatione:
3422 4198 3471 4242 et
3499 4188 3649 4242 audet
3662 4198 3809 4260 tamen

2245 4257 2416 4313 dicere
2468 4257 2769 4329 ﬁgmentum
2813 4274 2922 4313 esse
2949 4257 3165 4321 Filium,
3210 4260 3472 4314 voluntate
3512 4270 3559 4314 et
3593 4258 3814 4314 sententia

2247 4329 2425 4385 Patris
2473 4329 2765 4384 subsistere.
2800 4331 3059 4395 Apposite
3101 4330 3357 4386 Leontius
3386 4334 3526 4386 hanc
3555 4330 3812 4385 hmreticti-

2248 4402 2438 4473 rumin
2457 4400 2652 4473 divinis
2676 4400 2945 4473 mysteriis
2960 4403 3277 4473 ignorantiae
3303 4402 3701 4471 professionem,
3720 4416 3811 4466 om

2249 4471 2542 4529 iucll‘abilia
2571 4485 2636 4526 ea
2664 4471 2784 4527 esse
2809 4471 3014 4541 volunt,
3032 4484 3190 4529 vocat
3208 4475 3542 4529 reverentiam
3569 4492 3598 4528 ιι
3620 4488 3807 4527 rnam-

2252 4545 2325 4598 tia
2376 4559 2551 4598 revera
2596 4544 2853 4616 alienam:
2879 4546 3079 4616 quippe
3116 4546 3204 4616 qui
3245 4556 3303 4599 ut
3349 4546 3560 4600 licenter
3586 4545 3811 4613 ὴιιρὶριειιε

2254 4617 2554 4679 abutantur,
2577 4616 2645 4688 ad
2686 4615 2907 4670 honesta
2923 4615 3147 4672 nomina
3166 4627 3429 4687 tamquam
3451 4619 3519 4672 ad
3550 4630 3811 4688 propinare.

2251 4688 2424 4762 culum
2470 4686 2729 4762 quoddam
2750 4688 2979 4762 validum
3013 4689 3488 4762 “inexpugnabile
3515 4686 3804 4759 confugiunt.

2248 4760 2456 4834 Contra
2480 4759 2779 4813 christiana
2824 4760 3023 4834 pietas,
3067 4761 3118 4834 i_u
3152 4759 3351 4834 divinis
3396 4762 3683 4834 mysteriis,
3710 4773 3808 4834 uta-

2246 4846 2411 4901 guum
2444 4831 2585 4885 inter
2618 4845 2729 4884 rem
2761 4827 2948 4900 reique
2972 4830 3190 4886 modum
3229 4833 3378 4886 novit
3404 4827 3605 4901 ponere
3640 4827 3806 4901 discri-

2250 4897 2373 4955 ineu
2403 4918 2417 4966 ;
2452 4917 2628 4971 neque
2676 4917 2790 4957 rem
2819 4897 2875 4956 in
2901 4903 3122 4957 dubium
3150 4914 3305 4960 vocat
3337 4897 3666 4964 eo'obtentu,
3685 4897 3805 4968 quod

2249 4972 2468 5045 modum
2502 4972 2741 5033 nesciat:
2776 4972 2870 5045 sed
2912 4974 2982 5029 de
3000 4975 3216 5030 caeteris
3246 4978 3433 5039 sentit,
3467 4975 3605 5045 quud
3625 4975 3684 5026 de
3707 4972 3805 5045 [tuo

2247 5044 2590 5100 sentiendum
2621 5045 2783 5099 tradit
2803 5044 3064 5113 Hilarius,
3095 5046 3187 5101 lib.
3212 5062 3251 5101 ιι
3271 5048 3341 5102 de
3358 5041 3512 5103 Trin.
3543 5065 3595 5101 ιι.
3618 5047 3675 5099 7:
3701 5041 3809 5095 Per-

2244 5115 2381 5185 fecta
2406 5116 2616 5193 scientia
2646 5126 2751 5193 est,
2782 5117 2855 5171 sic
2885 5116 3049 5193 D_eum
3080 5117 3229 5183 scire,
3266 5128 3322 5174 ut
3359 5135 3464 5174 non
3486 5114 3802 5193 ignorabit“.

2244 5197 2413 5243 tamen
2439 5186 2828 5242 inenarrabilem
2854 5189 3010 5244 scias.

2315 5259 2395 5332 (Ιι)
2427 5259 2525 5314 ilic
2572 5258 2722 5332 locus
2744 5259 2884 5332 apud
2907 5261 3062 5325 Bad.,
3116 5260 3210 5317 Er.
3244 5271 3301 5318 et
3333 5261 3457 5319 Μὶν.
3500 5272 3582 5318 est
3624 5256 3807 5332 omnino

2243 5329 2586 5403 depravatus.
2620 5329 2677 5384 in
2706 5330 3031 5403 editionibus
3068 5332 3210 5398 aliis,
3260 5346 3464 5389 natura
3529 5331 3804 5403 proprietas.

2244 5418 2352 5475 non
2403 5402 2565 5475 pietas
2592 5417 2620 5475 7:
2672 5402 2815 5472 quod
2856 5405 3124 5475 malumus
3147 5419 3270 5459 cum
3300 5420 3432 5459 mss.
3464 5402 3555 5460 Sic
3577 5402 3738 5473 supra,
3760 5415 3803 5452 n-

2252 5473 2315 5528 5l
2340 5491 2378 5546 As,
2404 5471 2626 5546 Pietatis
2652 5471 2897 5546 subjectio
2919 5491 3022 5530 non
3049 5487 3123 5530 est
3150 5478 3385 5531 essentia
3412 5471 3694 5531 diminutio.

2326 5544 2391 5617 (i)
2416 5545 2595 5617 Editi,
2624 5541 2881 5614 quomodo
2921 5557 3284 5617 cognoverant.
3311 5547 3515 5603 Eadem
3539 5541 3804 5617 Sinuieasis

2253 5615 2607 5687 blasphemia:
2648 5617 2813 5687 verba
2859 5615 3061 5687 pariter
3086 5615 3806 5687 agnostntPlttBbadiuslrau'

2255 5686 2325 5742 de
2369 5684 2446 5761 ac
2479 5701 2687 5761 veneno
2732 5684 2956 5755 referta,
3005 5684 3181 5761 eaque
3209 5706 3376 5761 prope
3425 5690 3586 5746 simili
3636 5684 3805 5761 raticiae

2258 5755 2827 5835 convellit._Primum,
2878 5755 3226 5831 inquitfnon'
3252 5764 3396 5818 video
3446 5779 3537 5819 cur
3578 5755 3805 5835 molliens!

2258 5831 2664 5909 compassibilem
2685 5833 2875 5909 dicere,
2896 5830 3055 5905 quam
3092 5836 3247 5892 libere
3273 5838 3565 5909 passibilem
3591 5830 3801 5909 conﬁteri.

2265 5897 2426 5993 Quasi
2450 5919 2566 5973 vero
2590 5904 2735 5966 aliud
2762 5906 2829 5967 sit
2855 5897 3263 5997 compungunt
3273 5897 3408 5994 puti.
3427 5907 3591 5985 Porro
3609 5897 3806 5969 Mei
