3996 6330
211 322 322 380 555

210 455 377 513 quam
425 439 687 511 scriptum
711 439 820 496 sit:
879 453 1064 511 quaero
1111 451 1455 510 compassum
1501 449 1625 493 esse
1675 433 1816 491 unde
1841 435 1895 498 Α

208 535 702 608 priesumpserint?
739 537 847 592 Aut
875 536 1136 608 numquid
1165 535 1359 591 volunt
1383 534 1519 591 duos
1561 547 1683 589 esse
1723 532 1816 603 qui

210 629 359 699 passi
387 629 554 684 sunt?
603 629 657 684 id
686 630 830 685 enim
876 630 1183 700 compassio
1234 637 1482 686 testatur.
1525 625 1630 683 Ubi
1684 625 1815 682 illud

207 733 296 781 est
324 722 476 780 Iesus
503 723 738 780 Christus
768 721 938 780 Filius
983 723 1122 780 Dei?
1151 733 1242 780 aut
1290 721 1552 794 numquid
1571 721 1708 777 alius
1728 729 1814 777 est

200 817 368 874 Jesns
397 815 666 887 Christus,
709 819 851 875 alius
899 819 1045 875 ﬁlius
1074 819 1212 875 Dei?
1239 818 1296 876 Si
1340 835 1446 874 non
1479 817 1620 873 idem
1649 826 1811 886 atque

203 928 351 968 unus
382 913 520 967 intra
544 922 808 980 extraque
837 911 933 967 Dei
957 911 1101 967 ﬁlius
1128 920 1247 979 est;
1277 910 1486 967 credite
1514 907 1592 983 (a)
1623 909 1674 963 in
1706 908 1807 963 Ito-

201 1005 423 1061 monsio
474 1004 888 1076 ignorationem,
940 1005 987 1060 si
1024 1004 1142 1060 haec
1192 1004 1429 1076 ignorari
1455 1003 1600 1058 licet.
1628 1002 1686 1058 Si
1714 1017 1809 1057 au-

201 1110 316 1156 teni
366 1100 422 1155 itt
468 1099 550 1154 his
579 1099 713 1169 ipsis
736 1099 853 1170 ipsa
903 1100 993 1154 illa
1042 1099 1308 1171 ignoratio
1336 1097 1497 1165 impia
1544 1104 1647 1162 est,
1686 1111 1808 1166 qua:

198 1202 384 1248 tanien
418 1208 523 1248 non
554 1202 754 1263 potest,
781 1207 882 1248 nec
931 1190 1090 1258 falso,
1120 1193 1406 1257 excusari;
1435 1205 1630 1245 vereor
1654 1203 1721 1243 ne
1748 1197 1807 1245 et

202 1288 284 1355 (b)
313 1287 604 1343 honunusii
628 1287 1019 1358 ignorationem
1043 1285 1311 1356 professio
1342 1283 1652 1339 mentiatur.
1684 1281 1802 1339 Non

196 1399 406 1454 queror
453 1380 744 1437 admodum
811 1381 878 1436 de
931 1381 1086 1435 venia
1111 1394 1270 1450 quam
1322 1377 1488 1450 508
1539 1377 1801 1433 dedlStis:

193 1476 519 1548 religiosum
569 1483 655 1529 est
711 1474 822 1529 Deo
875 1488 974 1528 sua
1003 1488 1304 1535 reservare,
1352 1482 1406 1526 et
1451 1469 1803 1540 ignorationis

190 1584 356 1624 error
384 1569 653 1624 humanus
693 1576 798 1624 est.
823 1567 928 1622 Sed
956 1567 1238 1637 ignoscant
1267 1565 1398 1619 mihi
1422 1564 1532 1635 jam
1551 1563 1660 1618 duo
1684 1562 1800 1633 epi-

190 1664 350 1734 scopi
378 1661 580 1718 Valens
619 1671 674 1716 et
703 1660 981 1728 Ursacius,
1010 1657 1154 1729 quod
1181 1673 1274 1714 eos
1304 1657 1376 1730 (ε)
1411 1673 1507 1726 pro
1534 1664 1694 1710 a'tate
1717 1665 1801 1710 at-

188 1772 304 1826 que
333 1753 725 1810 exercitatione
775 1767 874 1808 sua
901 1753 1178 1823 ignoraSse
1222 1764 1328 1804 non
1351 1749 1535 1804 credo.
1561 1747 1632 1803 Et
1659 1746 1800 1802 difﬁ-

1008 314 1214 374 LIBER
1249 315 1340 376 DE
1379 311 1694 382 SYNODIS,
1731 309 1865 371 SEU
1907 311 1996 369 DE
2035 311 2192 370 FIDE
2216 311 2708 373 ORIENTALIUM.

3413 319 3521 376 554

1989 432 2079 489 8i.
2121 432 2357 506 Epistula
2377 433 2631 491 Sirmium
2649 435 2822 491 delata
2843 435 2907 492 de
2934 435 3190 494 homousii
3215 446 3267 494 et
3289 439 3517 495 hamum-

1917 528 1983 583 sii
2013 529 2350 599 expositione.
2379 527 2704 585 Homousion
2725 531 2788 586 ob
2814 533 3129 588 nativitatem
3155 533 3291 590 male
3311 536 3514 606 respui-

1915 622 2432 691 tur.—Epistolam
2461 663 2479 692 ,
2527 638 2688 694 quam
2725 639 2758 680 a
2805 626 2959 682 vobis
3009 626 3080 683 de
3142 628 3410 684 homousii
3458 637 3515 685 et

1913 715 1983 772 de
2046 714 2332 772 homteusii
2406 716 2742 786 expositione
2797 718 2937 789 apud
3009 718 3263 777 Sirmium
3314 719 3515 778 Valens

1912 817 1968 865 et
1999 807 2251 864 Ursacius
2295 815 2352 864 et
2389 807 2696 868 Germinius
2757 823 3121 882 poposcerunt
3175 814 3300 887 legi,
3357 816 3516 870 intel-

1914 897 2031 975 ligo
2068 903 2123 958 in
2171 902 2490 974 quibusdam
2542 919 2650 960 non
2705 906 2883 961 minus
2946 908 3108 980 509
3155 911 3516 980 circumspec-

1911 1005 2019 1052 tam
2050 1011 2171 1052 esse
2187 1039 2201 1063 ,
2224 1012 2383 1068 quam
2409 997 2653 1054 liberam.
2679 999 2746 1054 Et
2773 1000 2887 1070 ipsa
2911 1001 3176 1058 homousii
3197 1010 3254 1060 et
3273 1004 3517 1060 hommu-

1909 1087 1974 1144 sii
2001 1089 2392 1144 demonstratio
2422 1090 2555 1144 nihil
2581 1090 2798 1161 reliquit
2822 1091 3174 1150 difﬁcultatis.
3206 1096 3273 1151 Et
3294 1096 3511 1168 quidem

1909 1181 1975 1238 de
2014 1181 2348 1247 bommusio,
2389 1183 2533 1254 quod
2562 1192 2644 1238 est
2685 1184 2879 1240 similis
2918 1186 3201 1254 essentize,
3228 1203 3514 1246 commune

1902 1276 2163 1348 judicium
2195 1287 2296 1333 est.
2333 1278 2409 1332 De
2439 1277 2724 1333 homousio
2751 1293 2880 1334 vero
2901 1321 2916 1345 ,
2947 1279 3091 1350 quod
3117 1290 3200 1335 est
3240 1281 3400 1337 unius
3423 1299 3512 1338 es-

1907 1375 2129 1441 sentiae,
2156 1382 2479 1442 tractantes,
2514 1374 2744 1442 primum
2773 1373 2978 1430 idcirco
3005 1376 3366 1444 respuendum
3391 1393 3513 1448 pro-

1906 1465 2224 1532 nuntiastis,
2267 1469 2393 1536 quia
2436 1482 2531 1536 per
2561 1466 2713 1522 verbi
2743 1465 2901 1536 hujus
2929 1469 3357 1524 enuntiationem
3387 1469 3514 1524 sub-

1904 1562 2099 1618 stantia
2132 1561 2278 1632 prior
2307 1562 2725 1632 intelligeretur,
2755 1577 2917 1632 quam
2950 1561 3057 1618 duo
3078 1563 3219 1617 inter
3242 1577 3303 1618 se
3333 1561 3515 1629 partiti

1903 1666 2105 1714 essent.
2142 1653 2391 1724 Intelligo
2426 1653 2614 1709 vitium
2654 1654 2710 1709 in
2740 1653 3113 1724 intelligentia.
3151 1654 3214 1709 Et
3252 1653 3512 1724 profanus

1903 1747 1991 1803 hic
2023 1763 2216 1804 sensus
2241 1757 2354 1817 est,
2382 1758 2438 1805 et
2472 1749 2744 1804 communi
2783 1747 2988 1819 judicio
3035 1749 3104 1804 ab
3146 1747 3388 1805 Ecclesia
3429 1764 3514 1803 re-

186 1851 460 1905 cillitnum
490 1857 574 1904 est
601 1863 672 1903 ne
712 1847 929 1902 mentiri
967 1844 1376 1910 existimentur,
1407 1844 1498 1914 qui
1525 1859 1583 1898 se
1611 1843 1664 1897 in
1693 1841 1799 1897 alio
1827 1844 1876 1905 B
1902 1841 2199 1912 spuendus.
2233 1841 2485 1898 Secundo
2510 1857 2725 1913 quoque
2750 1841 2804 1896 id
2834 1841 3137 1905 addidistis,
3158 1843 3302 1914 quod
3333 1850 3514 1912 patres

191 1945 280 2017 (ά)
310 1943 529 2016 negotio
568 1958 676 1997 non
704 1949 933 2014 possunt
960 1940 1062 1995 nisi
1091 1937 1376 1995 mendacio
1406 1951 1658 2007 purgare.
1687 1935 1796 1992 Sed

188 2036 460 2091 Dominus
484 2037 586 2091 hoc
616 2036 787 2106 magis
812 2035 1033 2096 tribuat.
1091 2042 1153 2090 ut
1187 2047 1286 2086 nos
1317 2032 1459 2086 male
1488 2032 1792 2102 opinemur,

185 2145 359 2200 quam
386 2129 461 2184 illi
491 2126 564 2202 (e)
587 2145 695 2184 non
736 2127 1124 2199 ignoraverint.
1153 2126 1294 2181 Malo
1321 2127 1466 2182 enim
1499 2140 1599 2196 ego
1644 2125 1788 2180 male

187 2221 516 2276 existimans
551 2219 802 2292 judicari,
846 2235 1008 2290 quam
1061 2218 1220 2274 ﬁdem
1251 2227 1485 2274 vestram
1526 2216 1798 2274 haeretica:

185 2315 546 2372 conscientia:
569 2315 948 2370 communione
976 2313 1188 2369 violari.

265 2408 360 2465 80.
394 2410 504 2463 Oro
531 2416 710 2463 autem
758 2422 880 2477 vos,
901 2406 1230 2463 sanetissitni
1271 2407 1393 2474 viri,
1424 2416 1482 2462 ut
1504 2421 1626 2462 cum
1657 2405 1796 2462 bona

187 2501 353 2557 venia
391 2500 788 2556 sollicitudines
830 2515 978 2555 meas
1019 2497 1318 2555 :estimetis.
1348 2497 1417 2571 (ι’)
1447 2499 1625 2554 Testis
1653 2499 1795 2555 enim

187 2595 458 2651 Dominus
503 2604 589 2650 est
635 2593 987 2650 conscientiae
1011 2608 1168 2660 mete,
1195 2594 1248 2648 in
1285 2593 1434 2648 nullo
1465 2607 1551 2649 me
1581 2593 1800 2664 exposi-

187 2689 375 2743 tiones
415 2686 535 2754 has,
590 2702 725 2758 quas
777 2687 1034 2743 Sirmium
1079 2686 1370 2752 detulistis,
1422 2684 1547 2741 ﬁdei
1596 2695 1801 2741 vestra:

187 2780 342 2836 velle
366 2778 692 2836 convellere.
721 2779 829 2836 Sed
859 2779 985 2835 date
1015 2779 1249 2847 veniam,
1286 2779 1333 2835 si
1361 2779 1608 2851 quaedam
1640 2778 1800 2834 intel-

189 2873 368 2943 ligere
391 2887 498 2927 non
527 2887 766 2942 possum,
785 2883 840 2928 et
865 2871 1190 2927 consolabor
1212 2887 1330 2927 me:
1358 2872 1481 2942 quia
1510 2871 1643 2941 legi:
1675 2870 1800 2940 Spi-

188 2965 330 3021 ritus
359 2965 728 3037 propltetarum
774 2965 1035 3038 prophetis
1065 2964 1320 3036 subjectus
1346 2974 1420 3020 est
1445 2964 1504 3037 (ι
1533 2962 1654 3020 Cor.
1681 2979 1796 3032 xxv,

188 3057 316 3130 52).
353 3057 429 3114 Ex
454 3074 560 3129 quo
586 3057 726 3114 forte
766 3073 877 3113 non
903 3058 1246 3128 impudenter
1291 3057 1452 3113 etiam
1475 3073 1506 3111 a
1538 3073 1627 3114 me
1658 3073 1797 3127 prte-

190 3150 455 3215 sumitur,
504 3161 562 3204 nt
610 3161 664 3206 et
687 3165 788 3220 ego
819 3151 1137 3225 intelligam,
1194 3149 1335 3220 quod
1375 3149 1513 3204 alius
1563 3149 1794 3220 ignoret.

1901 1937 2089 2003 nostri,
2107 1951 2228 1991 cum
2261 1936 2457 1991 Paulus
2479 1934 2556 2010 (g)
2585 1936 2936 1992 Samosateus
2962 1936 3253 1991 haereticus
3275 1951 3514 2008 pronun-

1902 2029 2064 2085 tiatns
2093 2041 2208 2096 est,
2239 2031 2402 2086 etiam
2433 2030 2754 2086 homousion
2785 2029 3227 2100 repudiaverim:
3259 2031 3384 2102 quia
3409 2046 3510 2102 per

1900 2123 2040 2179 hanc
2066 2123 2225 2178 unius
2253 2123 2507 2179 essentia:
2538 2123 2990 2194 nuncupationem
3019 2122 3321 2178 solitarium
3345 2132 3509 2194 atque

1899 2217 2119 2273 unicum
2166 2217 2268 2273 sibi
2313 2231 2434 2273 esse
2480 2217 2696 2272 Patrem
2727 2227 2785 2272 et
2821 2215 3020 2272 Filium
3061 2214 3411 2286 praedicabat.
3439 2216 3510 2272 Et

1900 2309 2004 2366 hoc
2031 2325 2161 2366 sane
2185 2326 2327 2366 nunc
2354 2325 2569 2382 quoque
2597 2309 3038 2380 profanissimum
3070 2309 3312 2365 Ecclesia
3344 2324 3503 2366 reco-

1901 2403 2110 2475 gnoseit
2134 2445 2150 2470 ,
2181 2403 2394 2458 Patrem
2437 2412 2493 2458 et
2536 2402 2732 2459 Filium
2765 2403 2818 2458 in
2858 2401 2942 2458 his
2987 2403 3268 2458 nominum
3298 2401 3508 2474 profes-

1900 2499 2145 2555 sionibus
2182 2498 2250 2553 ad
2282 2499 2494 2554 unionis
2520 2513 2586 2554 ac
2613 2497 2904 2569 singularis
2931 2495 3277 2552 solitudinem
3317 2505 3509 2566 negata

1900 2604 2253 2662 personarum
2295 2589 2630 2660 proprietate
2671 2603 2949 2644 revocare.
2978 2587 3162 2643 Tertio
3199 2587 3361 2643 etiam
3392 2587 3510 2644 hinc

1901 2698 2061 2740 causa
2102 2681 2445 2754 improbandi
2497 2681 2766 2737 homousii
2813 2689 3238 2736 commemorata
3284 2694 3317 2736 a
3355 2681 3510 2736 vobis

1901 2789 1984 2834 est
2015 2795 2027 2831 :
2061 2775 2186 2847 quia
2215 2777 2267 2830 in
2299 2774 2545 2848 synodo,
2573 2789 2693 2846 qua:
2715 2773 2857 2845 apud
2896 2773 3129 2829 Nicaeam
3172 2773 3306 2842 fuit,
3333 2769 3508 2828 coacti

1900 2879 2085 2941 patres
2109 2869 2277 2924 nostri
2303 2877 2524 2940 propter
2551 2883 2646 2923 eos
2672 2867 2762 2936 qui
2783 2874 3089 2922 creaturam
3120 2865 3316 2922 Filium
3355 2866 3504 2922 dice-

1903 2964 2066 3029 bant,
2096 2977 2292 3018 nomen
2330 2959 2600 3017 bomousii
2640 2959 2964 3016 iudidissent
2993 2977 3007 3014 :
3037 2959 3181 3030 quod
3221 2973 3330 3015 non
3369 2960 3510 3015 reci-

1903 3055 2158 3126 piendum
2191 3054 2392 3109 idcirco
2420 3055 2520 3121 sit,
2563 3055 2686 3124 quia
2718 3067 2987 3123 nusquam
3013 3053 3272 3123 scriptum
3304 3053 3512 3122 reperi-

1904 3158 2071 3204 retur.
2102 3148 2254 3217 Quod
2284 3163 2313 3200 a
2343 3147 2494 3201 vobis
2524 3146 2726 3202 dictum
2757 3146 2888 3201 satis
2927 3146 3115 3201 miror.
3147 3145 3205 3200 Si
3235 3145 3380 3201 enim
3410 3143 3510 3199 ho-

192 3242 320 3300 Non
345 3242 486 3312 quod
516 3241 806 3313 quidquam
835 3256 934 3298 vos
964 3242 1260 3297 secundum
1285 3255 1590 3295 mensuram
1623 3241 1800 3296 scien-
1827 3254 1873 3318 ρ
1904 3244 2150 3298 mousion
2183 3248 2403 3312 propter
2433 3241 2726 3296 novitatem
2756 3238 3147 3310 repudiandum
3178 3239 3283 3307 sit;
3317 3253 3510 3296 vereor

193 3337 291 3392 tia:
331 3337 582 3409 ignorare
607 3352 770 3394 ausus
787 3339 890 3393 sim
916 3337 1126 3394 dicere:
1157 3337 1252 3392 sed
1277 3351 1440 3407 super
1465 3335 1589 3392 fidei
1616 3336 1797 3391 catho-

194 3430 325 3486 licae
363 3431 590 3497 unitate,
635 3431 878 3502 patimini
924 3446 1031 3486 non
1075 3431 1257 3487 minus
1283 3431 1338 3486 in
1359 3431 1515 3488 nobis
1541 3445 1665 3487 esse
1693 3431 1801 3488 sol-

192 3524 563 3595 licitudinum,
595 3541 752 3597 quam
784 3525 838 3581 in
870 3524 1044 3581 vobis.

193 3641 538 3711 impassibilis
587 3643 742 3707 Deus,
781 3643 952 3714 utique
992 3643 1445 3715 incompassibilis.
1498 3641 1632 3696 Tam
1676 3659 1797 3713 ergo

193 3731 503 3781 compassus
541 3731 644 3769 non
685 3724 778 3774 est.
827 3732 979 3782 quam
1005 3731 1094 3769 nec
1121 3732 1301 3785 passus
1331 3724 1426 3781 est,
1462 3731 1524 3768 ea:
1549 3732 1608 3769 ea
1631 3726 1799 3768 tamen

194 3786 499 3858 conditione
524 3803 624 3858 qua
650 3785 806 3842 Deus.
833 3787 912 3842 Ex
962 3803 1088 3857 quo,
1119 3797 1251 3842 utet
1272 3803 1335 3842 ex
1371 3794 1555 3858 nostro
1597 3787 1800 3842 llilario

197 3855 551 3912 manifestum
606 3869 705 3922 est,
733 3855 1016 3914 haereticos
1047 3855 1288 3914 dicentes
1315 3859 1476 3924 ﬁlium
1513 3857 1610 3911 Dei
1637 3861 1800 3912 homi-

198 3945 330 4003 nem
345 3930 414 4003 de
434 3928 606 3984 Maria
625 3933 930 4000 suscepisse,
956 3947 1044 4000 per
1059 3948 1210 3999 quem
1234 3947 1529 4003 compassus
1550 3940 1644 3995 est,
1663 3931 1800 4003 duos

200 4003 260 4056 in
292 4000 514 4055 Christo
537 4005 859 4065 asseruisse,
888 4018 1118 4072 quorum
1153 4017 1288 4056 unus
1303 4000 1446 4056 esset
1477 4001 1797 4071 suscipiens,

200 4074 354 4145 alter
409 4085 735 4145 susceptus,
778 4086 1004 4142 uterque
1061 4090 1193 4130 vero
1238 4073 1526 4143 passibilis.
1581 4073 1713 4127 Nam
1760 4075 1804 4128 si

200 4144 479 4217 dixissent
515 4144 603 4215 per
650 4164 796 4217 quem
835 4163 1017 4216 passus
1071 4157 1178 4212 est;
1221 4155 1550 4217 sequeretur
1602 4156 1806 4217 tantum

199 4215 486 4272 Christum
532 4215 744 4287 passum
776 4234 896 4273 esse
925 4218 1218 4273 secundum
1250 4225 1494 4270 naturam
1539 4215 1806 4270 hominis:

199 4298 263 4343 at
293 4302 419 4342 eum
445 4290 688 4344 scribunt
714 4307 801 4356 per
827 4307 975 4360 quem
997 4305 1293 4360 compassus
1318 4298 1411 4355 est,
1439 4289 1686 4354 passione
1713 4287 1812 4342 ho-

205 4360 378 4415 minis
412 4372 657 4416 natnram
689 4359 847 4416 Verbi
878 4362 1128 4416 similiter
1155 4359 1295 4415 affici
1319 4361 1642 4430 signiﬁcant.

284 4433 362 4499 (a)
404 4432 607 4489 Omnes
640 4448 770 4489 mss.
799 4435 852 4487 in
883 4434 1206 4488 homousion.

281 4503 360 4576 (b)
399 4503 652 4560 Nonnulli
681 4521 811 4560 mss.
843 4521 963 4560 cum
993 4507 1228 4571 exutsis,
1263 4505 1542 4558 homousii.
1580 4503 1813 4576 Rectius

203 4575 393 4642 Colb.,
415 4575 604 4642 Corb.,
632 4577 855 4641 Pratel.,
887 4577 1074 4641 Faur.,
1091 4586 1224 4643 etc.,
1245 4577 1531 4631 homaeusii.
1557 4575 1651 4630 llic
1675 4575 1814 4629 redit

209 4647 454 4703 Hilarius
497 4651 562 4703 ad
605 4650 658 4705 id
702 4650 843 4719 quod
880 4651 991 4719 jam
1047 4648 1311 4703 delibarat
1353 4650 1559 4714 dicens,
1595 4647 1660 4700 Et
1697 4647 1813 4715 ipsa

203 4720 308 4774 illa
337 4736 474 4773 nunc
509 4737 733 4790 praesens
773 4722 1078 4790 subscriptio
1126 4737 1228 4774 non
1255 4729 1389 4775 caret
1419 4720 1681 4790 falsitate:
1717 4723 1812 4771 Ito-

201 4791 430 4846 Inaeusii
457 4802 659 4858 autem,
681 4809 785 4849 non
820 4793 1085 4846 homousii
1117 4792 1441 4860 professioni
1471 4791 1814 4847 subscribere

203 4864 390 4935 coacti
431 4872 575 4918 sunt.
609 4865 715 4921 Sed
762 4880 921 4935 quam
967 4879 1094 4919 vere
1116 4865 1183 4918 de
1215 4863 1443 4920 Ursaeio
1481 4874 1536 4917 et
1590 4863 1814 4916 Valente

204 4934 580 4991 subodoratus
644 4939 749 5005 sit,
779 4934 873 4992 eos
900 4953 1003 4990 non
1031 4952 1096 4991 ex
1126 4937 1307 4990 animo
1337 4935 1675 4990 hommusion
1698 4948 1815 4989 sus-

207 5009 452 5078 cepisse,
500 5010 653 5066 testis
691 5019 774 5066 est
828 5009 1134 5066 Gertniuius
1180 5007 1506 5078 Fragmento
1537 5023 1627 5071 xv,
1659 5021 1715 5059 n.
1747 5006 1813 5059 ὅτ

211 5077 393 5135 Miror
440 5093 632 5149 autem,
666 5083 837 5153 inquit
864 5081 1178 5134 nominatim
1226 5077 1307 5132 dei
1327 5079 1571 5153 Valente,
1600 5077 1817 5153 puelliq-

213 5162 330 5206 tum
368 5153 628 5208 Valentem
655 5149 755 5208 aut
769 5155 981 5208 oblitum
1008 5169 1132 5213 esse,
1161 5162 1248 5205 aut
1270 5161 1404 5205 certe
1426 5150 1639 5204 subdole
1665 5149 1819 5202 dissi-

211 5226 420 5279 mulare
444 5227 582 5298 quod
603 5227 655 5298 in
686 5226 998 5296 praeteritum
1019 5233 1211 5298 gestum
1230 5225 1314 5288 sit,
1347 5232 1474 5286 etc.,
1492 5220 1700 5291 quando
1727 5218 1820 5298 Fi-

213 5298 354 5351 lium
380 5292 602 5352 similem
628 5292 778 5352 Patri
804 5314 892 5368 per
942 5292 1112 5368 ciuilia
1153 5312 1261 5348 esse
1310 5310 1463 5368 manu
1488 5292 1822 5368 nostrausub-

210 5370 541 5436 scripsimus.
582 5370 785 5438 Quippe
804 5364 900 5422 isti
920 5367 1040 5429 duo,
1070 5377 1126 5420 ut
1150 5374 1301 5420 notat
1327 5367 1602 5438 Socrates,
1636 5364 1728 5418 lib.
1753 5379 1822 5438 _tt,

211 5433 345 5509 cap.
377 5441 480 5495 57:
516 5433 733 5511 semper
766 5441 833 5495 ad
856 5455 1028 5494 eorum
1056 5447 1224 5510 partes
1250 5437 1558 5503 transibant,
1590 5438 1675 5506 qui
1708 5433 1823 5505 plus

214 5530 374 5584 posse
402 5513 715 5567 viderentur.

300 5587 377 5657 (ο)
403 5584 468 5640 Ut
498 5598 622 5654 pote
663 5585 753 5654 qui
776 5598 922 5657 anno
941 5582 1049 5638 555
1077 5581 1243 5657 Tyrio
1269 5577 1632 5657 c0ncil_iabulo
1655 5579 1824 5634 inter-

215 5653 462 5722 fuerant,
489 5653 543 5710 et
563 5653 761 5712 abhinc
783 5670 878 5725 per
897 5655 969 5711 ‘23
989 5653 1160 5708 annos
1184 5653 1480 5725 innumeris
1505 5666 1676 5725 prope
1701 5665 1830 5705 con-

223 5727 513 5794 ventibus,
542 5729 594 5782 in
622 5722 817 5798 quibus
846 5726 1118 5782 solemnes
1163 5731 1320 5781 erant
1349 5723 1418 5778 de
1437 5722 1710 5794 pra-dictis
1735 5738 1830 5777 vo-

227 5801 391 5856 cibus
420 5801 825 5856 CDIIU‘OVCI‘SiiP.

314 5871 398 5949 (ιι)
439 5870 581 5934 Satis
618 5872 902 5943 advertunt
932 5868 1248 5944 prudentes,
1279 5866 1368 5926 hic
1411 5865 1638 5924 indicari
1681 5864 1829 5925 litte-

1905 3352 1975 3392 ne
2017 3343 2072 3391 et
2122 3334 2470 3391 hommusion
2527 3333 2891 3406 periclitetur,
2939 3331 3064 3403 quia
3117 3346 3383 3403 nusquam
3428 3329 3510 3404 (lt)

1906 3429 2165 3498 scriptum
2195 3428 2518 3497 reperiatur.

1984 3521 2074 3577 82.
2110 3521 2224 3589 Quo
2263 3537 2416 3574 sensu
2435 3518 2642 3593 judicio
2685 3515 2945 3573 communi
2981 3515 3272 3572 damnetur.
3298 3545 3370 3556 -—
3397 3513 3507 3571 Sed

1903 3657 1997 3699 ras
2028 3657 2059 3696 a
2091 3641 2317 3696 Valente
2350 3647 2406 3695 et
2459 3636 2680 3696 Ursacio
2710 3636 2776 3692 ad
2805 3636 3004 3693 Juliutn
3038 3645 3158 3707 post
3184 3635 3505 3694 Sardicense

1907 3714 2193 3771 00ncilintn
2228 3711 2585 3781 conscriptas,
2609 3711 2803 3781 quibus
2829 3724 3086 3778 expresse
3123 3708 3358 3781 confessi
3380 3718 3505 3781 sunt

1908 3787 2040 3842 falsa
2087 3800 2209 3843 esse
2228 3783 2409 3840 omnia
2435 3779 2557 3854 quae
2577 3779 2836 3839 adversus
2865 3781 3222 3838 Athanasium
3247 3779 3495 3851 divulga-

1910 3866 2054 3914 rant.

1980 3928 2053 4003 (ε)
2094 3929 2260 4003 abest
2290 3943 2392 3980 non
2423 3941 2451 3979 a
2480 3923 2800 4003 quibusdam
2834 3937 2967 4003 mss.
2992 3922 3153 3977 male.

2092 3963 2352 4071 δείξειν-ιε
2376 3963 2559 4071 monet
2587 4010 2646 4050 se
2680 3997 2737 4071 in
2760 3996 3066 4071 recentiore
3093 3993 3324 4063 quodam
3355 3991 3507 4047 codi-

1911 4087 1974 4128 ce
1991 4065 2274 4141 reperisse
2299 4069 2387 4123 hic
2415 4067 2683 4141 additum;
2697 4065 2802 4141 Pro
2821 4065 3100 4141 prudentia
3123 4075 3290 4119 vestra
3315 4080 3508 4141 expen-

1913 4144 2040 4209 dite,
2067 4136 2192 4215 quid
2216 4143 2278 4195 sit
2305 4138 2710 4215 a__sanctissimis
2736 4139 2858 4215 viris
2896 4152 3129 4215 poscere,
3163 4145 3219 4190 ut
3237 4151 3354 4215 eum
3379 4136 3513 4215 bona

1913 4206 2057 4270 venia
2079 4206 2299 4268 audiant
2325 4212 2608 4275 dicentem;
2632 4218 2678 4263 et
2714 4226 2781 4263 an
2812 4206 3040 4276 ejusdem
3085 4207 3149 4261 sit
3192 4206 3417 4270 adulari,
3465 4217 3512 4260 et

1916 4288 2213 4359 objurgare.
2249 4284 2362 4359 Hoc
2401 4283 2517 4359 ideo
2539 4283 2631 4359 ita
2672 4281 2878 4359 dictum
2915 4288 3008 4340 est,
3052 4279 3276 4359 quia__ea,
3302 4294 3416 4347 qua:
3445 4277 3514 4332 ad

1916 4351 2139 4432 pra'sevns
2162 4357 2315 4432 tacita
2388 4353 2450 4408 ab
2497 4354 2577 4407 his
2607 4354 2839 4424 fuissent,
2889 4368 3030 4405 eram
3059 4351 3378 4432 proditum-ts2
3411 4366 3515 4432 miti

1919 4421 2086 4484 tamen
2113 4431 2167 4484 in
2195 4429 2273 4482 his
2299 4442 2414 4498 qua:
2441 4421 2919 4498 posseuttamquam
2939 4421 3257 4498 excusabilia
3283 4422 3516 4498 defendi,

1917 4504 2116 4557 viderer
2158 4493 2486 4555 calumniari.
2522 4496 2735 4552 Erasmi
2769 4493 2949 4550 notam
2979 4509 3041 4546 ac
3081 4493 3244 4548 verba
3293 4495 3519 4548 retinnit

1921 4575 2161 4637 Mimans,
2193 4588 2312 4642 qua:
2330 4570 2385 4624 in
2417 4569 2765 4642 sequentibus
2809 4567 2942 4622 edit.
2973 4578 3197 4642 prorsus
3226 4578 3518 4634 suppressa

1921 4655 2065 4701 sunt.
2118 4635 2225 4712 Qui
2268 4650 2448 4697 autem
2487 4640 2862 4709 Remigianutn
2910 4635 3151 4712 codicem
3193 4644 3319 4712 ante
3346 4649 3519 4690 annos

1843 4686 1891 4746 υ
1916 4686 3258 4787 266"pt:;i.,“;;a'.;}.;Essstgs'sg.‘eguisse;
3273 4686 3522 4787 graus:

1921 4806 2053 4844 nens
2078 4777 2145 4843 'ea
2177 4790 2229 4841 in
2259 4777 2566 4858 quibusdam
2604 4777 2978 4858 egemplaribus
3036 4777 3245 4858 haberi.
3295 4777 3523 4858 Esstant

1920 4863 1972 4916 in
2021 4848 2327 4916 recentiore
2365 4855 2527 4911 Carn.
2555 4865 2610 4909 et
2631 4848 2766 4908 'l'ell.
2793 4853 2860 4906 ad
2901 4866 3052 4907 oram
3081 4848 3243 4914 libri;
3279 4861 3334 4903 at
3363 4851 3416 4904 in
3445 4850 3522 4903 al-

1917 4941 2038 4989 tero
2075 4938 2238 4987 Uarn.
2283 4938 2409 4982 ante
2453 4940 2626 4980 annos
2651 4925 2759 4981 900
2805 4924 3006 4994 scripto
3051 4930 3107 4976 et
3154 4920 3312 4976 Miclt.
3353 4921 3515 4976 etiam

1919 5007 1974 5061 in
2007 5005 2122 5074 ipso
2153 5013 2319 5057 textu.
2356 4999 2681 5074 [iisquarto
2711 5012 2777 5074 se
2825 4995 3517 5074 purgat_||i|arius,_.osten¢

1919 5065 2106 5145 ditque
2135 5090 2194 5130 se
2221 5087 2324 5126 non
2349 5065 2668 5145 adulationis
2693 5065 2838 5145 vitio,
2868 5067 2962 5122 sed
2993 5065 3256 5145 charitate
3281 5065 3519 5145 dictante

1922 5135 2223 5203 Orientales
2277 5143 2620 5198 sanctissimos
2666 5143 2800 5194 uiros
2851 5138 3154 5207 appellasse
3204 5154 3217 5190 :
3257 5149 3364 5203 quo
3395 5135 3515 5188 scil.

1927 5219 2209 5290 prodesset
2235 5214 2708 5290 eorrectio,_qnam
2730 5213 2807 5290 eis
2831 5211 3338 5290 adhibituruserat.

1999 5289 2072 5360 (9)
2107 5290 2161 5343 In
2195 5297 2404 5343 vetusto
2445 5277 2632 5360 Codice
2657 5282 2813 5360 Colb.
2843 5291 2900 5360 et
2926 5281 3110 5338 Germ.
3145 5277 3408 5360 ‘lVoateus.
3444 5277 3529 5358 ᾼῐι

1928 5350 2151 5418 Paulum
2196 5361 2274 5414 sic
2302 5368 2459 5412 vocat
2504 5357 2738 5411 llilarius
2781 5370 2807 5408 a
2859 5355 3051 5419 Noeto,
3097 5353 3250 5421 cujus
3277 5350 3530 5421 haeresim

1929 5432 2161 5501 quodam
2210 5432 2370 5486 modo
2412 5425 3134 5501 instauravit?_Epiphanius
3164 5419 3326 5501 enim
3370 5419 3534 5501 tradit

1931 5489 2068 5561 liter.
2108 5520 2233 5569 ων,
2265 5519 2320 5557 n.
2368 5502 2418 5562 i.
2455 5499 2679 5556 Paulum
2721 5489 2998 5569 opinatum
3031 5509 3174 5569 esse,
3201 5493 3390 5569 _ﬁli_um
3433 5489 3535 5569 Dei

1935 5562 2308 5632 subsistentiam
2338 5572 2524 5627 habere
2555 5589 2643 5640 per
2671 5562 2776 5624 sese
2803 5568 3017 5640 nullam,
3064 5566 3154 5640 sed
3194 5562 3388 5640 ii_t_Deo
3415 5563 3534 5617 sub-

1936 5651 2116 5704 sistere
2147 5665 2166 5702 :
2194 5649 2245 5701 id
2273 5645 2410 5718 quod
2455 5634 2685 5700 Sabellio
2724 5655 2920 5712 quoque
2949 5638 3165 5712 placuit,
3210 5634 3437 5702 Novato,
3484 5643 3534 5690 et

1939 5721 2129 5775 Noeto.

2013 5790 2092 5864 (It)
2118 5792 2565 5864 Arguntcntumua
2597 5786 2744 5864 v_o_c_is
2771 5782 3007 5864 novitate
3036 5782 3262 5864 petitum
3290 5779 3534 5834 Athana-

1940 5853 2186 5930 sin'sIOr.
2199 5853 2267 5931 ἷι,
2285 5875 2406 5934 pag.
2432 5859 2536 5918 316
2548 5868 2602 5919 et
2615 5857 2741 5928 ⁸556,
2757 5855 3172 5928 etEpipltanius,
3189 5853 3322 5910 hzcr.
3340 5866 3538 5922 Lxxttt,
