3996 6330
545 293 646 324 τσιε

542 313 650 352 ἕιῡῖ)

1745 284 1989 345 SANCTI
2039 280 2296 339 I‘IILARII
2347 281 2659 340 EPISCOPI
3699 289 3778 346 553

542 414 670 470 hinc
696 424 804 467 non
827 409 1148 466 calumnior.
1177 407 1318 463 Malo
1349 407 1494 464 enim
1527 404 1729 478 aliquid
1765 417 1964 460 novum
1991 417 2136 460 com-
2166 402 2222 463 Α
2245 400 2368 456 huic
2395 401 2634 458 sermoni
2666 411 2854 458 nostro
2885 417 2991 458 non
3023 403 3323 475 irreligiose
3349 404 3644 460 inseremus.

541 520 896 571 memorasse,
926 519 1086 576 quam
1125 502 1289 574 impie
1316 501 1610 574 respuisse.
1643 499 2012 555 Prmtermissa
2038 497 2137 552 ita-

544 599 958 671 quequtestione
970 597 1244 661 novitatis,
1260 611 1328 652 ne
1344 596 1395 650 in
1422 595 1502 650 bis
1523 594 1737 666 quidem
1753 592 1951 649 residet
1967 605 2140 662 quass-

540 697 636 762 tio,
671 711 790 764 qua:
820 694 1093 749 communi
1123 692 1363 747 omnium
1389 687 1848 758 nostrumjudicio
1880 685 2140 742 damnan-

543 798 653 843 tur.
694 786 827 854 Quis
870 787 1014 841 enim
1065 800 1212 840 same
1267 785 1463 839 mentis
1496 783 1708 838 tertiam
1755 777 2136 843 substantiam,

542 894 665 951 quae
705 886 760 935 et
787 878 932 934 Patri
964 887 1017 934 et
1045 877 1185 933 Filio
1215 874 1524 931 communis
1551 875 1642 937 sit,
1669 869 2018 944 praedicabit?
2040 868 2140 924 Vel

540 973 662 1042 quis
692 970 989 1027 secundum
1031 970 1431 1034 Samosateum,
1472 967 1524 1022 in
1556 965 1774 1021 Christo
1811 973 2052 1030 renatus,
2087 972 2143 1018 et

542 1063 737 1119 Filium
762 1062 1045 1118 confessus
1076 1076 1138 1117 ac
1164 1062 1402 1128 Patrem,
1427 1058 1569 1130 quod
1595 1056 1844 1112 Christus
1869 1056 1922 1111 in
1950 1070 2010 1111 se
2039 1055 2140 1110 sibi

545 1166 601 1211 et
625 1166 776 1226 pater
805 1163 860 1211 et
887 1155 1028 1210 [ilius
1059 1155 1130 1210 sit
1158 1153 1504 1209 conﬁtebitur
1523 1153 1548 1205 ?
1573 1151 1676 1206 Par
1703 1151 1883 1221 itaque
1926 1150 1980 1204 in
2009 1163 2141 1203 con-

550 1247 874 1304 demnandis
905 1246 1271 1316 impietatibus
1298 1245 1676 1300 haereticorum
1710 1252 1894 1298 nostra
1923 1253 2139 1298 senten-

553 1341 622 1394 tia
654 1348 738 1395 est
773 1359 786 1396 :
818 1350 869 1394 et
911 1338 1051 1395 hanc
1080 1338 1348 1394 homousii
1387 1337 1794 1406 intelligentiam
1829 1351 1935 1390 non
1979 1334 2138 1390 modo

544 1434 776 1505 respuit,
808 1433 900 1488 sed
941 1442 997 1489 et
1020 1433 1150 1489 odit.
1181 1432 1344 1504 510
1370 1432 1546 1500 Atque
1581 1431 1650 1485 ita
1682 1445 1789 1484 non
1820 1429 2146 1500 relinquitur

545 1528 753 1583 vitiosa:
785 1528 1155 1598 intelligentize
1184 1526 1433 1598 quaestio,
1460 1524 1551 1581 ubi
1577 1525 1630 1580 in
1661 1523 1773 1579 vitii
1799 1522 2144 1578 damnatione

545 1621 849 1675 communis
871 1635 1126 1676 assensus
1152 1629 1254 1673 est.

616 1694 718 1768 85.,
741 1711 891 1779 Quod
919 1712 1000 1780 pie
1023 1730 1055 1766 a
1088 1710 1306 1766 Nicena
1335 1710 1533 1782 synodo
1576 1719 1889 1778 susceptum,
1922 1725 2024 1764 non
2056 1710 2142 1764 de-

2322 513 2340 544 ι
2376 493 2662 550 Credimus
2691 495 2744 550 in
2777 510 2940 550 unum
2965 495 3131 551 Deum
3162 506 3365 567 patrem
3386 498 3778 570 omnipotentem,

2242 588 2485 644 omnium
2535 587 2822 644 visibilium
2867 596 2924 644 et
2968 589 3313 644 invisibilium
3355 590 3620 646 faetorem.
3657 591 3716 646 Et
3743 594 3782 650 in

2243 699 2407 739 unum
2441 685 2732 740 Dominum
2761 694 3003 740 nostrum
3031 685 3216 741 Jesum
3239 686 3506 743 Christum
3527 687 3673 744 ﬁlium
3692 690 3782 757 Dei,

2243 784 2428 830 natum
2459 792 2522 830 ex
2553 776 2714 832 Patre
2755 777 3111 848 unigenitum,
3145 777 3247 832 hoc
3290 789 3388 845 est,
3430 779 3496 834 de
3536 780 3786 837 substantia

2244 865 2440 934 Patris,
2466 867 2634 923 Deum
2658 884 2722 923 ex
2747 868 2878 932 Deo,
2915 869 3092 924 lumen
3121 884 3188 924 cx
3219 870 3440 936 lumine,
3465 871 3621 926 Deum
3639 888 3784 928 verum

2243 957 2311 1014 de
2353 958 2464 1014 Deo
2495 975 2639 1025 vero,
2694 972 2877 1016 natum
2921 976 3029 1018 non
3061 961 3283 1030 factum,
3330 964 3485 1018 unius
3525 965 3787 1022 substantia

2245 1067 2366 1107 cum
2407 1052 2586 1120 Patre,
2623 1053 2702 1125 (ά)
2735 1054 2876 1124 quod
2923 1070 3101 1126 graece
3139 1057 3327 1112 dicunt
3367 1057 3684 1126 homousion,
3719 1075 3788 1130 per

2245 1161 2404 1216 quem
2445 1147 2625 1203 omnia
2653 1147 2792 1204 facta
2832 1158 2957 1205 sunt
2983 1166 3103 1220 qua:
3141 1151 3195 1206 in
3230 1151 3368 1208 etelo
3394 1160 3450 1208 et
3477 1151 3529 1207 in
3557 1161 3701 1220 terra,
3722 1156 3788 1226 qui

2245 1251 2467 1312 propter
2489 1254 2726 1298 nostram
2741 1244 3271 1302 salutemdesceudit
3291 1245 3382 1318 (ε),
3407 1249 3692 1303 incarnatus
3707 1261 3782 1313 est,

2247 1342 2302 1390 et
2331 1335 2492 1391 homo
2521 1337 2679 1410 511
2704 1335 2876 1392 [nctus
2901 1348 3005 1404 cst,
3035 1350 3089 1394 ct
3121 1353 3308 1408 passus
3333 1349 3437 1404 est,
3464 1348 3519 1396 et
3547 1342 3788 1397 resurrexit

2246 1430 2405 1483 tertia
2451 1428 2560 1494 die,
2601 1440 2655 1484 et
2692 1431 2972 1486 adscendit
3014 1432 3066 1486 in
3097 1433 3287 1500 caelos,
3319 1443 3574 1488 venturus
3596 1434 3790 1504 judicare

2246 1521 2398 1578 vivos
2435 1534 2488 1578 et
2519 1534 2780 1579 mortuos.
2817 1526 2883 1580 Et
2916 1525 2970 1580 in
3000 1525 3259 1594 Spiritum
3309 1535 3575 1584 sanetum.
3604 1529 3695 1584 Eos
3725 1544 3792 1583 an-

2247 1624 2377 1681 tem,
2400 1616 2490 1687 qui
2516 1615 2724 1683 dicunt,
2756 1616 2885 1672 Erat
2915 1619 3129 1690 quando
3158 1635 3262 1674 non
3291 1629 3430 1686 erat,
3462 1629 3516 1674 et
3539 1628 3650 1675 ante
3669 1635 3788 1691 quam

2249 1720 2563 1765 nasceretur
2589 1724 2694 1764 non
2727 1719 2865 1777 erat,
2897 1721 2951 1765 et
2980 1711 3121 1782 quod
3147 1711 3215 1766 de
3244 1727 3351 1766 non
3383 1711 3696 1767 exstantibus
3712 1712 3792 1768 lae-

544 1805 656 1860 beat
682 1804 984 1873 improbari.
1014 1835 1085 1845 ——
1116 1805 1334 1860 liicturo
1361 1815 1542 1859 autem
1583 1818 1669 1858 me
1703 1801 1916 1856 tandem
1945 1799 2012 1855 de
2039 1807 2147 1855 ter-
2174 1803 2223 1863 B
2253 1809 2338 1856 tus
2367 1811 2471 1867 est,
2514 1802 2595 1858 vel
2623 1818 2688 1857 ex
2719 1803 2821 1858 alia
2847 1803 3144 1858 substantia
3191 1813 3282 1858 aut
3318 1805 3572 1871 essentia,
3600 1804 3792 1861 dicentes

544 1900 616 1952 tia
645 1899 966 1969 quaestione,
997 1913 1095 1954 oro
1125 1912 1242 1963 vos,
1278 1912 1348 1952 ne
1378 1896 1468 1952 ubi
1496 1909 1603 1967 pax
1641 1893 1992 1950 conscientiae
2036 1901 2142 1958 est,

540 1991 616 2045 ibi
642 1993 716 2046 sit
745 2007 916 2062 pugna
947 1991 1316 2061 suspicionum
1347 2008 1360 2043 :
1389 2005 1562 2060 neque
1597 1987 1889 2058 quidquam
1923 2000 2010 2041 me
2038 1983 2143 2040 nisi

542 2084 611 2138 ad
663 2085 887 2139 unitatis
943 2083 1241 2154 profectum
1292 2080 1536 2153 proferre
1585 2078 1928 2136 existimetis.
1983 2077 2145 2132 lnane

543 2178 687 2232 enim
733 2188 837 2245 est,
879 2177 1204 2233 calumniam
1253 2175 1407 2232 verbi
1453 2173 1860 2247 pertimescere,
1919 2171 2007 2226 ubi
2057 2185 2146 2226 res

543 2274 679 2340 ipsa,
727 2272 880 2342 cujus
925 2272 1150 2328 verbum
1195 2279 1300 2338 est,
1346 2285 1454 2325 non
1489 2269 1686 2324 habeat
1739 2265 2140 2322 difﬁcultatem.

541 2366 799 2436 Displicet
822 2367 1072 2436 cuiquam
1101 2366 1153 2421 in
1179 2363 1389 2436 synodo
1415 2362 1634 2418 Nicaena
1663 2360 1981 2416 homousion
2012 2374 2138 2414 esse

541 2460 897 2529 susceptum?
925 2459 1040 2515 Hoc
1065 2461 1110 2514 si
1152 2459 1240 2514 cui
1271 2457 1542 2527 displicet,
1573 2455 1784 2525 placeat
1813 2467 2038 2510 necesse
2062 2461 2147 2508 est

543 2553 687 2624 quod
718 2553 785 2608 ab
815 2552 891 2624 (a)
918 2552 1061 2606 Ariis
1089 2551 1161 2605 sit
1181 2558 1454 2620 negatum.
1485 2547 1746 2618 Negatum
1774 2547 1916 2602 enim
1946 2545 2147 2600 idcirco

545 2655 629 2700 est
656 2645 996 2708 homousion,
1029 2659 1097 2698 ne
1122 2658 1188 2698 ex
1225 2642 1526 2697 substantia
1577 2640 1672 2696 Dei
1701 2641 1866 2710 patris
1913 2640 2056 2694 Deus
2087 2638 2147 2693 ﬁ-

553 2739 659 2794 lius
691 2748 871 2804 natus,
903 2737 997 2792 sed
1039 2735 1335 2792 secundum
1373 2745 1651 2790 creaturas
1677 2749 1740 2789 ex
1774 2732 1944 2788 nihilo
1971 2731 2149 2788 condi-

551 2841 641 2886 tus
691 2829 1100 2900 praedicaretur.
1141 2829 1285 2884 Nihil
1337 2844 1536 2884 novum
1578 2828 1870 2900 loquimur,
1906 2825 2145 2897 pluribus

543 2923 688 2981 edita
717 2923 909 2979 litteris
939 2923 1061 2995 ipsa
1086 2923 1340 2978 Ariorum
1368 2921 1594 2992 perﬁdia
1624 2921 1725 2977 sibi
1759 2919 1916 2975 testis
1941 2928 2047 2974 est.
2089 2918 2146 2974 Si

545 3025 764 3086 propter
793 3017 1107 3086 negantium
1161 3015 1492 3086 impietatem
1543 3015 1630 3085 pia
1663 3024 1776 3069 tum
1804 3012 1902 3068 fuit
1948 3011 2147 3067 intelli-

541 3109 726 3180 gentia
782 3110 1170 3177 conlitentum;
1221 3124 1405 3180 quaero
1447 3123 1544 3165 cur
1584 3109 1746 3164 hodie
1787 3107 2144 3173 convellatur,

2249 1894 2661 1950 convertibilem
2682 1904 2738 1950 et
2765 1895 3146 1952 demutabilem
3171 1897 3338 1953 Deum
3371 1915 3384 1952 :
3423 1897 3520 1954 hos
3540 1901 3794 1955 anathema-

2251 1989 2384 2043 tiznt
2413 1989 2674 2044 catholica
2709 1989 2971 2045 Ecclesia.
3005 2010 3023 2043 ι

2321 2080 2434 2135 Νοιι
2468 2081 2555 2136 hic
2583 2082 2924 2138 sanctissima
2953 2083 3329 2155 religiosorum
3352 2085 3590 2142 virorum
3611 2085 3794 2156 synodos

2251 2177 2435 2232 nescio
2464 2191 2624 2248 quam
2658 2177 2914 2251 priorem.
2963 2194 3083 2249 quae
3113 2179 3164 2233 in
3207 2178 3344 2234 duos
3381 2178 3557 2234 divisa
3583 2180 3662 2247 sit,
3701 2181 3792 2234 sub-

2250 2271 2501 2325 stantiam
2531 2269 2844 2338 introducit,
2876 2270 2970 2326 sed
3012 2271 3206 2327 Filium
3238 2280 3427 2327 natum
3457 2273 3525 2328 de
3551 2272 3789 2328 substantia

2250 2364 2444 2420 Patris.
2495 2364 2764 2435 Numquid
2812 2374 2868 2420 et
2920 2379 3020 2420 nos
3071 2367 3368 2436 negamus?
3399 2375 3501 2420 aut
3535 2365 3652 2436 quid
3689 2363 3792 2418 aliud

2249 2458 2609 2513 conﬁtentur?
2634 2457 2702 2512 Et
2731 2468 2852 2528 post
2879 2467 3104 2514 caeteras
3147 2460 3454 2514 communis
3481 2458 3597 2514 ﬁdei
3634 2459 3794 2529 exposi-

2252 2552 2426 2606 tiones
2476 2550 2569 2616 ait,
2619 2570 2638 2604 ι
2669 2550 2862 2606 Natum
2915 2567 3022 2607 non
3062 2550 3283 2618 factum,
3343 2552 3509 2608 unius
3544 2550 3793 2606 substantia:

2251 2657 2371 2698 cum
2397 2642 2578 2706 Patre,
2601 2643 2745 2712 quod
2776 2659 2950 2712 graece
2979 2644 3166 2699 dicunt
3197 2646 3543 2700 homousion.
3570 2663 3588 2696 ι
3617 2641 3794 2712 ρυωιις

2253 2737 2462 2790 vitiosae
2494 2735 2865 2805 intelligentia:
2890 2736 3103 2791 occasio
3131 2737 3247 2792 est?
3274 2736 3450 2792 Natus
3475 2752 3591 2794 esse
3615 2737 3674 2792 de
3703 2735 3794 2789 sub-

2251 2829 2447 2884 stantia
2480 2829 2656 2884 Patris
2688 2828 2874 2896 Filius,
2909 2845 3016 2884 non
3047 2830 3216 2884 tactus
3244 2831 3574 2902 praedicatur
3602 2848 3614 2884 :
3641 2845 3696 2884 ne
3730 2843 3794 2882 na-

2251 2925 2432 2980 IIVIlzls
2457 2925 2775 2986 divinitatis.
2809 2925 3014 2980 factura
3058 2927 3130 2980 sit
3171 2927 3488 2982 creationis.
3515 2925 3695 2982 Idcirco
3725 2939 3794 2978 au—

2252 3025 2360 3072 tem
2386 3019 2539 3072 unius
2568 3018 2867 3074 substantia:
2889 3035 2908 3072 :
2937 3034 3043 3073 non
3086 3028 3145 3074 ut
3172 3034 3311 3074 unus
3339 3020 3598 3076 subsistat
3636 3026 3794 3074 autsa-

2249 3109 2357 3174 lus,
2395 3109 2490 3165 sed
2523 3120 2580 3165 ut
2610 3126 2678 3166 ex
2714 3111 3012 3167 substantia
3049 3111 3139 3166 Dei
3171 3122 3328 3166 natus
3358 3127 3473 3167 non
3496 3109 3688 3166 aliunde
3705 3109 3795 3164 sub-

546 3203 690 3274 quod
725 3213 835 3259 tum
860 3205 947 3275 pie
979 3211 1289 3275 susceptum
1323 3213 1428 3269 cst,
1457 3204 1584 3274 quia
1607 3203 1771 3274 impie
1810 3202 2141 3273 negabatur?
2173 3215 2218 3279 ρ
2251 3203 2407 3258 sistat
2439 3245 2453 3266 ,
2513 3219 2686 3276 neque
2725 3214 2782 3258 ut
2837 3205 2890 3260 in
2944 3206 3117 3275 aliqua
3175 3203 3496 3260 dissidentis
3543 3200 3794 3260 substantia:

543 3297 600 3354 Si
631 3297 719 3367 pie
763 3307 1075 3370 susceptum
1105 3306 1190 3352 est
1223 3311 1358 3352 :cur
1403 3297 1551 3352 venit
1579 3295 1896 3352 constitutio
1927 3295 2142 3365 pietatis

543 3390 597 3444 in
625 3390 853 3456 crimen,
905 3406 1025 3461 quin
1063 3391 1393 3458 impietatem
1436 3392 1523 3460 pie
1564 3405 1660 3459 per
1699 3405 1762 3446 ea
1793 3389 1910 3460 ipsa
1950 3389 2143 3459 quibus

543 3481 619 3554 (b)
651 3481 972 3552 impiabatur
1001 3482 1292 3538 exstinxit?

615 3576 706 3632 81.
737 3574 970 3631 Νὶείωιω
991 3577 1175 3648 synodi
1197 3593 1401 3647 scapus.
1428 3577 1735 3649 Symbolum
1760 3576 2054 3632 Nicwnum.
2075 3607 2144 3620 —-

545 3670 840 3726 Videamus
863 3669 1024 3740 igitur
1062 3670 1188 3740 quid
1215 3670 1432 3728 Nicazna
1474 3671 1715 3744 synodus
1739 3672 1810 3745 (c)
1857 3673 2143 3741 studuerit,

549 3763 899 3830 homousion,
935 3762 986 3817 id
1004 3773 1106 3828 est,
1132 3763 1290 3820 unius
1317 3765 1630 3820 substantiae
1661 3764 1970 3821 conﬁtendo
2001 3784 2013 3819 :
2039 3782 2144 3822 non

549 3859 736 3930 utique
778 3858 1028 3914 haeresim
1071 3859 1363 3929 parturire,
1396 3875 1516 3930 qum
1547 3858 1615 3914 de
1646 3859 1912 3914 homousii
1954 3861 2146 3914 vitiosa

542 3953 798 4022 Opinione
837 3951 1161 4020 concipitur.
1204 3950 1344 4016 Non,
1389 3952 1605 4022 Opinor,
1646 3952 1777 4008 illud
1829 3953 2141 4023 loquentur,

541 4048 685 4117 quod
729 4061 892 4101 unam
929 4047 1264 4101 anteriorem
1307 4047 1664 4102 substantiam
1697 4048 1857 4103 Pater
1887 4058 1938 4103 et
1972 4048 2144 4104 Filius

542 4140 595 4194 in
633 4139 991 4195 substantiam
1019 4154 1170 4194 suam
1204 4139 1491 4210 partiendo
1531 4140 1840 4196 diviserint.
1877 4141 1943 4195 Et
1969 4140 2142 4211 ipsam

533 4233 750 4304 quidem
782 4233 1034 4306 religiose
1063 4241 1175 4289 tum
1226 4233 1480 4305 scriptam
1525 4233 1709 4301 ﬁdem,
1745 4251 1885 4290 nunc
1930 4249 2145 4306 quoque

538 4413 596 4452 ιι.
622 4397 690 4449 14
717 4405 770 4450 et
801 4395 889 4464 19,
942 4397 993 4450 in
1026 4395 1173 4464 ipsos
1212 4393 1499 4450 haereticos
1542 4394 1744 4464 pariter
1778 4401 2091 4462 retorquent
2125 4411 2138 4448 :

538 4467 739 4538 quippe
764 4468 852 4538 qui
886 4463 1091 4536 patrem
1124 4466 1315 4538 dixere
1362 4466 1666 4536 ingenitum,
1697 4463 1889 4518 Filium
1921 4479 2051 4538 vero
2080 4482 2144 4520 ea:

537 4536 642 4593 non
672 4536 804 4600 cute,
829 4547 884 4592 et
911 4554 1014 4591 non
1043 4539 1204 4608 fuisse
1228 4537 1369 4607 prius
1394 4553 1549 4604 quam
1584 4546 1899 4600 nasceretur,
1923 4547 1977 4591 et
2005 4536 2141 4590 alias

2248 3295 2561 3353 diversitate
2604 3297 2882 3353 subsistat.
2929 3299 3036 3354 Aut
3084 3299 3343 3370 numquid
3400 3314 3515 3354 non
3555 3298 3656 3352 lucc
3699 3295 3792 3349 ﬁdes

2250 3399 2434 3444 nostra
2467 3399 2568 3456 est,
2611 3401 2668 3445 ut
2693 3407 2797 3445 non
2829 3391 3045 3447 aliunde
3083 3393 3366 3457 subsistat,
3395 3407 3573 3463 neque
3594 3387 3714 3462 quod
3733 3387 3792 3442 in-

2249 3483 2526 3540 dissimilis
2565 3483 2858 3541 subsistat?
2903 3483 3013 3539 Aut
3057 3485 3202 3539 aliud
3241 3485 3327 3539 hic
3373 3494 3601 3542 testatur
3623 3483 3794 3538 homou-

2249 3579 2392 3643 sion,
2437 3593 2596 3649 quam
2633 3588 2688 3632 ut
2727 3594 2830 3634 una
2877 3589 3036 3649 atque
3079 3579 3418 3635 indissimilis
3463 3579 3619 3636 duum
3660 3575 3717 3631 sit
3735 3587 3793 3628 se-

2249 3674 2486 3730 cundum
2534 3687 2738 3730 naturae
2781 3674 2848 3748 (ί)
2885 3676 3193 3746 progeniem
3222 3677 3488 3742 essentia,
3519 3674 3633 3746 quia
3657 3685 3795 3728 essen-

2255 3769 2325 3824 tia
2355 3769 2477 3824 Filii
2511 3783 2616 3824 non
2649 3770 2720 3823 sit
2745 3767 3002 3824 aliunde?
3031 3769 3160 3837 Quin
3189 3769 3311 3838 quia
3351 3767 3570 3824 aliunde
3597 3781 3688 3823 non
3715 3770 3792 3828 est,

2247 3867 2408 3921 unius
2432 3875 2578 3921 recte
2603 3879 2723 3920 esse
2755 3865 2914 3920 ambo
2941 3863 3232 3919 credentur
3260 3865 3548 3929 essentne;
3575 3861 3682 3934 quia
3703 3856 3793 3913 sub-

2250 3957 2503 4014 stantiam
2532 3957 2826 4012 nativitatis
2850 3956 3018 4012 Filius
3041 3971 3145 4012 non
3170 3955 3368 4012 habeat
3391 3955 3498 4013 nisi
3523 3955 3586 4011 de
3612 3963 3791 4026 paterna:

2249 4053 2571 4107 auctoritate
2602 4062 2826 4106 naturas.

2322 4145 2409 4200 85.
2446 4144 2765 4200 Hontousion
2805 4161 2927 4198 nunt
2955 4144 3374 4214 improbandum,
3402 4145 3524 4216 quia
3550 4141 3702 4197 vitiose
3731 4151 3791 4188 so-

2247 4239 2349 4293 leat
2395 4241 2634 4313 intelligi.
2673 4270 2736 4282 —
2762 4239 2868 4297 Sed
2912 4239 3050 4296 forte
3095 4255 3124 4295 e
3171 4240 3448 4296 contrario
3495 4239 3700 4300 dicetur,
3732 4231 3790 4286 ldo

2252 4399 2475 4472 ἀσεϐεῖν,
2529 4397 2582 4452 id
2623 4407 2746 4472 est,
2792 4397 3123 4472 impietatem
3159 4413 3340 4472 agere,
3375 4397 3653 4472 conﬁctam
3680 4391 3790 4472 vide-

2255 4480 2360 4526 tur.
2401 4470 2573 4524 Porro
2620 4469 2751 4524 illud
2795 4470 3106 4537 impiabatur
3145 4470 3212 4524 ad
3257 4469 3559 4525 Samosatei
3597 4469 3787 4522 haeresim

2251 4542 2441 4598 referri
2474 4541 2757 4596 commode
2783 4551 2982 4612 queat:
3013 4550 3071 4595 ut
3098 4557 3201 4609 qua
3224 4542 3312 4597 ille
3342 4557 3479 4597 voce
3507 4541 3638 4597 unde
3662 4544 3787 4610 posua

538 4624 703 4665 V0035
727 4609 1103 4684 ειςοείιειιῖιιειι
1125 4609 1421 4684 δοτ,ίριυ[ῑ,ε
1448 4623 1667 4684 PFOES‘IS
1695 4608 2144 4684 I90081'IE‘5_-_Y8-
2170 4609 2223 4669 D
2253 4614 2582 4684 impietatem
2615 4628 2764 4666 suam
2797 4608 3137 4678 enuntiabat,
3167 4627 3228 4668 ea
3248 4613 3374 4684 ipsa
3397 4627 3495 4682 per
3522 4614 3646 4684 alias
3663 4608 3788 4676 supc-

538 4697 684 4746 rum,
717 4690 773 4735 ut
802 4681 960 4736 docet
975 4677 1325 4745 Athanasius,
1348 4679 1438 4732 lib.
1464 4678 1747 4749 deSynod.
1776 4678 1972 4748 p.915,
1991 4677 2139 4733 Hila-

536 4753 623 4808 rio
653 4761 838 4807 nostro
858 4751 948 4806 hic
972 4753 1322 4822 sullragante,
1353 4750 1484 4804 nihil
1501 4749 1556 4803 id
1581 4752 1756 4820 refert,
1785 4750 1829 4822 si
1855 4751 1967 4818 quis
1993 4765 2140 4805 voces

537 4825 594 4878 in
625 4823 900 4893 Scriptura
927 4840 1028 4877 non
1052 4820 1282 4894 repertas
1311 4831 1544 4890 usurpet,
1577 4838 1727 4890 quam
1769 4820 1857 4874 diu
1890 4822 2000 4889 pias
2022 4838 2136 4874 sen-

537 4896 741 4961 tentias,
791 4893 1164 4963 complectitur.
1215 4893 1406 4949 Contra
1445 4894 1713 4947 ltmreticus
1744 4894 1944 4946 tametsi
1992 4909 2138 4946 voces

535 4983 660 5022 suas
706 4983 734 5019 ε
775 4969 937 5020 sacris
985 4967 1169 5020 litteris
1225 4976 1456 5034 usurpet,
1496 4964 1832 5019 nihilominus
1877 4973 2141 5034 suspectus

536 5038 813 5109 animoque
836 5051 1113 5109 corruptus
1139 5037 1312 5093 audiet
1337 5054 1368 5091 a
1397 5036 1620 5107 Spiritu,
1649 5037 1824 5104 Quare
1848 5045 1901 5090 tu
1929 5052 2137 5090 enarrns

524 5111 762 5183 justitias
787 5108 968 5183 meas

609 5180 683 5254 (a)
717 5181 912 5254 Excusi
945 5179 1054 5244 hic,
1083 5179 1221 5254 quod
1248 5180 1310 5234 ab
1338 5178 1544 5254 Arionis
1570 5187 1642 5233 est
1669 5188 1910 5254 negatum
1931 5195 1948 5242 ;
1971 5188 2025 5233 et
2054 5178 2135 5254 in-_

533 5250 1001 5317 Ira-{Arianorum
1031 5250 1523 5307 :dissentientibus
1571 5265 1702 5305 mss.
1753 5251 1842 5305 Sic
1876 5258 1948 5320 et
1996 5250 2138 5320 apud

536 5324 895 5382 Phtebadium
917 5323 1050 5388 Arii,
1086 5339 1190 5377 non
1219 5323 1402 5377 Ariani
1426 5331 1824 5389 nuncupantur.
1856 5319 2138 5386 Quonme

458 5444 462 5448 .
537 5395 625 5450 hic
644 5396 900 5460 Hilarius,
927 5398 999 5450 ita
1015 5394 1365 5462 Athanasius,
1390 5395 1481 5450 lib.
1507 5392 1576 5448 de
1601 5393 1737 5464 Syn.
1767 5408 1821 5464 p.
1850 5392 1975 5458 920,
1995 5391 2138 5448 idem

532 5468 853 5523 vocabulum
878 5468 1198 5522 homousion
1227 5477 1374 5522 recte
1391 5474 1447 5522 et
1476 5465 1544 5520 ab
1569 5462 1907 5536 An‘tio‘chena
1929 5464 2138 5536 synodo

536 5549 731 5592 contra
774 5541 1147 5596 Samosatemn
1189 5539 1474 5608 rejectum,
1522 5547 1576 5592 et
1626 5553 1656 5590 a
1696 5534 1912 5590 Nicazna
1950 5534 2138 5590 contra

538 5608 769 5730 Arianos
808 5622 1115 5680 susceptum
1157 5613 1349 5682 probat
1378 5626 1445 5665 ex
1477 5624 1645 5680 scopo
1691 5608 1971 5675 utriusque
2003 5622 2133 5662 con-

538 5696 585 5730 (2|
616 5697 667 5730 ll.

538 5696 667 5733 CIIII.

611 5751 688 5821 (b)
715 5750 804 5807 Sic
835 5768 965 5808 mss.
1002 5753 1143 5810 Editi
1177 5770 1325 5820 vero,
1357 5754 1689 5825 impiebatur.
1724 5750 1900 5825 Verbo
1929 5750 2136 5825 impiari

541 5837 670 5879 usus
725 5835 809 5879 est
862 5825 1077 5881 Plautus
1119 5845 1131 5880 :
1174 5826 1315 5897 quod
1365 5823 1582 5897 quidem
1634 5825 1699 5880 ad
1753 5823 1922 5880 instar
1970 5823 2133 5893 grmci

2245 4682 2418 4740 rinres
2454 4685 2696 4756 exposita
2734 4685 2848 4738 Arii
2880 4685 3211 4756 impietatem
3242 4683 3458 4738 Nicmna
3490 4682 3703 4756 synodus
3717 4693 3789 4732 ex-

2242 4753 2659 4811 stinxerit.’Nisi
2689 4755 2827 4810 forte
2875 4753 2995 4828 quis
3026 4755 3212 4810 mallet
3267 4753 3570 4828 hicalludi
3607 4753 3662 4828 a_tl
3704 4763 3789 4828 catt}

2245 4829 2534 4888 rationem,
2565 4842 2670 4895 qua
2714 4821 2908 4882 vocem
2954 4827 3274 4882 homousion
3323 4827 3580 4883 adversus
3620 4821 3786 4895 Eusebii

2241 4899 2478 4968 argutias
2505 4894 2698 4952 Nic:e:e
2726 4908 3031 4967 susceptam
3075 4909 3256 4953 narrat
3295 4897 3626 4962 Ambrosius,
3650 4894 3725 4949 lib.
3747 4902 3787 4942 ιιι

2242 4972 2311 5027 de
2333 4968 2465 5026 Fide
2491 4983 2540 5024 c.
2574 4969 2664 5034 15,
2698 4985 2751 5022 n.
2788 4969 2907 5034 125,
2939 4970 3082 5039 quod
3116 4973 3292 5025 minus
3318 4970 3588 5040 probabile
3617 4975 3706 5020 cst.

2322 5061 2393 5135 (c)
2435 5061 2493 5116 In
2533 5060 2783 5131 vulgatis,
2834 5062 3101 5137 statuerit._
3135 5059 3333 5137 Verius
3365 5077 3492 5117 mss.
3539 5057 3787 5137 studuerit:

2245 5133 2367 5190 cum
2399 5149 2503 5189 non
2537 5142 2642 5187 tam
2675 5141 2946 5203 quaeratur
2987 5149 3053 5188 an
3089 5133 3413 5189 homousion
3448 5140 3684 5189 statutum
3717 5133 3784 5190 sit.

2244 5220 2404 5277 quam
2427 5220 2533 5276 quo
2562 5205 2814 5260 consilio.

2317 5299 2396 5370 (Δ)
2428 5299 2646 5370 Aliquot
2688 5314 2820 5354 mss.
2855 5308 2912 5354 ut
2936 5298 3259 5370 Fragmento
3298 5315 3357 5367 ιι,
3407 5313 3549 5354 num.
3575 5287 3784 5370 27,4104

2243 5364 2410 5427 Graeci
2442 5364 2616 5425 dicunt
2643 5371 2967 5426 homousion.
3001 5364 3124 5426 llaec
3147 5382 3324 5426 autem
3344 5364 3506 5427 verba
3537 5383 3632 5423 non
3660 5364 3783 5418 habet

2241 5443 2516 5513 exemplar
2547 5442 2710 5499 Corh.
2765 5443 2966 5499 saeculo
3017 5450 3170 5498 sexto
3212 5455 3514 5506 exaratum,
3554 5437 3680 5513 quod
3709 5436 3783 5486 hoc

2241 5511 2556 5588 Symbolum
2579 5530 2700 5571 cum
2719 5515 2840 5570 aliis
2865 5515 3099 5586 antiquis
3122 5516 3478 5570 monumentis
3497 5511 3729 5568 continet.

2311 5606 2384 5681 (ε)
2411 5607 2635 5662 Addunt
2659 5608 2812 5681 editi,
2841 5609 2904 5662 de
2929 5609 3071 5663 caelis
3092 5625 3110 5662 :
3134 5607 3278 5679 quod
3311 5606 3585 5681 ncquehic
3604 5602 3656 5681 in
3677 5612 3778 5652 mss.

2240 5675 2433 5746 exstat,
2476 5694 2649 5749 neque
2692 5680 3019 5750 Fragmenta
3049 5696 3112 5744 ιι,
3144 5675 3320 5750 neque
3359 5675 3492 5750 apud
3519 5675 3777 5732 Lucilerutn

2240 5750 2332 5805 lib.
2367 5752 2431 5802 de
2461 5767 2563 5806 non
2597 5753 2882 5821 parcendo,
2917 5764 3023 5806 etc.

2311 5823 2381 5893 (Ι)
2414 5822 2488 5878 Ita
2517 5838 2670 5891 mss.,
2709 5823 2799 5880 ubi
2826 5827 2879 5881 in
2904 5823 3157 5896 vulgatis,
3187 5825 3534 5896 prapaginem.
