3996 6330
157 317 263 376 557

937 317 1140 374 LIBER
1182 317 1271 374 ne
1329 315 1652 386 SYNODIS,
1694 315 1828 376 seu
1871 317 1958 374 ne
1998 317 2156 375 rma
2194 282 2688 376 ontENrALtUM.

3353 320 3459 377 538

155 441 303 494 circo
330 437 620 508 improbari
645 446 917 508 oportere,
941 437 1066 508 quia
1089 437 1281 492 vitiose
1309 436 1536 509 intelligi
1563 437 1755 492 soleat.
1784 440 1838 501 Α
1863 435 2096 493 Pereant
2125 451 2358 509 quoque,
2393 436 2438 492 si
2479 435 2692 492 videtur
2739 432 2906 509 (quod
2939 448 3045 491 non
3075 449 3177 506 ego
3199 434 3452 504 dixerim,

152 529 271 589 Hoc
300 533 347 588 si
379 535 652 601 timemus,
684 533 963 588 deleamus
995 531 1047 586 iu
1085 531 1350 603 Apostolo
1384 530 1527 602 quod
1555 529 1756 588 dictum

151 638 238 683 est
268 645 289 682 :
321 627 578 683 Mediator
626 627 723 682 Dei
758 637 805 682 et
842 627 1106 682 hominum
1147 625 1301 682 homo
1344 625 1580 682 Christus
1604 623 1757 680 Iesus

151 724 199 797 (l
227 722 364 778 Tim.
396 741 454 790 tt,
488 723 572 796 5);
602 723 725 794 quia
755 721 822 778 ad
849 723 1222 777 auctoritatem
1243 720 1465 778 haeresis
1488 736 1600 776 suae
1619 720 1759 777 Pho-

154 817 304 871 tinus
351 817 450 870 hoc
493 817 698 870 tttitur:
731 826 784 872 et
833 831 940 870 non
973 815 1183 885 legatur
1222 829 1252 868 a
1285 813 1463 880 nobis,
1512 813 1636 883 quia
1689 812 1757 868 ab

150 909 246 966 illo
279 911 417 966 inalc
449 910 799 981 intelligatur.
824 909 1020 964 Pereat
1044 925 1259 980 quoque
1288 907 1354 963 ad
1384 907 1756 978 Philippenses

147 1003 350 1076 scripta
379 1004 627 1074 epistola,
661 1011 754 1058 aut
785 1003 893 1073 igni
913 1011 1007 1056 aut
1045 1003 1308 1073 spongia:
1339 1016 1408 1056 ne
1438 1001 1493 1056 in
1525 1015 1586 1055 ea
1616 1000 1756 1055 Mar-

148 1097 272 1152 cion
325 1097 557 1166 relegat:
585 1093 654 1149 Et
682 1095 858 1149 habitu
895 1105 1133 1163 repertus
1163 1103 1219 1148 ut
1255 1093 1408 1148 homo
1437 1091 1663 1164 (Philip.
1694 1108 1750 1158 tt,

147 1189 231 1261 ἲ),
261 1189 597 1261 phantasiam
629 1187 874 1259 corporis
911 1186 1174 1243 conﬁtens
1201 1201 1344 1251 esse,
1377 1201 1483 1241 non
1532 1199 1748 1257 corpus.

146 1283 269 1340 Non
293 1292 472 1340 exstet
500 1283 846 1354 Evangeliqu
874 1281 1099 1338 Joannis
1127 1299 1141 1336 :
1170 1296 1237 1337 ne
1257 1279 1529 1337 Sabellius
1548 1279 1750 1335 discat:

151 1381 318 1453 512
352 1377 462 1450 Ego
493 1389 537 1432 et
567 1377 726 1432 Pater
750 1393 906 1432 unum
930 1393 1106 1432 sumus
1127 1373 1306 1444 (Joan.
1343 1391 1400 1440 ιι,
1434 1371 1752 1445 50).Neque

147 1473 240 1526 isti
274 1483 420 1526 nunc
461 1479 723 1528 creatura:
749 1468 1130 1538 praedicatores
1177 1469 1440 1538 scriptum
1473 1465 1706 1522 habeant
1734 1483 1748 1520 :

142 1562 310 1620 Pater
346 1566 512 1636 major
555 1580 633 1618 me
661 1573 732 1619 est
765 1561 944 1633 (Joan.
975 1578 1085 1626 xiv,
1125 1561 1240 1632 28).
1292 1561 1477 1632 Neque
1515 1561 1614 1627 illi,
1658 1560 1749 1631 qui

139 1657 466 1713 dissimilem
496 1657 642 1712 Patri
670 1655 869 1711 Filium
898 1655 1173 1712 afﬁrmare
1190 1656 1401 1722 volunt,
1427 1655 1606 1725 legant
1631 1670 1646 1708 :
1670 1651 1749 1709 De

135 1751 230 1806 die
247 1762 419 1806 autem
444 1761 493 1807 et
523 1751 651 1805 hora
691 1767 837 1806 nemo
864 1753 949 1818 sit,
981 1767 1139 1820 neque
1169 1750 1352 1822 Angeli
1377 1750 1431 1803 in
1471 1749 1632 1815 cretis,
1658 1765 1748 1802 ne-

1862 530 1958 588 sed
2006 531 2373 601 responsionis
2423 528 2763 602 necessitas),
2815 529 2996 586 omnia
3035 529 3216 587 divina
3264 531 3354 588 illa
3401 541 3458 589 et

1861 635 2045 682 sancta
2101 625 2390 697 Evangelia
2439 625 2628 682 salutis
2677 625 2925 682 humanae
2959 643 3067 683 :ue
3111 642 3171 683 sc
3223 627 3454 685 invicem

1860 719 2128 775 contraria
2159 718 2423 774 dictorum
2452 719 2704 788 opinione
2729 727 3093 791 compugneut
3119 738 3132 774 :
3164 735 3234 777 ne
3260 721 3456 779 missu-

1861 829 1952 869 rus
1974 813 2232 868 Dominus
2251 811 2512 884 Spiritum
2531 821 2776 868 sanctum
2801 813 2918 884 ipse
2935 813 3002 870 de
3029 813 3233 884 Spiritu
3263 825 3453 872 sancto

1861 918 2016 964 natus
2047 908 2255 979 legatur
2285 926 2298 963 :
2331 908 2402 980 (ε)
2437 923 2504 964 nc
2548 917 2776 963 mortem
2822 909 3002 979 gladio
3032 909 3450 967 denuntiaturus

1858 1002 2059 1068 usuris,
2104 1001 2211 1057 emi
2257 1001 2492 1070 gladium
2530 1016 2788 1073 passurus
2818 1003 3018 1059 indicat
3045 1003 3261 1077 (Matth.
3295 1020 3451 1072 xxvi,

1858 1096 1952 1169 59.)
1979 1115 1990 1150 :
2021 1112 2087 1150 ne
2114 1095 2180 1150 ad
2220 1094 2425 1151 inferos
2453 1093 2835 1162 descensurus,
2869 1095 2921 1151 in
2954 1096 3200 1166 paradiso
3230 1098 3450 1154 sitcum

1857 1190 2067 1246 latrone
2116 1187 2298 1261 (Luae
2325 1204 2456 1256 xxu,
2482 1187 2571 1259 '56)
2603 1205 2616 1242 :
2649 1203 2716 1244 ne
2741 1198 3014 1259 postremo
3041 1189 3266 1261 apostoli
3297 1206 3452 1261 repe-

1854 1285 2063 1341 riantur
2108 1284 2159 1338 in
2210 1284 2435 1339 crimine
2464 1326 2478 1349 ,
2530 1283 2619 1354 qui
2661 1283 2934 1354 baptizare
2980 1284 3031 1338 in
3093 1284 3309 1341 nomine
3345 1285 3448 1341 Pa-

1855 1378 1952 1432 tris
1995 1386 2049 1431 et
2094 1375 2214 1430 Filii
2257 1383 2312 1431 et
2358 1375 2590 1445 Spiritus
2635 1376 2805 1431 sancti
2841 1357 2976 1445 jussi
3010 1375 3225 1444 (Matth.
3259 1393 3448 1442 xxvm,

1855 1469 1968 1538 l9),
2003 1479 2207 1525 tantum
2239 1470 2290 1524 in
2321 1469 2449 1524 Jesu
2475 1471 2690 1525 nomine
2720 1467 2798 1540 (d)
2822 1469 3446 1544 baptizaverunt(.4ct.x,

1850 1562 1968 1634 48).
2010 1561 2174 1618 Vobis
2215 1563 2380 1629 enim,
2429 1562 2666 1626 Fratres,
2703 1563 2854 1617 vocis
2878 1561 3019 1628 dico,
3063 1563 3155 1635 qui
3175 1563 3288 1635 jam
3333 1579 3440 1620 non

1850 1657 1990 1712 lacte
2035 1655 2261 1719 alimini.
2296 1656 2389 1710 sed
2424 1656 2578 1710 lirmo
2619 1655 2737 1710 cibo
2781 1655 2970 1711 valetis
3002 1654 3187 1728 (Hebr.
3220 1672 3275 1724 ν,
3303 1656 3395 1727 l2)
3430 1673 3444 1712 :

1849 1749 2140 1823 Numquid,
2169 1749 2292 1823 quia
2324 1752 2422 1806 ista
2453 1751 2727 1821 sapientes
2766 1751 2948 1805 mundi
2979 1766 3085 1806 non
3113 1751 3443 1822 intelligunt,

133 1863 238 1918 que
265 1845 316 1899 F
319 1847 463 1912 ilius,
494 1846 594 1900 nisi
627 1844 783 1899 Pater
809 1845 950 1900 solus
971 1843 1165 1915 (Mare.
1199 1856 1316 1910 xm,
1344 1841 1457 1916 52).
1491 1841 1608 1897 Non
1637 1841 1745 1896 sint
1776 1846 1822 1907 Β
1851 1858 1905 1902 et
1932 1847 2015 1901 his
2042 1846 2204 1902 stulta
2233 1854 2382 1912 sunt,
2412 1859 2510 1900 nos
2533 1861 2655 1900 cum
2692 1844 2894 1900 mundo
2920 1844 3197 1914 sapientes
3220 1845 3443 1915 erimus,

133 1953 358 2011 quoque
388 1939 507 1994 libri
538 1939 700 2011 Moysi
736 1957 747 1991 ε
783 1955 849 1994 nc
889 1937 1133 1994 teuebra:
1161 1938 1292 2003 Deo,
1318 1939 1411 2009 qui
1451 1935 1743 1992 iunascibi-

131 2032 246 2087 lcm
272 2032 446 2087 lucem
480 2030 706 2096 habitat,
750 2046 950 2086 comvac
990 2031 1132 2098 sint;
1162 2031 1285 2102 quia
1317 2031 1370 2086 in
1397 2029 1744 2101 Genesi(t,2)

129 2136 260 2196 post
289 2134 504 2181 noctem
532 2125 650 2180 dies
677 2139 857 2195 coepta
900 2126 970 2180 sit
1005 2143 1020 2180 :
1052 2141 1121 2181 ne
1162 2126 1287 2181 anni
1325 2123 1404 2198 (α)
1436 2123 1744 2179 Mathusalae

131 2227 357 2274 :etatem
389 2218 576 2275 diluvii
605 2219 874 2275 excedant
899 2218 1050 2293 (Gen.
1083 2237 1136 2286 v,
1162 2217 1281 2293 26),
1309 2229 1367 2276 et
1397 2234 1501 2275 non
1535 2229 1741 2274 tantum

127 2320 262 2367 octo
310 2313 422 2368 sint
475 2311 670 2368 animai
714 2322 1006 2368 reservata:
1048 2313 1110 2386 (I
1164 2311 1278 2368 Pet.
1331 2329 1406 2379 ιιι,
1447 2311 1559 2384 20)
1614 2331 1628 2367 :
1677 2326 1743 2368 ne

125 2407 434 2463 clamorem
490 2405 850 2462 Sodomorqu
898 2406 1120 2478 repletis
1169 2406 1280 2477 jam
1326 2407 1561 2478 peccatis
1599 2405 1744 2459 Deus

125 2500 385 2567 audiens,
432 2510 704 2570 tamquam
737 2501 989 2572 ignorans
1013 2505 1331 2567 clamorem,
1360 2501 1655 2557 descendat
1683 2509 1741 2556 ut

125 2595 325 2651 videat
351 2610 419 2649 an
453 2595 609 2665 plena
645 2595 754 2650 sint
793 2610 918 2651 cum
957 2595 1194 2651 clamore
1223 2604 1460 2666 peccata,
1490 2605 1542 2652 et
1585 2610 1738 2666 repe-

124 2693 310 2747 riatur
356 2691 500 2747 Deus
553 2693 763 2747 nescire
805 2692 946 2763 quod
997 2693 1160 2747 sciret
1202 2691 1354 2766 (Gen.
1405 2708 1558 2759 xvm,
1601 2691 1737 2764 ‘21):

123 2801 196 2840 ne
223 2785 513 2856 quiSquam
555 2800 770 2857 quoque
799 2787 1175 2856 sepelieutium
1224 2786 1417 2858 sepulti
1443 2787 1520 2860 (li)
1569 2786 1738 2858 Moysi

124 2880 265 2934 sciat
292 2878 600 2950 sepulcrum
627 2878 803 2951 (Deut.
837 2895 1024 2948 xxxw,
1052 2880 1142 2949 6);
1173 2894 1240 2934 ne
1263 2895 1358 2948 per
1376 2879 1514 2944 hmc,
1550 2887 1608 2933 ut
1629 2878 1737 2934 ha:-

122 2973 287 3028 retici
321 2981 527 3044 putant,
554 2974 766 3029 diversa
796 2974 878 3030 lex
912 2975 1023 3044 ipsa
1054 2974 1154 3030 sibi
1187 2975 1360 3030 hostis
1387 2975 1476 3029 sit.
1521 2974 1588 3029 Et
1614 2975 1738 3044 quia

121 3065 248 3123 hazc
276 3068 345 3123 ab
373 3067 457 3124 his
483 3084 587 3124 non
620 3069 1014 3140 intelliguntur,
1063 3085 1168 3125 non
1213 3070 1510 3141 legantura
1557 3070 1732 3126 nobis.

1849 1951 1906 1997 ut
1953 1941 2068 1997 hmc
2093 1942 2253 1997 stulta
2284 1939 2613 1996 credamus?
2654 1939 2720 1994 Et
2753 1941 2875 2010 quia
2923 1939 3040 1996 huic
3081 1941 3259 2011 impiis
3302 1955 3446 1996 caeca

1847 2046 2006 2101 sunt,
2066 2050 2164 2090 nos
2213 2051 2319 2090 non
2369 2035 2664 2090 Iucehimus
2714 2035 2984 2090 intellecta
3033 2035 3260 2090 veritate
3313 2033 3446 2091 doc-

1848 2129 2037 2184 trinae?
2061 2127 2198 2184 Male
2227 2130 2427 2183 sanctis
2456 2128 2615 2183 rebus
2655 2126 3051 2198 przejudicatur,
3093 2128 3138 2183 si
3167 2128 3297 2199 quia
3339 2141 3444 2183 non

1848 2231 2052 2279 sancta:
2092 2237 2121 2276 a
2151 2221 2468 2293 quibusdam
2524 2220 2840 2286 habeantur,
2898 2235 3020 2276 esse
3074 2234 3181 2275 non
3222 2219 3442 2275 debent.

1847 2316 1963 2372 Non
1996 2332 2125 2387 ergo
2170 2315 2462 2388 gloriemur
2491 2328 2652 2370 cruce
2691 2313 2914 2380 Christi,
2961 2315 3084 2384 quia
3130 2311 3442 2369 scandalum

1847 2410 2047 2466 mundo
2073 2417 2192 2464 est:
2223 2424 2394 2480 neque
2441 2409 2493 2463 in
2520 2407 2736 2463 vivente
2777 2407 2887 2462 Deo
2923 2415 3154 2462 mortem
3182 2405 3442 2478 pra-dice-

1845 2518 1988 2570 mus,
2018 2519 2085 2558 ne
2115 2504 2182 2558 ab
2213 2503 2390 2572 impiis
2421 2511 2667 2557 mortuus
2687 2501 2830 2556 Deus
2860 2511 3136 2572 arguatur.

1917 2598 2006 2654 86.
2058 2599 2136 2651 An
2174 2597 2292 2668 quia
2319 2596 2380 2650 ab
2410 2595 2479 2652 80
2507 2596 2761 2665 episcOpis
2798 2598 3065 2669 rejectum.
3096 2624 3169 2636 -ο
3190 2593 3327 2650 Male
3359 2594 3443 2651 in-

1847 2695 2107 2765 telligitur
2137 2692 2456 2747 ltomousion
2493 2689 2659 2761 :quid
2702 2689 2766 2744 ad
2825 2705 2910 2744 me
2956 2683 3093 2744 bene
3139 2688 3444 2758 intelligen-

1847 2790 2000 2845 tem?
2041 2787 2176 2842 Male
2224 2785 2542 2840 homousiou
2584 2783 2744 2856 513
2773 2781 2842 2857 (e)
2895 2783 3277 2841 Samosatenus
3311 2797 3442 2838 con-

1846 2884 2022 2939 lessus
2076 2879 2320 2936 estzsed
2358 2878 2617 2948 numquid
2669 2877 2862 2932 melius
2910 2877 3023 2932 Arii
3071 2876 3444 2946 negaverunt?

1793 2965 1796 2968 ’
1845 2975 2128 3045 Octoginta
2158 2973 2225 3046 (f)
2257 2971 2495 3044 episc0pi
2527 2970 2656 3024 olim
2699 2979 3052 3039 rCSpttet‘uttt;
3082 2969 3177 3024 sed
3205 2969 3432 3025 trecenti

1843 3077 1898 3126 et
1918 3067 2106 3124 decem
2135 3075 2259 3122 octo
2287 3077 2458 3133 nuper
2484 3069 2826 3132 receperunt.
2859 3061 2936 3135 (α)
2969 3062 3036 3117 Ει
3066 3061 3194 3118 mihi
3221 3061 3436 3134 quidem

199 3225 281 3299 (ιι)
321 3227 395 3282 De
423 3228 580 3284 anuis
606 3228 914 3284 Mathusala:
949 3239 1083 3286 teste
1105 3230 1430 3300 Augustino,
1456 3230 1548 3285 lib.
1570 3247 1638 3286 xv
1669 3230 1736 3287 tle
1762 3229 1808 3291 C
1843 3228 2062 3300 stitutus
2084 3228 2171 3294 sit,
2197 3221 2446 3300 quamvis
2472 3221 2682 3278 dandus
2711 3222 2764 3276 in
2795 3223 3010 3276 nomine
3033 3220 3212 3277 Patris
3242 3228 3297 3276 et
3318 3219 3441 3277 Filii

119 3299 246 3355 Civ.
281 3300 374 3354 Dei
407 3315 456 3374 c.
504 3302 592 3364 15,
623 3303 749 3355 olim
785 3301 880 3374 luit
903 3303 1120 3366 quwstio
1147 3299 1512 3374 [uitiosissimm
1562 3303 1630 3358 iis
1657 3312 1734 3358 ta-

119 3388 279 3436 men,
317 3381 373 3424 ut
405 3371 545 3426 idem
577 3378 733 3428 tlocet
761 3373 850 3428 lib.
888 3390 925 3428 ιι
953 3374 1022 3429 de
1053 3371 1204 3442 pecc.
1250 3374 1398 3444 Orig.
1430 3391 1480 3430 ο.
1509 3374 1600 3442 2⁸5,
1634 3391 1734 3428 au-

117 3446 488 3516 numerantla,
520 3461 639 3515 qua:
669 3445 905 3514 ignorari
943 3446 1089 3499 Salva
1120 3445 1423 3500 Christiana
1471 3447 1574 3502 lide
1605 3461 1732 3516 pos-

116 3525 278 3571 sunt.
308 3514 458 3570 Hanc
479 3514 692 3586 quiiqtie
719 3517 1076 3588 Hieronymus
1104 3521 1154 3571 in
1177 3519 1380 3584 Quaest.
1405 3517 1572 3572 Hebr.
1603 3514 1734 3574 dicit

117 3587 482 3658 disputatione
511 3590 737 3642 omnium
767 3587 1091 3644 ecclesiarum
1129 3590 1440 3643 ventilatam.
1477 3590 1728 3658 Disputa-

116 3667 203 3714 tio
245 3657 375 3732 hinc
419 3669 540 3713 nata
568 3669 675 3732 est,
709 3659 849 3732 quod
877 3660 1171 3716 secundum
1205 3659 1348 3716 LXX
1375 3657 1731 3732 interpretum

113 3730 426 3785 editionem
457 3731 751 3786 Mathusala
786 3731 852 3786 14
878 3749 1051 3787 annos
1079 3745 1199 3798 post
1243 3734 1500 3788 diluvium
1523 3730 1733 3790 vixisse

114 3811 573 3876 computaretur:
606 3813 772 3876 atque
822 3805 956 3859 adeo
1006 3806 1202 3858 anima:
1253 3805 1372 3876 plus
1403 3822 1560 3874 quam
1608 3816 1733 3861 octo

113 3875 358 3929 fuissent
393 3887 700 3930 reservatte.
732 3874 1039 3931 Secundum
1088 3874 1370 3930 Hebraeam
1412 3887 1614 3944 tamen,
1645 3879 1729 3933 cui

115 3957 313 4000 nostra
346 3945 572 4016 Vulgata
619 3960 900 4014 consonat,
935 3948 1078 4002 nulla
1125 3957 1207 4002 est
1242 3946 1578 4003 difﬁcultas:
1608 3966 1728 4004 cum

113 4017 245 4086 ipso
291 4019 480 4072 diluvii
533 4034 675 4073 anno
708 4021 994 4074 deluncms
1044 4021 1366 4087 reperiatur.
1400 4019 1502 4076 Ubi
1547 4031 1729 4076 autem

111 4090 349 4144 codices
377 4091 725 4155 dissentiunt,
757 4093 802 4144 ei
833 4093 1002 4161 potius
1033 4091 1226 4163 lingua:
1270 4092 1527 4158 credatur,
1560 4093 1732 4163 inquit

110 4165 490 4232 Augustinus,
528 4163 646 4217 loco
667 4165 776 4230 jam
806 4162 1100 4217 laudatode
1115 4163 1234 4218 Civ.
1269 4163 1385 4227 Dei,
1416 4166 1550 4218 unde
1577 4162 1647 4218 est
1677 4165 1730 4218 in

109 4235 284 4287 alium
316 4251 407 4305 per
435 4234 734 4302 interpretes
780 4238 917 4304 facta
959 4233 1249 4288 translatio.
1280 4235 1639 4304 Quamquam,
1671 4246 1731 4290 ut

108 4305 268 4360 idem
303 4305 434 4360 ibid.
469 4305 703 4376 subjicit.
732 4307 783 4358 in
812 4305 1115 4376 quibusdam
1144 4306 1402 4360 codicibus
1428 4308 1612 4374 grwcis
1634 4309 1726 4360 tri-

109 4377 235 4443 bus,
270 4393 376 4430 uno
405 4378 583 4444 latino,
618 4388 663 4430 et
689 4393 788 4430 uno
817 4379 968 4431 etiam
995 4377 1132 4447 Syro
1162 4379 1297 4431 inter
1325 4395 1378 4432 se
1406 4381 1726 4434 consentien-

105 4451 258 4503 tibus
291 4460 527 4503 utventus
558 4459 630 4503 est
672 4448 1019 4504 Mathusalein
1046 4465 1136 4503 sea:
1157 4451 1310 4504 annis
1339 4459 1456 4505 ante
1477 4451 1729 4506 diluvium

104 4522 285 4591 fuisse
308 4523 601 4588 defunctus.

187 4611 271 4698 (b)
326 4611 452 4698 Non
486 4621 646 4696 negat
696 4613 956 4698 Hilarius,
1009 4613 1086 4696 uti
1150 4612 1422 4698 Srcultetus
1466 4616 1811 4698 loqui_tur,D

103 4697 359 4758 mortem
405 4685 573 4758 Moysi
622 4695 807 4758 contra
857 4685 1128 4756 ipsissima
1176 4687 1470 4758 Scriptura:
1516 4685 1722 4744 verba:

103 4757 212 4811 sed
259 4772 384 4812 eam
431 4757 503 4810 ita
549 4758 600 4811 in
643 4757 810 4812 sacris
842 4758 1036 4812 litteris
1082 4757 1394 4826 expressam
1440 4760 1619 4825 docet,
1672 4769 1728 4814 ut

103 4844 396 4883 summam
425 4830 524 4883 sub
552 4844 734 4884 earum
766 4830 941 4884 verbis
970 4828 1338 4884 difﬁcultatem
1387 4831 1559 4887 latere
1590 4833 1728 4887 indi-

101 4913 226 4955 cet.
258 4897 474 4955 Videsis
496 4900 639 4971 quod
665 4915 725 4956 ea
755 4901 822 4956 de
845 4916 902 4956 re
928 4911 1242 4957 annotatum
1267 4903 1435 4958 estad
1457 4919 1606 4959 num.
1636 4905 1724 4971 10,

100 4987 241 5043 cap.
282 4971 353 5026 ΞΟ
377 4986 579 5027 comm.
613 4973 663 5027 in
694 4971 882 5028 Matth.

179 5068 266 5142 (ε)
300 5067 572 5143 Ειιίιὶηιιθ
611 5077 828 5143 ιιιρνιειη
870 5077 917 5143 et
945 5068 1194 5143 gladium.
1237 5068 1457 5126 Rectius
1496 5085 1628 5126 mss.
1666 5087 1729 5126 ne

96 5139 343 5196 mortem
368 5139 568 5211 gladio,
596 5140 713 5195 scil.
747 5139 940 5194 usuris.

182 5234 279 5306 (d)
315 5233 380 5308 Ald
409 5242 526 5308 est,
559 5233 878 5308 baptizasse
917 5233 1166 5308 leguntur
1197 5234 1250 5290 in
1298 5235 1466 5303 Actis,
1499 5250 1727 5308 quorum

98 5305 358 5378 proinde
407 5305 608 5378 locutio
643 5305 984 5360 concilianda
1013 5315 1097 5361 est
1138 5322 1258 5362 cum
1304 5305 1572 5378 praicepto
1623 5309 1728 5364 Do-

97 5376 284 5444 inini,
331 5392 436 5448 quo
474 5376 636 5446 jussit
679 5378 954 5448 baptizare
999 5379 1052 5432 in
1103 5376 1322 5433 nomine
1373 5376 1567 5447 Patris,
1616 5390 1720 5436 etc.

91 5452 382 5524 Agnoscit
414 5449 649 5524 Hilarius
671 5449 770 5504 hoc
792 5449 1049 5519 apostolis
1075 5449 1334 5524 aChristo
1357 5461 1718 5524 praeceptum:

92 5522 270 5593 atqui
326 5522 508 5598 procul
559 5522 741 5598 abest,
790 5531 846 5576 ut
897 5522 1174 5591 apostolos
1210 5525 1469 5598 praecepti
1519 5522 1719 5598 Christi

93 5593 558 5666 transgressores
587 5593 857 5666 existimet
886 5611 899 5666 ;
931 5603 1181 5666 superest
1207 5594 1388 5666 itaque
1416 5604 1474 5651 ut
1509 5596 1722 5653 dubita-

91 5669 259 5721 νισι-ιι
289 5665 504 5739 saltem,
531 5679 597 5739 an
618 5663 851 5739 apostoli
885 5665 936 5720 in
965 5667 1080 5739 solo
1107 5663 1318 5739 Christi
1341 5669 1557 5724 nomine
1589 5669 1720 5739 bap-

92 5737 430 5802 tizaveriut,
474 5737 732 5807 quidquid
757 5737 1018 5793 adversus
1049 5737 1433 5796 Bellarmiuum
1463 5737 1721 5797 reclamet

91 5809 429 5884 Scultetus.
459 5808 764 5884 Baptismus
794 5809 844 5864 in
875 5809 1246 5884 uotuineiesu
1277 5811 1381 5867 dici
1414 5815 1604 5882 potuit,
1628 5815 1718 5884 qui

97 5898 226 5939 non
260 5889 323 5938 ut
351 5879 497 5954 prius
526 5881 770 5953 Joannis,
796 5883 890 5939 sed
918 5881 1046 5942 Jesu
1064 5881 1263 5940 (ιιηιτιί
1292 5879 1608 5946 auctoritate
1637 5879 1719 5946 itt-

1841 3311 1897 3356 et
1923 3299 2158 3365 Spiritus
2189 3296 2384 3352 sancti.

1913 3364 1984 3444 (e)
2016 3369 2364 3444 Athanasius,
2396 3367 2488 3444 lib.
2521 3365 2590 3444 dAe
2622 3365 2852 3438 Synod.,
2897 3381 2948 3434 p.
2982 3364 3110 3431 919,
3163 3364 3443 3444 insinuare

1838 3437 1976 3499 velle
2024 3443 2257 3508 videtur,
2291 3440 2513 3494 Paulum
2542 3437 2952 3493 Samosatenum
2984 3454 3092 3492 non
3125 3439 3292 3492 verbo
3340 3438 3437 3492 ho-

1835 3516 2071 3570 mousion
2101 3513 2334 3566 hwresim
2369 3527 2515 3565 suam
2547 3511 2872 3582 expressisse,
2900 3510 2995 3564 sed
3023 3525 3143 3562 cum
3169 3509 3441 3582 declinare

1838 3594 2073 3642 tentaret.
2100 3583 2632 3644 condemnationem,
2662 3581 2792 3635 illud
2819 3596 2912 3649 per
2934 3582 3208 3649 sepltisma
3236 3585 3314 3636 sic
3335 3581 3434 3636 ob—

1830 3659 2031 3728 jecisse
2061 3677 2074 3712 :
2120 3657 2197 3728 Si,
2226 3652 2459 3728 Christus
2487 3671 2588 3707 non
2614 3670 2691 3728 ex
2730 3652 2934 3728 homine
2977 3652 3112 3707 Deus
3143 3652 3308 3728 [actus
3328 3663 3441 3728 est;

1835 3724 1993 3800 igitur
2022 3727 2473 3783 consubstantialis
2500 3736 2573 3778 est
2604 3724 2752 3800 Patri
2781 3739 2798 3778 :
2828 3734 2874 3777 et
2905 3725 3189 3800 necessario
3213 3725 3439 3800 sequitur

1836 3796 1938 3858 tres
1963 3819 2070 3856 esse
2085 3801 2416 3862 substantias,
2441 3813 2592 3850 unam
2608 3798 2809 3866 quidem
2827 3811 2939 3865 quw
2966 3796 3109 3864 prior
3140 3797 3206 3850 sit
3227 3807 3280 3850 ut
3300 3796 3443 3866 prin-

1835 3891 1976 3943 ceps,
2009 3872 2232 3941 reliquas
2261 3888 2374 3924 vero
2401 3869 2532 3943 duas
2578 3865 2640 3922 ea:
2669 3885 2729 3943 ea
2771 3867 3036 3943 oriundus.
3066 3865 3322 3937 Adeoque
3350 3868 3439 3922 ille

1836 3939 1940 4001 non
1972 3939 2185 3998 since-ro
2225 3944 2405 3996 animo
2452 3939 2768 3993 bomottsiou
2813 3939 3093 4009 confessus
3113 3948 3214 4006 est,
3249 3953 3440 4009 quam-

1834 4019 1916 4071 vis
1941 4016 2083 4070 aliud
2109 4016 2194 4080 hic
2218 4022 2426 4068 asserat
2453 4021 2636 4065 noster
2661 4008 3092 4079 llilarius.Cujus
3116 4008 3293 4064 tamen
3313 4025 3439 4064 sen-

1836 4089 2058 4144 tentiam
2100 4085 2383 4141 conﬁrmat
2411 4083 2706 4153 legatorqu
2757 4085 3160 4152 Aucyrauorum
3211 4081 3436 4148 epistola

1835 4161 2084 4226 Superius
2112 4157 2417 4212 summatim
2451 4155 2643 4219 relata,
2673 4169 2775 4226 qua
2823 4169 3007 4208 vocem
3066 4153 3381 4208 ltomousion
3405 4168 3436 4208 a

1835 4223 2084 4286 Pati-ibus
2112 4228 2360 4283 Antioch.
2412 4226 2534 4280 ideo
2593 4223 2922 4294 repudiatam
2959 4239 3080 4279 esse
3131 4232 3434 4282 testantur:

1838 4304 1969 4370 Quia
1983 4303 2316 4358 Samosateus
2339 4315 2426 4368 per
2441 4296 2575 4350 hanc
2598 4301 2748 4370 utrius
2763 4298 2992 4370 essentiw
3005 4295 3435 4370 nuncupationem

1833 4365 2121 4429 solitarium
2167 4382 2316 4442 atque
2340 4365 2346 4368 ν
2371 4371 2575 4424 unicum
2630 4369 2741 4442 sibi,
2777 4386 2884 4423 esse
2917 4367 3123 4442 Patrem
3164 4365 3210 4421 et
3240 4365 3289 4421 F
3292 4368 3438 4442 ilium

1835 4447 2168 4516 praedicabat.
2197 4439 2264 4499 Et
2308 4458 2438 4498 vero
2490 4441 2813 4516 Athanasius
2857 4441 3212 4516 Antiocheam
3241 4439 3434 4516 synodi

1834 4511 2020 4573 contra
2053 4518 2273 4572 Paulum
2299 4524 2638 4586 congregata:
2681 4511 2959 4586 epistolam
3007 4511 3110 4567 sibi
3144 4511 3258 4565 haec
3294 4513 3437 4586 scri-

1835 4589 1985 4645 benti
2014 4589 2247 4645 defuisse
2287 4583 2824 4660 prtemonens,_satis
2855 4584 3052 4660 indicat
3081 4583 3436 4660 ttonexigen-

1835 4661 1957 4716 dam
1981 4677 2013 4715 a
2037 4677 2096 4716 se
2125 4677 2250 4717 esse
2276 4653 2581 4716 accuratam
2607 4657 2681 4711 rei
2715 4659 3100 4710 narrationem.
3145 4653 3329 4708 Nihilo
3355 4665 3435 4708 ta-

1837 4749 1959 4788 men
1992 4736 2170 4788 minus
2199 4749 2319 4788 cum
2372 4731 2574 4786 Hilario
2592 4727 2830 4783 defendit
2861 4727 3174 4780 vocabulum
3205 4725 3436 4780 homou-

1834 4806 1953 4860 sion
1977 4806 2164 4860 eadem
2184 4805 2289 4860 ﬁde
2314 4813 2366 4860 et
2392 4803 2460 4856 ab
2477 4799 2818 4854 Antiochcno
2842 4798 3070 4854 concilio
3088 4797 3428 4869 repudiatum

1835 4887 1889 4932 et
1917 4893 1946 4931 a
1978 4876 2198 4932 Niczeno
2231 4886 2532 4944 receptum.

1908 4952 1976 5021 (f)
2007 4942 2373 5021 Septuaginta
2396 4952 2600 5021 tantum
2637 4953 3012 5021 memorantur
3033 4943 3108 5021 ab
3132 4942 3435 5021 Athanasio

1831 5013 2030 5076 libl'de
2057 5013 2288 5090 Synod.,
2315 5036 2365 5089 p.
2397 5017 2501 5075 918
2531 5024 2586 5090 et
2632 5017 2758 5071 9l9.
2787 5015 3004 5090 Contra
3033 5015 3262 5090 Basilius
3289 5013 3428 5090 diae.

1830 5092 2029 5163 aliique
2059 5085 2394 5148 monachi'in
2424 5089 2604 5163 libello
2629 5103 2787 5158 quem
2816 5089 2868 5143 in
2910 5085 3181 5157 liphesino
3203 5085 3433 5163 concilio

1830 5157 2398 5227 obtulerunt,centum
2431 5157 2702 5232 octoginta
2745 5169 3028 5216 recensent
3057 5167 3099 5212 t.
3134 5157 3428 5232 ttt_Coucil.

1830 5250 1884 5306 p.
1915 5235 2026 5290 425
2055 5252 2070 5301 ;
2100 5235 2283 5290 scribit
2325 5251 2454 5290 vero
2503 5229 2792 5306 Eusebius,
2819 5234 2911 5288 lib.
2942 5247 3038 5298 vu,
3067 5245 3117 5285 c.
3141 5229 3231 5295 9.9,
3264 5242 3433 5300 prope

1828 5303 2250 5362 innumerabiles
2281 5307 2333 5362 itt
2361 5323 2480 5363 eam
2510 5303 2778 5378 synodum
2801 5309 3140 5362 convenisse.

1903 5381 2070 5455 (g)lta
2099 5381 2371 5449 Liberius,
2402 5382 2894 5455 apud__Socrateni,
2927 5381 3015 5436 lib.
3061 5393 3204 5455 tv,_c.
3237 5377 3326 5455 12,
3357 5377 3428 5455 ad

1829 5450 2130 5510 Orientales
2157 5450 2503 5513 rescribens:
2543 5452 2666 5509 Non
2695 5455 2909 5526 fortuito
2939 5468 3084 5526 casu,
3127 5451 3319 5526 inquit,
3338 5450 3428 5504 sed

1827 5528 1999 5581 divino
2039 5537 2164 5582 nutu
2194 5537 2266 5582 tot
2289 5530 2646 5600 episcoporum
2677 5521 2918 5600 numerus
2941 5521 3180 5576 adversus
3208 5521 3319 5600 Arii
3347 5538 3427 5576 ve-

1825 5601 2025 5674 saniam
2048 5595 2388 5674 congregatus
2417 5595 2490 5656 est
2514 5609 2755 5674 :qunnto
2778 5597 2988 5674 scilicet
3016 5609 3227 5674 numero
3253 5595 3428 5674 bemus

1825 5672 2085 5727 Abraham
2110 5667 2182 5727 tot
2209 5667 2430 5727 hostium
2455 5667 2620 5725 millia
2640 5687 2730 5741 per
2758 5669 2920 5741 fidem
2944 5667 3426 5741 profligavitﬁui-

1820 5743 1924 5800 bus
1950 5748 2298 5800 consentiunt
2323 5739 2876 5815 prologusAmbrosii
2911 5739 2961 5794 itt
2993 5739 3138 5795 libgt
3169 5741 3237 5815 de
3269 5739 3420 5815 Fide,

1824 5832 1880 5871 ιι.
1915 5815 1971 5882 5,
1999 5826 2053 5872 et
2081 5812 2340 5888 praefatio
2377 5812 2633 5888 lib.'i_dc
2661 5813 2864 5888 Spiritu
2910 5823 3118 5888 saneto,
3151 5813 3242 5888 qui
3300 5812 3428 5888 l’as-

1822 5890 2011 5948 cliasio
2033 5883 2264 5946 diacono
2296 5887 2453 5961 vulgo
2476 5886 2752 5957 tribuitur,
2787 5885 2854 5942 de
2875 5900 2983 5958 quo
3013 5883 3056 5942 si
3089 5884 3307 5959 quidem
3337 5884 3422 5942 in-
