3996 6330
608 280 714 339 539

1794 281 2037 340 SANti‘I'I
2069 279 2322 337 illLARll
2364 276 2668 337 EPISCUPI
3716 290 3785 346 Sili

607 397 724 468 ipse
768 394 857 452 ille
884 409 1144 451 numerus
1172 394 1260 451 hic
1286 405 1504 451 sanctus
1529 404 1611 450 est
1630 436 1644 459 .
1696 394 1749 451 in
1792 411 1900 467 quo
1928 396 2199 453 Abraham
2228 397 2277 459 Α
2306 393 2448 450 enim
2480 391 2649 448 videri
2679 399 2855 464 potest
2893 390 3060 463 impie
3084 391 3213 457 dici,
3243 400 3302 448 ut
3328 393 3442 465 quia
3468 405 3674 459 aestum
3695 406 3788 458 seri.

605 492 778 546 victor
817 504 1003 561 regum
1053 488 1336 559 impiorum
1370 486 1526 560 (Gen.
1576 506 1688 556 stv,
1741 488 1847 565 Ii),
1898 492 1969 548 ab
2001 506 2069 547 eo
2106 491 2198 562 qui

603 581 789 639 aeterni
828 580 1119 639 sacerdotii
1144 589 1231 638 est
1257 581 1451 650 forma,
1484 581 1843 640 benedicitur.
1893 583 1970 639 Illi
2009 594 2200 641 centra

609 675 925 732 bmreticum
969 675 1410 747 improbaverunt
1437 696 1451 732 :
1483 676 1743 748 numquid
1774 685 1831 734 ct
1856 677 1944 733 isti
1973 693 2079 735 non
2105 677 2201 733 ad-

603 782 820 824 versum
850 767 1165 827 haereticum
1192 770 1578 837 probaverunt?
1596 770 1787 829 Gravis
1808 772 2099 826 auctoritas
2119 781 2203 827 est

612 872 855 918 veterum
890 880 903 916 :
939 863 1198 933 numquid
1230 872 1287 918 et
1328 862 1518 919 horum
1553 865 1682 919 levis
1712 865 1971 923 sanctitas
1995 866 2113 922 est?
2144 863 2202 922 Si

603 955 873 1013 contraria
904 955 1131 1011 invicem
1178 966 1486 1020 senserunt,
1526 956 1785 1013 debemus
1813 958 1965 1028 quasi
1991 959 2202 1029 judices

609 1050 839 1119 probare
861 1051 1083 1105 meliora
1114 1067 1127 1104 :
1159 1050 1204 1104 si
1234 1064 1365 1106 vero
1390 1059 1446 1106 et
1474 1049 1751 1118 probando
1773 1059 1828 1106 et
1850 1050 2204 1120 improbando

604 1158 770 1199 unum
798 1142 876 1213 (a)
909 1154 1199 1214 utrumque
1224 1150 1549 1209 statuerunt,
1581 1143 1709 1215 quid
1747 1143 1882 1200 bene
1908 1146 2203 1202 constituta

605 1236 997 1293 convellimus?

674 1330 764 1385 87.
797 1331 876 1385 Att
914 1329 1055 1401 quod
1093 1330 1363 1386 tacendum
1407 1330 1629 1386 decrevit
1679 1330 1851 1395 θείω,
1880 1333 1968 1402 qui
2015 1331 2208 1388 Nictca

604 1420 1048 1491 iuterfuit.—-Sed
1065 1423 1202 1477 forte
1217 1421 1428 1479 dicetur
1451 1423 1603 1490 mihi,
1625 1423 1800 1493 Aliqui
1826 1422 1984 1478 hodie
2005 1439 2073 1480 ex
2098 1423 2203 1493 bis,

605 1516 697 1587 qui
727 1527 836 1571 tum
869 1516 1079 1589 synodo
1128 1518 1487 1574 interfuerunt
1517 1561 1534 1583 ,
1587 1519 1870 1575 tacendum
1904 1519 1979 1593 (ὁ)
2011 1522 2077 1575 de
2111 1522 2206 1577 lto-

607 1610 817 1666 mousio
854 1626 976 1668 esse
1025 1610 1403 1667 decreverunt.
1456 1611 1526 1669 Et
1575 1629 1676 1683 ego
1728 1614 1931 1669 invitus
1978 1615 2053 1688 (ε)
2083 1615 2208 1673 licet

606 1704 951 1774 respondebo
995 1704 1194 1760 dicenti
1224 1720 1238 1759 :
1270 1704 1537 1777 Numquid
1571 1720 1676 1760 non
1706 1714 1764 1762 et
1792 1706 1891 1777 ipsi
1918 1709 2205 1764 tacendum

2304 497 2453 563 ptum
2508 488 2827 561 reperiatur,
2859 498 2956 549 aut
3000 498 3253 547 neutrum
3292 487 3621 549 confitendum
3645 496 3712 562 sit,
3729 511 3791 555 aut

2304 594 2613 655 utrumque.

2371 678 2464 736 88.
2513 677 2830 735 Homousion
2873 677 3000 751 quid
3043 678 3297 751 intelligat
3337 678 3568 736 Hilarius.
3609 683 3794 743 Adamn

2302 773 2607 829 Itomousiou
2658 773 2890 839 scruputi
2935 774 3611 840 levantur.—llomousion,
3635 781 3797 835 sanctis-

2305 869 2426 925 simi
2459 868 2577 933 viri,
2617 868 2860 940 intelligo
2912 885 2978 925 ex
3008 869 3119 925 Deo
3146 867 3335 937 Deum,
3370 886 3469 924 non
3494 869 3798 929 dissimiliter—

2304 964 2518 1029 sentire,
2548 978 2652 1017 non
2701 960 2956 1029 divisum,
2983 963 3078 1018 sed
3110 971 3319 1027 natum,
3340 974 3394 1018 et
3443 978 3504 1020 ex
3550 965 3799 1025 inuaseililis

2308 1055 2402 1112 Dei
2425 1055 2724 1112 substantia
2757 1054 2837 1128 (ὀ)
2866 1055 3208 1125 congenitam
3241 1056 3295 1111 in
3324 1054 3476 1123 Filio,
3498 1058 3735 1113 secttadunt
3750 1060 3799 1114 si.

2307 1148 2694 1216 militudinem,
2727 1149 3058 1219 unigenitant
3096 1148 3450 1205 nativitatem.
3502 1147 3569 1203 Ita
3611 1163 3802 1208 meantes

2307 1243 2723 1313 intelligentem,
2754 1258 2861 1297 non
2886 1241 3237 1301 mediocriter
3267 1241 3334 1297 ad
3365 1242 3414 1297 id
3440 1243 3804 1298 ουιιίίτιηπὶιιιιυ-

2309 1335 2580 1391 mousion.
2626 1334 2764 1403 Quid
2806 1334 2965 1390 fidem
3012 1350 3185 1391 meam
3217 1335 3271 1390 in
3313 1335 3610 1391 ltomousion
3631 1336 3805 1401 damnas.

2308 1445 2467 1501 quam
2497 1428 2679 1503 per(e)
2703 1429 2992 1486 homteusii
3024 1429 3414 1500 professionem
3447 1444 3546 1484 non
3578 1439 3702 1501 potes
3739 1448 3806 1485 non

2310 1523 2588 1593 probare?
2641 1524 2874 1581 Damnas
2929 1524 3072 1577 enim
3123 1522 3285 1578 ﬁdem
3343 1538 3533 1589 meam,
3578 1525 3648 1579 vel
3689 1526 3810 1594 pitius

2311 1629 2480 1685 tuam,
2502 1632 2624 1673 cum
2677 1617 2903 1673 damnas
2947 1616 3387 1688 intelligentiam,
3414 1618 3525 1685 ejus
3569 1618 3615 1673 in
3640 1620 3804 1675 nomine

2312 1711 2416 1768 Sed
2447 1713 2585 1768 male
2610 1710 2747 1768 alius
2773 1710 3057 1780 intelligit?
3091 1711 3418 1766 Damnemus
3443 1711 3493 1766 itt
3509 1726 3741 1768 commune
3762 1713 3809 1767 vi-

604 1796 674 1852 de
712 1797 1016 1854 hommusio
1065 1812 1189 1854 esse
1231 1798 1565 1855 constituunt
1596 1799 1619 1852 τ
1648 1797 1757 1855 Oro
1786 1815 1903 1866 vos,
1961 1816 2028 1856 ne
2055 1802 2201 1870 quise
2231 1809 2279 1870 B
2307 1806 3063 1875 tiosamiutelligentiam.non
3080 1804 3390 1861 auferamus
3405 1804 3522 1861 fidei
3537 1806 3810 1861 securitatem.

607 1907 764 1963 quam
790 1892 925 1948 alius
945 1908 1012 1951 ex
1040 1892 1126 1949 his
1146 1902 1342 1964 praeter
1358 1908 1542 1949 senem
1568 1892 1775 1957 Osium,
1793 1901 1849 1948 et
1865 1893 2036 1965 ipsum
2053 1894 2200 1951 illum

606 1985 828 2041 nimium
855 1985 1126 2056 sepulchri
1148 1987 1230 2042 sui
1255 1995 1549 2053 amantem,
1583 1986 1905 2056 reperiatur,
1931 1988 2021 2058 qui
2041 1987 2206 2061 514

606 2083 892 2139 tacendum
937 2097 1062 2139 esse
1089 2083 1362 2139 existimet
1388 2082 1457 2138 de
1479 2093 1727 2153 utroque.
1763 2083 1829 2137 Et
1853 2098 1961 2153 quo
1985 2083 2202 2140 tandem

590 2160 658 2231 in
686 2177 849 2231 tantis
880 2176 1259 2233 luereticorum
1308 2175 1582 2234 furoribus
1632 2176 1956 2242 recidemus,
1985 2177 2031 2233 si
2071 2177 2202 2234 dum

604 2283 712 2326 non
745 2277 1033 2341 utrumque
1088 2269 1400 2341 recipimus,
1431 2280 1684 2326 neutrum
1712 2271 2055 2328 retinemus?
2085 2270 2202 2328 Non

598 2409 727 2464 cidit
755 2423 957 2469 sermo.
1014 2422 1118 2462 nou
1161 2408 1467 2477 gravabitur
1509 2408 1701 2473 lector,
1733 2409 1777 2463 si
1837 2408 2083 2478 qumdam
2117 2409 2201 2466 hic

602 2490 877 2537 momenta
906 2478 1212 2553 aderamus,
1263 2482 1459 2550 quibus
1504 2480 1642 2535 duos
1693 2480 1862 2535 libros
1889 2482 1958 2535 de
1995 2481 2201 2553 Spiritu

599 2562 789 2609 sancto
827 2553 928 2623 ipsi
962 2552 1096 2607 falso
1124 2552 1424 2623 adscriptas
1448 2567 1569 2608 esse
1589 2552 1994 2607 confirmamus.

671 2626 1042 2680 Observaruut
1063 2624 1171 2692 jam
1204 2624 1475 2690 noauttlli,
1506 2624 1672 2679 libros
1704 2624 1827 2679 illos
1858 2626 1908 2679 in
1938 2624 2199 2692 Vaticano

603 2712 708 2752 ms.
737 2695 935 2750 Fausto
982 2688 1273 2765 lihegiensi
1320 2688 1560 2751 attribui.
1592 2693 1689 2751 Cui
1722 2695 2058 2765 iuscriptioni
2087 2688 2200 2751 sui-

600 2770 837 2838 fragatttr
865 2766 1128 2823 Gennadii
1158 2769 1448 2823 auctoritas
1468 2808 1483 2830 ,
1532 2768 1671 2823 duos
1702 2768 1867 2822 libros
1896 2768 1965 2822 de
1993 2766 2195 2837 Spiritu

599 2852 791 2896 sancto
834 2841 976 2895 inter
1022 2838 1204 2894 Fausu
1256 2854 1418 2909 opera
1466 2840 1841 2895 recenseatis:
1888 2840 2031 2896 favet
2068 2856 2199 2896 vero

603 2912 894 2981 plurimum
923 2912 1057 2967 mira
1088 2912 1299 2966 illorqu
1326 2912 1591 2967 librorum
1618 2927 1740 2966 eum
1771 2912 1983 2969 caeteris
2012 2911 2196 2968 Fautti

600 2983 868 3051 Operibtts
887 2986 1195 3038 coasensio.
1228 2984 1485 3054 Namque,
1502 2982 1649 3038 vet-bi
1671 2984 1866 3052 gratia,
1895 2982 1987 3039 lib.
2013 3001 2045 3051 ι,
2068 3000 2116 3038 c.
2138 2985 2194 3050 5,

598 3056 866 3125 objectum
907 3067 1093 3110 contra
1118 3053 1236 3109 Filii
1259 3053 1613 3110 teterttitatem
1645 3054 1832 3109 eadem
1859 3056 2083 3110 diluitur
2112 3073 2199 3110 ra-

603 3133 768 3194 tione,
796 3128 980 3199 quain
1025 3128 1252 3198 epistola
1282 3127 1461 3182 Fausti
1512 3142 1620 3199 xvt.
1672 3126 1804 3181 Item
1861 3127 1954 3183 lib.
1982 3142 2038 3190 ll,
2072 3129 2195 3193 c.l,

602 3218 710 3257 non
765 3215 923 3256 secus
975 3214 1038 3255 ac
1088 3202 1140 3253 in
1197 3200 1451 3269 praedicta
1496 3198 1724 3268 epistola
1757 3240 1772 3263 ,
1832 3209 2199 3270 propugnatur

607 3274 773 3328 Deum
801 3272 975 3327 solum
1002 3272 1380 3340 incorporeum
1411 3286 1553 3337 esse,
1584 3286 1689 3325 non
1720 3270 1957 3325 animam
2012 3273 2200 3326 huma-

603 3360 731 3399 nam
760 3355 850 3398 aut
895 3346 1137 3414 angelos.
1192 3343 1348 3398 Plura
1382 3354 1675 3412 suppetunt
1706 3342 2011 3411 hujusmodi
2044 3359 2202 3413 argu-

604 3425 787 3470 menta
814 3434 828 3478 ;
860 3417 953 3469 sed
1004 3431 1089 3471 res
1120 3430 1224 3469 non
1255 3427 1337 3470 est
1362 3416 1518 3485 hujus
1544 3416 1667 3469 loci.
1694 3414 1859 3469 Nobis
1889 3423 2067 3469 tamen
2101 3416 2200 3470 ite.

608 3504 726 3541 rtun
757 3487 999 3557 ignoscat
1028 3489 1215 3549 lector,
1246 3489 1289 3541 si
1317 3505 1438 3541 eum
1491 3488 1613 3540 hinc
1646 3487 1934 3555 plurimum
1963 3487 2201 3557 adjuvari

608 3574 767 3628 posse
807 3574 1157 3624 maneamus,
1205 3559 1271 3613 ad
1320 3560 1697 3629 plerarumque
1744 3557 2201 3627 pseudo-Eusebii

607 3630 870 3687 Gallicani
916 3630 1257 3685 homiliarum
1320 3643 1592 3685 auctorem
1648 3630 2003 3700 indagandum
2041 3641 2204 3698 atque

607 3704 1124 3773 recognoscendttm.
1157 3702 1415 3757 Conferat
1459 3702 1601 3757 enim
1637 3701 1891 3773 primitur
1919 3701 2112 3758 horum
2143 3703 2205 3756 li-

609 3772 829 3829 brorum
855 3774 1222 3842 praefationem
1254 3791 1376 3829 eum
1405 3790 1508 3829 una
1563 3773 1804 3844 pl‘at‘dit'li
1856 3772 2073 3828 Eusebii
2108 3774 2206 3827 hu-

607 3845 756 3903 milia
790 3848 858 3902 de
882 3846 1173 3920 Syoubolo,
1205 3857 1314 3901 tum
1341 3849 1478 3920 hanc
1507 3861 1627 3901 cum
1657 3846 1825 3900 altera
1851 3845 1918 3900 de
1944 3844 2204 3920 Symbolo

611 3921 813 3989 pariter
858 3917 1130 3988 inscripta,
1178 3933 1243 3973 ac
1289 3917 1485 3973 deinde
1532 3929 1817 3988 utramque
1846 3933 1966 3972 cum
1998 3918 2203 3973 duabus

610 3992 677 4045 de
705 3990 997 4046 Nativitute
1026 4006 1087 4045 ac
1120 3989 1390 4061 pletisqtte
1423 3998 1489 4045 de
1521 3989 2202 4057 Pasclta,deAscensione,

608 4071 713 4118 etc.
745 4081 757 4117 :
795 4073 993 4118 tantam
1030 4078 1189 4131 porro
1218 4065 1269 4118 in
1305 4065 1368 4119 iis
1418 4063 1657 4118 inveniet
1683 4064 2122 4129 consensionem,
2149 4072 2207 4116 ut

611 4150 785 4205 neque
816 4136 884 4190 de
918 4148 1140 4204 parente
1183 4136 1416 4206 amplius
1444 4134 1783 4191 dubitaturus
1815 4134 1901 4188 sit.
1937 4134 2203 4188 Praeterea

609 4208 699 4276 qui
731 4208 1086 4262 Eusebianam
1121 4207 1398 4263 bomiliam
1430 4209 1481 4262 in
1510 4207 1649 4263 festo
1681 4209 1738 4262 S.
1770 4206 2053 4262 Trinitatis
2081 4222 2203 4260 cum

608 4293 727 4347 cap.
761 4279 795 4335 9
824 4290 876 4335 et
923 4278 989 4333 η
1019 4279 1263 4349 praedicti
1313 4281 1430 4351 libri
1463 4281 1568 4335 tde
1611 4278 1814 4348 Spiritu
1850 4286 2060 4342 sancto,
2084 4293 2209 4351 nec:

612 4364 717 4405 non
739 4366 862 4405 cum
891 4352 983 4406 lib.
1018 4348 1075 4417 tt,
1108 4368 1157 4405 c.
1184 4352 1242 4417 4,
1288 4348 1636 4419 compararit,
1661 4361 1948 4420 utrumque
1980 4364 2117 4418 opus
2136 4348 2205 4405 ad

612 4423 858 4495 eumdem
893 4424 1161 4493 pertinere
1192 4424 1332 4478 fat-ili
1356 4425 1570 4495 negotio
1598 4421 1987 4495 deprehendet.

686 4492 761 4565 (a)
792 4494 881 4550 Sic
937 4511 1057 4549 cum
1108 4495 1240 4550 Bad.
1276 4512 1405 4551 mss.
1434 4492 1556 4550 vnisi
1616 4494 1759 4565 quod
1806 4494 1858 4548 in
1909 4493 2119 4564 Retnig.
2149 4501 2206 4547 et

611 4564 770 4640 iliclt.
806 4577 1034 4640 uterque.
1061 4568 1129 4622 At
1156 4567 1272 4633 Er.,
1307 4567 1455 4640 Lips.
1481 4576 1536 4623 et
1562 4564 1681 4621 Par.
1714 4568 1935 4638 utrique.
1960 4565 2203 4640 Utraque

2306 1898 2526 1971 Synodo
2584 1898 2654 1973 (ι’)
2708 1898 3079 1955 Samosatenze
3123 1897 3558 1954 subscribendum
3598 1909 3741 1967 putas,
3770 1913 3813 1954 tte

2306 1993 2605 2051 secundum
2660 1993 3004 2051 Samosateui
3035 1993 3444 2065 intelligentiam
3484 1993 3722 2064 quisquam
3742 1994 3806 2047 uti

2310 2098 2535 2159 usurpet
2580 2087 2948 2145 ltomousiun?
2985 2087 3408 2144 Subacribamus
3434 2095 3489 2143 et
3527 2086 3689 2142 Niczrte
3708 2084 3812 2158 διε

2305 2182 2538 2254 synodo,
2572 2198 2641 2239 ne
2668 2181 2988 2239 bomousion
3017 2179 3094 2255 (ς)
3126 2182 3436 2252 improbent
3461 2181 3646 2237 Ariani.
3667 2179 3810 2247 Sedit)

2306 2276 2605 2333 verendum
2635 2287 2754 2342 est,
2790 2292 2857 2332 ne
2885 2275 3186 2333 secundum
3234 2274 3401 2330 ﬁdem
3432 2289 3534 2331 non
3558 2272 3812 2333 hominum

2305 2413 2381 2467 sis
2405 2412 2480 2467 ait
2509 2427 2523 2467 :
2556 2411 2678 2468 Non
2716 2413 3075 2469 desiderarunt
3118 2413 3344 2483 patrium
3372 2413 3664 2483 sepulcrum,
3688 2412 3811 2483 quibat

2305 2486 2660 2539 reservabatur
2684 2486 2882 2540 caeleste
2910 2485 3246 2540 domicilium.

2381 2554 2456 2628 (ε)
2486 2555 2546 2612 lu
2574 2556 2690 2611 haec
2719 2557 2880 2612 verba
2916 2556 3197 2628 manifeste
3241 2556 3389 2613 cadit
3424 2557 3722 2628 apologatica
3753 2555 3809 2610 illa

2304 2627 2441 2701 nota
2467 2645 2479 2683 :
2516 2629 2657 2701 Satis
2687 2628 2939 2701 absolute,
2975 2627 3192 2683 Domine
3220 2633 3385 2701 frater
3410 2627 3627 2701 Lucifer,
3645 2630 3809 2701 cognosti

2300 2700 2487 2772 potuit,
2519 2699 2734 2772 invitum
2776 2717 2855 2755 me
2898 2698 3164 2772 hommusii
3204 2697 3509 2772 mentionem
3538 2697 3810 2772 'Itabrrémd

2300 2770 2419 2842 quia
2447 2781 2504 2826 tu
2528 2770 2914 2827 similitudinem
2960 2770 3086 2825 Filii
3125 2774 3192 2825 ad
3220 2770 3429 2825 Patrem
3457 2771 3809 2842 medicatus,“-

2303 2840 2605 2917 monstrutio
2647 2846 2760 2917 ejus
2781 2861 2812 2897 a
2833 2860 2915 2917 me
2943 2843 3037 2912 fuit
3071 2845 3381 2917 exponenda
3401 2844 3509 2898 sine
3525 2844 3651 2897 vitio.
3677 2840 3720 2897 In
3741 2854 3810 2917 ηιξ.

2302 2923 2482 2970 tamen
2509 2912 2733 2970 Carnut.
2758 2925 2812 2969 et
2831 2916 2974 2973 aliis.
3007 2930 3071 2969 ex
3102 2912 3294 2984 quibus
3323 2930 3470 2970 nunc
3499 2917 3696 2982 primum
3717 2912 3812 2984 enti-

2304 2997 2409 3048 tur,
2446 2989 2643 3041 inserta
2697 2993 2781 3041 est
2812 2986 3053 3054 proxime
3102 2982 3220 3055 post
3245 2985 3367 3042 haec
3394 3001 3574 3041 versus
3596 2982 3813 3053 superititis

2302 3057 2462 3130 verba
2488 3076 2499 3112 :
2536 3058 2642 3113 Sed
2660 3060 2792 3130 forte
2816 3059 3012 3112 dicetur
3030 3058 3175 3112 mihi.

2376 3129 2461 3201 (ά)
2491 3130 2611 3184 Par.
2651 3141 2771 3201 post
2794 3130 3053 3201 Lipsium.
3080 3130 3456 3201 coingenitam:
3486 3129 3614 3184 male
3628 3135 3813 3182 etcnnlra

2306 3201 2466 3256 fidem
2487 3210 2805 3257 cteterorum
2856 3203 3136 3256 librorum.
3174 3202 3463 3271 Repugnat
3486 3203 3663 3272 quippe
3693 3208 3815 3272 utiu-

2305 3274 2487 3329 tit-itas
2509 3275 2601 3339 sit,
2621 3284 2677 3329 et
2706 3274 2962 3344 ingenita.
2995 3272 3109 3327 Non
3139 3267 3455 3342 displicéret
3486 3267 3817 3342 angentem.

2307 3346 2567 3419 tivitatetn
2615 3345 2936 3419 cougettitam
2982 3344 3111 3399 dicit
3151 3344 3442 3419 Aliilarius;
3469 3346 3585 3419 quia
3608 3344 3818 3419 genitacst

2304 3417 2465 3471 simul
2517 3426 2677 3484 atque
2705 3414 2909 3470 exstitit
2961 3416 3290 3472 innascibilis
3345 3418 3595 3472 essentia.
3626 3414 3817 3469 Additu-

2306 3489 2534 3542 cundum
2562 3488 2948 3559 similitudinem
2974 3506 2990 3549 :
3018 3504 3086 3543 ne
3114 3487 3356 3556 degener
3381 3497 3609 3559 putetur.

2381 3560 2456 3633 (ε)
2486 3559 2710 3633 ltrtttss.
2756 3558 3021 3633 homousii
3041 3577 3067 3633 :7
3086 3555 3229 3630 quod
3278 3555 3394 3614 non
3440 3562 3621 3633 placet.
3660 3555 3735 3611 llic
3756 3569 3816 3605 tu-

2307 3630 2499 3699 geutnr
2524 3630 2852 3699 Orientales,
2885 3632 3026 3701 quod
3057 3632 3404 3687 homceusinn
3433 3631 3517 3686 vel
3543 3632 3721 3686 sincere
3738 3640 3820 3701 pto-

2308 3697 2584 3767 fiteantur,
2641 3704 2723 3758 vel
2782 3697 2886 3757 non
2906 3697 2927 3766 ’ς
2979 3705 3022 3758 si
3065 3703 3299 3769 sincere,
3349 3704 3404 3758 id
3458 3703 3719 3772 intelligant
3739 3697 3819 3772 hac

2307 3778 2497 3839 verbo,
2527 3774 2669 3844 quod
2701 3774 2934 3829 Hilarius
2974 3791 3105 3830 voce
3156 3768 3522 3840 bommtsion;
3567 3768 3637 3829 π’
3661 3768 3819 3842 proinde

2307 3847 2613 3903 damnando
2661 3863 2725 3900 ac
2779 3847 3166 3915 proscribendo
3208 3848 3556 3913 ltomousiun,
3603 3856 3678 3898 aut
3717 3856 3819 3896 suam

2308 3920 2546 3988 ipsorum
2576 3917 2736 3972 fidem
2778 3918 3059 3983 damnare,
3091 3928 3185 3973 aut
3228 3928 3379 3974 certe
3411 3917 3718 3974 ltomoeusioa
3750 3926 3819 3964 tum

2307 3992 2515 4063 sincere
2540 3991 2781 4063 profiteri
2805 3990 3217 4063 convincuntur.

2378 4064 2448 4133 (θ’)
2477 4057 2696 4135 Veteres
2710 4057 2861 4135 Alibri
2913 4076 3035 4116 cum
3088 4062 3219 4135 83d.
3243 4104 3257 4127 ,
3291 4062 3644 4135 Samosatam.
3677 4057 3821 4135 Uiutse

2308 4131 2438 4189 mss.
2493 4132 2648 4188 Cnlb.
2699 4132 3045 4189 Samosathet'.
3104 4133 3471 4199 Tellerianus,
3519 4131 3819 4199 Samosatttsi.

2310 4206 2496 4260 Plures
2540 4205 2799 4278 adversus
2828 4207 3050 4278 Paulum
3080 4216 3292 4261 coactas
3338 4198 3468 4263 esse
3493 4198 3820 4278 syttodos_iadi~

2306 4288 2392 4333 cat
2416 4277 2701 4340 Eusebius,
2732 4277 2825 4331 lib.
2866 4294 2938 4332 vn
2964 4277 3100 4332 Hist.
3125 4293 3176 4333 c.
3216 4278 3313 4341 27,
3338 4279 3419 4335 20
3443 4290 3499 4334 et
3521 4268 3618 4338 '30,
3641 4274 3718 4328 scd
3745 4268 3823 4324 twi-

2307 4349 2410 4403 lius
2461 4349 2827 4404 Samosatenae
2856 4352 3182 4405 mentionem
3215 4350 3361 4405 facit.
3413 4351 3633 4405 Primam
3658 4354 3822 4409 nautth

2306 4431 2360 4475 et
2389 4431 2718 4491 postremam
2761 4433 2948 4491 aperte
2990 4421 3229 4492 declarat
3253 4435 3378 4492 cap.
3410 4422 3485 4476 27
3511 4429 3564 4475 et
3585 4420 3664 4492 29,
3687 4414 3823 4492 Antio—

2306 4486 2442 4569 chia:
2470 4506 2591 4547 esse
2620 4486 2981 4569 celebratam.
3020 4491 3235 4569 [Qucum
3260 4486 3411 4548 dicat
3438 4508 3555 4563 cap.
3583 4490 3661 4555 38,

2309 4564 2509 4635 liaunm
2544 4564 2632 4618 uni
2660 4580 2726 4619 es
2753 4564 2859 4619 illis
2892 4561 3225 4625 interfuisse.
3256 4559 3547 4634 postrema:
3572 4559 3731 4635 synodi
3752 4560 3823 4635 {llr

612 4636 698 4690 illa
732 4652 836 4709 res,
868 4626 985 4694 scil.
1041 4626 1308 4697 homousii
1361 4626 1605 4709 υἷι-οἰκηίῃ
1635 4650 1687 4694 et
1719 4626 2061 4708 improbatio,
2096 4626 2201 4691 una
2228 4638 2282 4698 D
2310 4634 2575 4709 tiocltente
2600 4636 2823 4709 epistola
2870 4647 3052 4691 narrat
3081 4626 3329 4691 eumdem
3352 4638 3469 4709 jam
3492 4626 3637 4693 antc'a
3665 4626 3819 4686 bisdil-

610 4718 693 4763 est
720 4708 796 4784 ob,
819 4712 1076 4767 unitatem
1132 4713 1274 4777 finis,
1300 4708 1407 4784 quo
1435 4713 1488 4767 in
1535 4726 1694 4767 unam
1724 4711 1842 4767 Filii
1860 4709 2199 4765 divinitatem

611 4782 1078 4855 mternitatemque
1107 4782 1525 4840 confirmandam
1550 4784 1947 4854 conSpirarunt.

787 4852 842 4908 In
868 4852 1006 4929 mss.
1026 4858 1088 4909 de
1115 4857 1434 4922 homousion,
1461 4873 1525 4914 ac
1553 4852 1746 4929 postea
1773 4855 1836 4910 de
1860 4854 2198 4929 homwttsiou.

610 4923 796 5000 Facile
839 4926 1066 5000 quisque
1094 4929 1314 4985 advertit
1344 4923 1613 4999 objectum
1663 4929 1792 4983 illud
1821 4928 1929 5000 peti
1956 4944 2020 4982 ex
2049 4925 2197 4989 Osio,

611 4998 701 5072 qui
747 5012 868 5072 eum
926 4998 1156 5072 Nicmnze
1194 5001 1779 5072 synodoiuterfttisset,
1822 4998 1890 5055 'it
1924 5012 2203 5055 conventu

611 5068 894 5126 Sirmiensi
925 5068 1244 5125 ltomousinn
1301 5075 1584 5129 tacendum
1635 5089 1757 5129 esse
1798 5073 2058 5135 decrevit,
2108 5079 2205 5124 aut

610 5153 761 5199 certe
810 5143 1107 5197 consensit.
1152 5143 1303 5211 Quod
1350 5146 1576 5201 subinde
1626 5146 1757 5200 dicit
1798 5143 2031 5199 Hilarius
2078 5157 2201 5195 euut

611 5214 833 5285 sepulcri
885 5216 966 5268 sui
993 5215 1203 5268 nimium
1250 5228 1527 5285 amantem,
1557 5217 1817 5272 Baronius
1847 5217 1909 5269 ad
1952 5228 2042 5268 att.
2076 5212 2202 5285 557,

615 5303 668 5340 tt.
703 5284 789 5351 l6,
823 5288 1206 5356 interpretatur
1227 5289 1456 5349 corporis
1472 5283 1783 5344 suinimium
1811 5297 2086 5341 amantem.
2117 5283 2209 5340 Sic

615 5365 793 5412 tamen
848 5362 949 5413 hoc
994 5357 1207 5412 videtur
1235 5358 1413 5430 potius
1463 5360 1890 5430 intelligendum,
1940 5367 1997 5413 ut
2046 5358 2204 5430 morti

616 5432 892 5496 proximus
922 5431 974 5486 in
1005 5431 1200 5486 exsilio
1223 5429 1390 5485 Vitam
1423 5434 1599 5499 linire,
1632 5429 1685 5487 et
1716 5431 1970 5487 natalium
2021 5429 2204 5495 sepul-

614 5516 710 5574 cro
763 5517 949 5560 carere
1001 5504 1270 5561 metuerit.
1303 5505 1455 5574 Quod
1488 5509 1725 5574 apertius
1775 5501 2115 5574 Marcellinus
2144 5514 2207 5554 ac

615 5570 904 5629 Faustinus
952 5578 1005 5633 in
1051 5577 1234 5632 libello
1276 5570 1602 5650 eloquuntur
1653 5578 1736 5632 his
1793 5577 2019 5650 verbis:
2051 5571 2207 5628 Osius

616 5653 845 5701 metuens
874 5665 951 5725 ne,
980 5667 1135 5706 senex
1169 5663 1218 5706 et
1269 5649 1405 5708 dives
1449 5654 1682 5709 exsilium
1730 5649 2211 5725 proscriptioncmtte

617 5726 891 5797 pateretur,
918 5722 1006 5797 dat
1032 5741 1216 5779 manus
1248 5727 1516 5797 impietati.
1552 5722 1782 5781 Sensum
1807 5733 2048 5797 nostrum
2082 5735 2213 5797 cqu-

622 5789 799 5867 ﬁljtht
825 5795 1158 5862 Ambrosius,
1180 5789 1338 5867 epist'.
1354 5815 1538 5857 Lxxxn
1563 5798 1629 5854 ad
1653 5794 2026 5856 Vt-rcelleuses
2048 5809 2101 5849 n.
2118 5791 2207 5867 69,

627 5862 809 5923 tibide
831 5874 1032 5935 sanctls
1063 5862 1298 5933 Eusebio
1343 5883 1399 5934 et
1425 5871 1683 5951 Dionysio
1708 5870 1764 5939 iu
1809 5867 2056 5947 essiliutn
2097 5865 2219 5957 pul-

2315 4708 2566 4763 lincltiatn
2596 4707 2938 4763 convenisse.

2386 4778 2461 4855 (g)
2486 4778 2823 4855 Telleriantts
2852 4779 3022 4835 codex
3041 4821 3056 4845 ,
3087 4774 3707 4855 jntpropereutLAﬁani._
3727 4770 3822 4855 fuit!

2311 4845 2688 4909 cmi-{duobus
2739 4851 2901 4907 Carn.
2930 4868 3037 4908 uno
3087 4845 3296 4921 Remig‘.
3330 4862 3387 4908 et
3447 4850 3600 4907 Mich.
3643 4845 3824 4921 suhjirit:

2313 4924 2584 4992 Numquid
2626 4933 2673 4979 et
2715 4924 2797 4978 hic
2851 4924 2915 4979 de
2951 4916 3298 4979 homtrusiode
3339 4925 3587 4997 tegentem
3618 4916 3825 4997 Διιιιιιςρψητ

2310 5015 2413 5080 non
2433 4990 2582 5080 aliter
2602 4999 2871 5080 ostendens
2898 4998 3088 5080 suscipi
3128 5004 3366 5080 oportere
3391 4990 3412 5053 ξ
3441 4995 3544 5080 nisi
3566 4990 3828 5080 qdisttifﬂlfﬂ

2310 5070 2607 5124 substantia:
2625 5072 2919 5140 referretur.
2945 5052 3356 5135 Quibus'vcrbis
3377 5052 3551 5141 pergit
3580 5057 3770 5141 Hilarius
3785 5052 3829 5141 all

2312 5141 2508 5211 iniquis
2553 5156 2613 5195 se
2658 5133 3056 5211 suspicionibus
3113 5133 3828 5211 purgare.'Mallemusinbw}

2315 5204 2656 5294 Euiuquidet
2687 5204 2770 5266 hic
2792 5204 3130 5294 _homtzusiori
3166 5204 3477 5294 urgentem,
3499 5223 3588 5263 set!
3604 5204 3830 5294 ξιξθῗψξξ·

2314 5284 2393 5339 Ex
2445 5269 2609 5338 Mirati
2639 5285 2879 5355 margine
2907 5293 3088 5351 posset
3133 5269 3342 5355 restitui
3376 5298 3392 5335 :
3427 5269 3734 5355 Numquid.“
3762 5269 3831 5355 hit.

2312 5372 2376 5431 ne
2424 5355 2739 5431 homtzusion
2757 5346 3092 5431 vitegli'gettter
3119 5354 3456 5431 suscipiatur,
3488 5368 3585 5431 Eon

2311 5428 2429 5483 Non
2456 5427 2559 5483 hoc
2591 5428 2765 5482 solum
2793 5418 2953 5492 libro,
2983 5425 3076 5481 sed
3099 5435 3155 5481 et
3183 5418 3276 5481 lib'.
3297 5441 3369 5479 vtt
3395 5425 3464 5479 de
3493 5419 3670 5477 Trinit.
3694 5428 3743 5467 ea
3767 5418 3836 5460 nlr

2317 5510 2403 5554 tur
2430 5499 2661 5565 cautela,
2695 5508 2754 5553 ut
2798 5498 3208 5553 similitudinem
3254 5496 3574 5567 praedicans,
3601 5494 3834 5567 caninum.

2313 5572 2383 5626 26
2428 5587 2551 5626 cum
2601 5557 2907 5639 equalitate
2940 5569 3151 5642 jungat,
3203 5557 3270 5624 et'
3312 5583 3463 5624 num.
3499 5566 3563 5623 57
3592 5577 3650 5617 ac
3675 5557 3836 5615 59cm!

2317 5647 2541 5701 unitate.

2392 5718 2476 5793 (Ii)
2508 5717 2660 5772 Hunc
2675 5715 2851 5771 locum
2885 5711 3129 5793 in_editis
3156 5707 3519 5793 diversimode

2325 5794 2378 5848 in
2396 5776 2613 5860 ‘al'iquot
2640 5804 2777 5860 mss.
2804 5785 3076 5860 tmt_tilttm,
3111 5782 3434 5860 resarcimns
3472 5793 3572 5860 ope
3596 5776 3840 5860 vetustior!

2325 5852 2649 5943 exemplaris
2664 5858 2847 5940 ϐοῶν,
2869 5857 3082 5938 βοεωο,
3104 5854 3293 5934 Com,
3313 5853 3471 5919 auius
3488 5852 3661 5923 Carm,
3677 5852 3762 5909 etc.
