3996 6330
151 373 253 433 5H

926 373 1130 429 LIBER
1170 372 1261 428 DE
1300 371 1617 439 SYNODIb‘,
1656 372 1787 430 SEU
1829 372 1920 429 DE
1962 374 2118 431 FIDE
2178 374 2673 434 ORIENTALIUM.

3347 379 3453 435 542

152 490 462 563 signiﬁcare
488 489 732 546 videnlur
753 487 1112 547 homousion?
1137 488 1470 544 Decernatur
1490 486 1625 543 nihil
1645 486 1748 543 dil—
1774 491 1828 553 Δ
1853 487 2123 546 diversum
2152 492 2226 547 sit
2266 491 2322 547 in
2350 505 2564 562 sapore.
2612 491 2800 553 Simile
2843 506 2976 549 auro
3004 491 3298 564 quidquam
3344 510 3453 553 non

149 582 320 650 ferre,
354 583 513 639 unius
566 592 622 638 et
671 582 863 638 similis
893 582 972 654 (α)
1001 595 1124 639 esse
1150 578 1492 637 substantiae.
1524 579 1632 637 Sed
1660 579 1759 637 llo-.-

148 677 405 734 mousion
435 685 614 748 potest
644 676 782 733 male
809 673 1083 746 intelligi?
1111 672 1485 731 Constituatur
1523 673 1758 746 qualiter

146 771 295 828 bene
322 768 494 840 possit
530 768 778 841 intelligi.
813 767 891 840 (b)
919 766 1097 825 Unum
1129 774 1294 836 atque
1325 765 1466 822 idem
1498 766 1586 836 pie
1614 765 1759 837 sapiu

147 880 301 929 mus,
341 877 472 935 rogo
499 871 555 918 ut
585 877 751 918 unum
783 870 945 932 atque
972 859 1115 915 idem
1142 859 1287 930 quod
1317 859 1581 929 sapimus,
1610 859 1754 931 piunt

148 960 299 1015 inter
328 971 429 1013 nos
452 970 576 1013 esse
603 954 856 1013 velimus.
894 954 1029 1011 Date
1061 951 1292 1020 veniam,
1325 951 1570 1021 Fratres,
1594 967 1754 1023 quam

147 1054 469 1124 frequenter
494 1050 717 1122 poposci
745 1067 759 1103 :
785 1048 975 1105 Ariani
1028 1063 1135 1104 non
1166 1048 1298 1107 estis
1328 1066 1342 1105 :
1373 1062 1470 1104 cur
1512 1046 1757 1120 negando

147 1145 481 1203 humousion
502 1142 801 1199 cenaemini
828 1140 1015 1199 Ariani
1037 1141 1061 1196 ?

224 1236 317 1295 89.
347 1235 687 1292 Hommusion
740 1251 844 1290 non
897 1241 1037 1288 caret
1089 1230 1421 1302 olfendirulo.
1458 1232 1756 1295 Similituda

146 1349 368 1390 vera—
391 1329 501 1388 Sed
529 1328 666 1386 dicis
695 1345 711 1384 :
738 1328 917 1383 Movet
943 1342 1031 1384 me
1059 1342 1183 1383 cum
1210 1326 1469 1382 seandalo
1512 1327 1759 1393 hominu-

145 1425 222 1482 sii
245 1423 591 1495 ambiguitas.
640 1421 839 1479 Iterum
867 1419 1014 1488 audi,
1058 1436 1178 1488 oro,
1210 1421 1329 1476 sine
1375 1420 1669 1477 seandalo:
1702 1428 1758 1477 et

147 1534 243 1579 me
275 1523 457 1573 movet
486 1515 772 1571 hommusii
806 1513 1036 1570 auditas.
1077 1512 1149 1586 (c)
1173 1512 1336 1568 Multa
1367 1528 1512 1584 saepe
1539 1511 1753 1581 fallunt,

145 1630 274 1687 quae
304 1611 503 1671 similia
556 1616 703 1667 sunt.
731 1609 922 1667 Timeo
953 1626 1143 1669 aurum
1196 1612 1449 1677 bractete,
1499 1610 1622 1681 quia
1666 1625 1755 1668 me

143 1707 347 1762 fallere
391 1703 563 1776 possit
611 1701 884 1760 interius:
940 1710 997 1761 et
1034 1713 1211 1761 tamen
1263 1718 1395 1758 auro
1451 1701 1628 1758 simile
1671 1710 1757 1767 est

142 1800 298 1874 quod
321 1797 751 1863 videtur.’l‘imeo
771 1798 929 1854 lactis
955 1796 1384 1864 similitudinem,
1415 1813 1483 1854 ne
1512 1799 1750 1854 oblatum

1860 592 2040 656 potest
2059 598 2202 652 esse,
2231 585 2335 640 nisi
2361 600 2551 643 aurum
2586 603 2599 639 :
2629 584 2811 643 simile
2859 585 3008 652 lacti.
3041 586 3144 643 uisi
3177 586 3259 645 sui
3290 603 3454 658 gunce

1860 676 1935 732 ris
1964 677 2056 746 sit,
2081 691 2204 733 esse
2228 692 2335 734 non
2364 677 2585 748 poterit.
2620 676 2834 735 Fefellit
2860 694 2947 735 me
2977 679 3285 751 lrequeuter
3305 680 3457 739 color

1858 768 1971 825 vini
1997 788 2010 825 :
2039 778 2096 826 et
2125 779 2307 825 tamen
2350 768 2420 842 (ε)
2465 779 2709 840 gustatu,
2760 770 2979 826 alterius
3011 773 3228 842 generis
3283 774 3458 844 liquo.-

1858 877 1974 919 rem
2024 863 2335 934 recognovi.
2368 860 2491 918 Vidi
2529 876 2722 921 carnes
2764 863 3021 925 carnibus
3070 864 3279 923 similes
3311 883 3325 920 :
3356 864 3453 921 sed

1859 966 2045 1027 postea
2071 956 2202 1012 mihi
2229 964 2435 1013 naturae
2471 956 2538 1028 (f)
2567 955 3063 1017 dissimilitudinem
3117 972 3279 1029 sapor
3330 974 3459 1030 pro—

1859 1050 2015 1107 didit.
2045 1051 2152 1107 Has
2205 1053 2350 1109 enim
2387 1050 2800 1120 similitudines,
2841 1068 2965 1123 qua:
2990 1067 3100 1111 non
3141 1067 3208 1108 ex
3248 1051 3455 1113 unitate

1859 1155 2068 1203 natura:
2094 1144 2222 1211 sint,
2257 1144 2334 1219 (θ)
2356 1154 2562 1202 metuo.

1932 1241 2023 1297 90.
2052 1241 2272 1314 Ancum
2295 1240 2423 1311 ﬁdes
2452 1237 2760 1311 quibusdam
2794 1238 2964 1293 tacitis
2992 1237 3242 1299 Sirmium
3264 1237 3451 1297 delata.

1860 1333 2140 1391 ——Vereor
2190 1334 2354 1398 enim.
2389 1333 2629 1399 Fratres,
2662 1330 2900 1389 Orientis
2946 1330 3185 1388 lmreses
3232 1332 3286 1386 in
3318 1342 3455 1391 tem.

1863 1442 1994 1498 pora
2035 1426 2245 1497 singula
2290 1425 2615 1495 pullulantes
2646 1441 2660 1476 :
2693 1434 2748 1481 et
2775 1425 2854 1499 (Ii)
2896 1424 3023 1494 quid
3055 1424 3229 1481 vereri
3261 1440 3348 1485 me
3375 1424 3458 1481 di.

1860 1536 1979 1585 cam
2005 1563 2018 1585 ,
2045 1522 2155 1593 jam
2184 1526 2240 1575 et
2283 1519 2407 1595 legi.
2454 1518 2598 1573 Nihil
2628 1517 2842 1590 quidem
2874 1516 2934 1591 (i)
2962 1520 3013 1572 in
3060 1515 3162 1580 his,
3189 1534 3309 1589 qua:
3332 1534 3454 1585 vos,

1859 1615 1929 1683 de
1955 1612 2308 1671 Orientalium
2332 1610 2686 1684 quorumdam
2726 1627 2973 1681 assensu,
2997 1620 3264 1683 susceptae
3314 1612 3456 1682 legas

1860 1707 2023 1771 tionis
2052 1706 2283 1767 ministri
2306 1705 2693 1767 subscribeudn
2715 1704 2970 1761 Sirmium
3003 1704 3291 1769 detulistis,
3322 1698 3457 1760 nihil

1858 1801 2186 1871 suspicionis
2215 1800 2462 1859 relictum
2497 1812 2578 1855 est
2611 1819 2623 1853 :
2659 1799 2753 1855 sed
2808 1800 3112 1855 habuerunt
3140 1798 3211 1855 ah
3232 1800 3457 1855 exordio

142 1894 289 1967 mihi
320 1894 423 1958 lac,
453 1907 560 1949 non
604 1893 687 1948 lac
717 1891 895 1948 ovium
943 1891 1014 1948 sit
1042 1910 1054 1946 :
1078 1891 1199 1963 quia
1226 1892 1275 1948 ei
1305 1892 1484 1949 simile
1505 1893 1753 1949 videatur
1784 1918 1830 1978 Β
1860 1909 1968 1951 non
1997 1892 2224 1957 nihilum
2255 1892 2591 1961 offensionis,
2622 1908 2743 1969 qua:
2769 1891 2932 1948 credo
2966 1906 3079 1966 vos,
3132 1890 3458 1949 sanctissimi

142 1999 203 2046 et
233 1986 518 2045 bubulum.
552 1985 621 2043 Ut
649 1985 732 2043 lac
752 1986 935 2049 ovium
964 1986 1087 2043 iacti
1117 1985 1297 2043 ovium
1324 1986 1502 2045 simile
1524 1991 1614 2053 sit.
1644 2003 1753 2044 non

142 2089 332 2152 potest
352 2078 528 2134 simile
569 2091 712 2146 esse,
761 2079 862 2134 nisi
885 2078 1000 2135 ovis
1053 2079 1143 2134 sit.
1174 2078 1481 2135 Similitudo
1523 2096 1651 2135 vera
1698 2081 1753 2136 in

140 2174 383 2231 veritate
405 2181 607 2229 natura:
624 2182 726 2229 cst.
745 2170 961 2229 Veritas
987 2186 1164 2228 autem
1218 2173 1268 2228 in
1294 2183 1521 2245 utroque
1547 2184 1751 2230 natura:

143 2268 231 2342 (ά)
259 2284 371 2331 non
399 2276 622 2339 negatur
651 2266 995 2323 bomousion.
1028 2266 1154 2323 [istc
1184 2277 1266 2323 est
1283 2267 1425 2323 enim
1455 2268 1749 2324 secundum

139 2361 445 2418 essentiam
467 2360 784 2428 similitudo,
808 2361 854 2416 si
884 2375 1060 2416 massa
1084 2375 1278 2416 massae
1309 2361 1474 2434 516
1495 2361 1751 2417 consimi-

139 2454 217 2509 lis
245 2469 356 2511 non
380 2453 525 2523 fallat
550 2452 603 2508 in
624 2452 861 2519 bractea,
887 2452 932 2508 si
952 2453 1034 2509 lac
1054 2453 1194 2524 quod
1227 2454 1485 2509 concolor
1510 2462 1613 2521 est,
1644 2472 1751 2512 non

224 2632 308 2708 (c)
502 2631 826 2708 essentiteuet
868 2632 1200 2708 substantiae.
1220 2632 1451 2708 Quidam
1489 2650 1654 2708 mss.,
1678 2653 1759 2694 es-

138 2704 334 2765 sentiiz
351 2704 668 2769 substantiis,
683 2704 801 2771 alii,
833 2705 1102 2761 essentiam
1119 2706 1433 2773 substantiae,
1451 2704 1561 2771 alii,
1586 2724 1757 2767 essen-

140 2779 236 2835 tia:
250 2778 616 2835 substantiam.
639 2775 1004 2841 Retineudum
1035 2792 1156 2832 cum
1176 2778 1363 2845 Carm,
1395 2793 1502 2835 uno
1522 2778 1680 2837 Cuib.
1703 2790 1760 2839 et

139 2851 333 2908 altero
362 2848 625 2912 Sorbun.,
646 2865 752 2907 esse
779 2847 1097 2905 substantiae.

227 2921 309 2994 (b)
340 2919 400 2979 In
426 2921 653 2994 vulgatis
674 2962 689 2985 ,
732 2937 892 2994 unum
926 2930 1093 2994 atque
1137 2921 1276 2994 idem
1331 2921 1582 2994 sapimus,
1616 2922 1760 2993 pium

139 2989 431 3061 internas,
463 2989 567 3049 etc.
602 2989 869 3061 lntegrinr
884 2992 997 3046 visa
1024 3002 1110 3048 est
1135 2992 1295 3048 lectio
1318 2989 1522 3064 antiqui
1556 2989 1756 3055 codicis

141 3064 508 3131 Carnnt.,cui
532 3064 791 3136 lavent_et
812 3064 1016 3127 c'utcri.
1043 3066 1279 3119 maxime
1291 3064 1447 3119 Colb.
1463 3075 1517 3119 ct
1539 3064 1751 3136 Germ.,

141 3139 204 3196 in
238 3137 440 3208 quibus
463 3146 687 3212 exstat;
716 3134 887 3195 Unum
918 3146 1067 3212 atque
1088 3136 1223 3212 idem
1243 3135 1324 3212 pie
1349 3140 1608 3209 sapimus;
1630 3134 1753 3212 roga

137 3221 204 3266 ut
232 3204 398 3267 unum
441 3218 592 3279 atque
634 3209 770 3263 idem
811 3204 950 3279 quod
992 3208 1221 3279 sapimus
1243 3204 1377 3273 inter
1406 3204 1501 3265 nos
1530 3204 1637 3269 esse
1672 3204 1753 3266 uve-

141 3284 335 3339 limus.

227 3355 307 3426 (c)
342 3352 409 3408 Et
446 3349 535 3406 hic
583 3349 920 3426 subnectitur
964 3351 1017 3406 in
1068 3367 1223 3426 mss.‘
1249 3362 1394 3426 smpe
1423 3352 1751 3413 nominatis:

140 3423 303 3481 Anne
323 3425 590 3493 quisquam
615 3440 693 3476 me
731 3424 1022 3479 existimare
1062 3423 1245 3492 poterit
1286 3423 1599 3480 [canimusion
1629 3426 1756 3481 uelle

140 3496 527 3569 suscipere,_de
549 3511 651 3564 quo
676 3495 775 3553 ista
805 3497 1019 3555 tractavi
1040 3496 1065 3549 7
1084 3494 1227 3567 quod
1255 3511 1377 3551 cum
1404 3496 1754 3569 apologuticis

138 3566 573 3629 accensendum.

229 3640 311 3713 (ά)
345 3639 437 3697 Sic
469 3652 663 3706 magno
692 3652 963 3697 consensu
996 3654 1156 3707 mss.,
1185 3636 1374 3713 idest:
1402 3655 1523 3697 cum
1557 3638 1753 3695 veritas

141 3711 366 3770 natura:
391 3714 443 3765 in
484 3718 837 3783 utroqtteest,
873 3720 1158 3783 utrumque
1200 3711 1328 3766 illud
1371 3728 1477 3767 non
1530 3720 1755 3783 negatur

140 3783 516 3856 homousion._
551 3779 813 3856 Atediti,
842 3799 944 3837 non
986 3779 1198 3856 negatur
1224 3783 1549 3856 Itomazusias.
1585 3779 1754 3839 Porro

141 3857 200 3913 in
247 3873 346 3923 en,
376 3852 522 3926 quod
560 3852 929 3926 subsequitur,
976 3850 1224 3926 prubatio
1255 3850 1481 3919 habetur
1511 3856 1755 3926 superio-

140 3931 223 3985 ris
251 3923 673 3999 prnpusitionis,
718 3923 1020 3982 Similitudo
1054 3943 1209 3995 vera;
1233 3942 1338 3982 non
1367 3923 1626 3997 proximae
1650 3926 1749 3983 ιλιι-

136 4000 253 4071 jus,
282 4002 468 4053 ueritas
488 4005 674 4071 autem.

221 4067 301 4144 (ε)
326 4070 474 4152 Lips.
502 4078 559 4152 et
587 4067 735 4137 Pan,
786 4078 959 4152 gustu;
986 4067 1209 4152 Carnut.
1241 4084 1366 4136 ms.,
1396 4068 1753 4152 gustataalte-
1828 4093 1832 4097 ’

138 4139 256 4218 rius
272 4139 477 4218 generis
494 4139 694 4218 liquore
707 4156 726 4195 :
740 4140 897 4194 male.
914 4140 1049 4196 Nam
1068 4140 1171 4218 hoc
1181 4141 1387 4218 ipsum,
1400 4139 1545 4212 Quod
1568 4142 1750 4218 vinum

139 4210 651 4283 videbatur,vinum
664 4227 768 4283 non
783 4226 903 4267 esse
915 4223 1127 4282 gustatu
1141 4210 1268 4268 dicit
1280 4228 1338 4267 se
1354 4210 1748 4283 recognovisse.

216 4284 293 4413 (5)
325 4286 453 4351 Mss.
480 4282 656 4351 Tell.,
708 4280 866 4339 Mich.
898 4280 952 4338 e't
980 4280 1139 4340 Caru.
1185 4280 1570 4340 similitudinem
1597 4302 1654 4340 sa
1694 4303 1753 4355 or

216 4378 243 4413 ο
289 4358 408 4413 idit.
454 4354 623 4413 Magis
671 4356 841 4413 placet
870 4353 1353 4411 dissimilitudinem.
1403 4354 1540 4412 Tum
1587 4305 1749 4413 iirllgm

141 4353 408 4429 prodidit.
454 4354 623 4429 Magis
671 4356 841 4429 placet
870 4353 1353 4429 dissimilitudinem.
1403 4354 1540 4412 Tum
1587 4353 1749 4429 iidem

139 4424 287 4499 in“.
318 4444 441 4484 cum
472 4428 643 4499 altero
664 4425 821 4499 Caru,
858 4439 912 4485 et
940 4424 1151 4498 Rctnig.
1179 4427 1513 4498 subjungunt
1543 4447 1556 4482 :
1584 4424 1751 4485 Num-

136 4492 275 4575 quid
301 4510 354 4557 et
384 4499 465 4554 hic
487 4492 842 4575 similitudinis
880 4492 1141 4575 negligens
1168 4500 1245 4570 [ui
1265 4492 1297 4553 .7
1313 4492 1478 4555 verba
1508 4499 1574 4555 ad
1606 4502 1751 4574 App.

140 4570 356 4645 logialn
410 4570 753 4645 pertinentia,
781 4586 901 4642 quae
954 4574 1008 4626 in
1056 4580 1372 4643 sequentem
1422 4570 1746 4629 sententiam

136 4643 580 4717 aptius‘cadunt.

220 4716 307 4790 (g)
340 4714 573 4790 Lipsius,
608 4730 712 4790 non
757 4722 949 4784 metuo,
977 4714 1242 4790 particula
1278 4723 1507 4790 negante
1550 4715 1619 4790 de
1630 4731 1751 4790 suo

137 4784 326 4861 przi'v'e
346 4786 546 4861 addita,
582 4784 700 4840 sine
742 4800 849 4856 qua
891 4784 1140 4857 superius
1167 4787 1272 4856 iam
1302 4784 1543 4861 legerat:
1576 4784 1749 4843 Timeo

136 4859 344 4916 aurum
390 4859 650 4930 bracteis;
681 4872 856 4929 neque
890 4867 1068 4923 tamen
1099 4862 1153 4916 in
1187 4859 1575 4930 posterioribus
1615 4861 1748 4916 edit.

135 4934 449 5002 castigatus
479 4928 598 4984 fuit.

218 4998 319 5074 (Ιιῖ
341 5001 437 5074 Sic
454 5016 588 5074 mss.
619 4998 756 5074 Editi
788 5016 938 5074 vero,
969 5012 1014 5055 et
1043 5001 1170 5073 quid
1190 5017 1361 5074 uerear
1383 5003 1601 5059 edicam.
1628 5000 1750 5059 1am

135 5087 189 5132 et
222 5070 356 5145 legi.
388 5071 520 5146 Mihi
546 5070 769 5146 quidem.
794 5070 1066 5144 Jamiegit
1095 5072 1362 5146 superius.
1389 5075 1531 5146 quod
1565 5076 1651 5130 hic
1672 5075 1753 5132 di-

134 5148 219 5204 cit
244 5141 313 5201 δὲ
345 5143 540 5215 vereri.
575 5141 753 5215 Timet
779 5148 977 5215 quippe
995 5141 1071 5199 ne
1107 5141 1212 5200 non
1242 5141 1451 5201 sincera
1474 5144 1543 5201 sit
1565 5146 1753 5203 Oricu-

134 5218 348 5277 talium
399 5212 571 5280 ﬁdes;
605 5214 727 5288 quia
757 5212 1005 5288 A'ncyraer
1031 5216 1355 5272 damnarunt
1411 5218 1745 5275 llOlllOUSlOll.

134 5290 269 5346 Hoc
302 5297 479 5345 autem
512 5287 617 5341 illis
643 5285 754 5355 jam
810 5285 958 5343 num.
991 5287 1056 5341 81
1100 5288 1452 5356 exprobravit
1499 5292 1555 5345 in
1608 5292 1751 5348 hunc

134 5358 378 5417 modum
430 5377 444 5414 :
495 5356 634 5424 Quid
697 5360 851 5429 ﬁdem
906 5376 1068 5414 meum
1129 5360 1184 5414 in
1241 5359 1544 5417 ltomousion
1606 5362 1751 5418 dam-

133 5451 268 5499 nas,
298 5440 402 5488 etc.

218 5502 299 5577 (ἰ)
340 5502 470 5577 Puta
507 5502 558 5557 in
585 5501 870 5577 duodecim
914 5501 1317 5577 deﬁnitionibus
1346 5511 1607 5561 tractatus
1642 5504 1750 5577 hu-

126 5574 313 5649 jus'ce
339 5574 493 5649 initio
521 5574 706 5649 relatis
728 5586 779 5631 et
802 5575 1074 5649 espositis
1099 5592 1113 5628 :
1147 5591 1280 5646 quas
1309 5577 1453 5649 solas
1491 5576 1745 5635 Sirmium

132 5646 328 5705 inisse
353 5646 558 5721 delatas
583 5646 827 5703 declarat
872 5646 1167 5721 secundum
1211 5647 1488 5719 Apologia:
1517 5665 1747 5721 respon-

130 5735 304 5784 sum.
326 5717 743 5794 [elalutnsupra
787 5735 859 5794 ηζ
888 5718 992 5794 i5,
1027 5717 1405 5794 postpriinam‘
1445 5717 1749 5794 Ancyranaa

137 5790 361 5866 synodi
406 5790 799 5853 deﬁnitionem.
834 5792 1051 5866 Delatus
1080 5808 1171 5857 eas
1200 5792 1368 5851 fuisse
1415 5807 1469 5850 nt
1516 5790 1753 5852 subscri-

138 5864 446 5939 berentur,
469 5879 622 5939 nunc
653 5866 885 5939 primum
910 5864 1128 5939 disertis
1153 5867 1328 5929 verbis
1359 5866 1623 5939 significat
1656 5870 1716 5926 lli
1736 5901 1749 5909 -

1776 4673 1832 4734 D

1857 1989 1957 2049 viri
1992 1987 2155 2047 Basili
2202 1996 2259 2047 et
2300 1990 2372 2063 (j)
2402 1986 2656 2045 Eustathi
2704 1998 2757 2044 et
2783 1988 2986 2055 Eleusi,
3032 2003 3100 2045 ne
3144 1987 3271 2061 quid
3301 2003 3457 2053 scan-~

1854 2081 1964 2138 dali
1998 2080 2071 2155 (Is)
2118 2081 2425 2149 alicrrotur,
2461 2080 2724 2139 abolenda
2768 2082 3018 2136 tacuisse.
3066 2081 3199 2155 Quae
3228 2081 3276 2137 si
3307 2091 3457 2137 recte

1853 2175 2052 2248 scripta
2080 2188 2228 2245 sunt,
2254 2178 2419 2233 taceri
2443 2192 2549 2233 non
2569 2175 2895 2233 debuerunt.
2919 2175 2972 2232 Si
2995 2184 3173 2231 autem
3196 2177 3318 2246 quia
3345 2190 3451 2237 non

1855 2278 2003 2327 recte
2029 2271 2231 2345 scripta
2253 2282 2375 2327 sunt
2401 2270 2465 2346 (l)
2492 2287 2634 2327 nunc
2669 2280 2934 2341 tacentur,
2962 2270 3260 2327 cavendum
3283 2279 3362 2331 est
3386 2284 3453 2325 ue

1852 2364 2143 2436 aliquando
2181 2365 2447 2421 dicantur.
2478 2362 2573 2436 (in)
2602 2364 2836 2420 Parceus
2874 2363 3015 2418 enim
3053 2361 3230 2420 adhuc
3270 2361 3338 2417 de
3370 2360 3455 2419 his

1855 2456 1986 2513 nihil
2012 2456 2137 2515 dico
2166 2470 2180 2511 :
2213 2465 2393 2514 tamen
2426 2471 2635 2513 mecum
2681 2454 3090 2527 recognoscitis,
3118 2453 3276 2528 517
3308 2452 3453 2525 quod

1863 2653 1989 2712 esse
2010 2639 2121 2711 jam
2164 2658 2271 2697 non
2320 2642 2489 2700 semel
2514 2642 2808 2705 enarravit.
2846 2641 3048 2705 Deinde
3077 2640 3222 2712 quod
3254 2641 3453 2705 asserit

1864 2710 2060 2787 factum
2088 2713 2151 2787 de
2183 2713 2529 2787 Orientalium
2551 2715 2893 2787 quorumdam
2940 2710 3150 2787 assensu
3175 2756 3189 2779 ,
3223 2729 3329 2769 non
3380 2714 3451 2769 ita

1862 2783 2073 2858 videtur
2098 2784 2506 2858 intelligendum
2523 2829 2538 2849 .
2564 2783 2630 2843 'ut
2651 2786 2954 2847 Orientales
2979 2786 3194 2857 quidam
3225 2800 3453 2842 censue-

1862 2854 1971 2911 rint
1996 2854 2298 2931 duodecim?
2329 2868 2533 2921 tantum
2580 2859 2771 2931 synodi
2818 2854 3195 2931 deﬁnitiones,
3241 2858 3452 2931 caeteris

1860 2930 2169 2996 suppressis
2194 2970 2209 2997 ,
2266 2930 2520 2985 Sirmium
2567 2928 2687 2986 esse
2727 2930 3089 2995 deferendas;
3139 2929 3276 2985 hanc
3306 2928 3449 2995 enim

1861 3001 2301 3069 suppressiouem
2343 3002 2477 3056 solis
2522 3002 2742 3067 Basilio,
2776 3001 3058 3059 Eustathio
3103 3012 3156 3059 et
3191 3001 3407 3057 Eleusin
3430 3040 3448 3069 ,

1862 3083 1916 3126 et
1945 3073 1996 3127 id
2030 3072 2246 3143 quidem
2274 3090 2338 3129 ex
2367 3073 2674 3144 conjectura
2696 3116 2710 3137 ,
2755 3073 2891 3131 infra
2939 3072 3238 3144 adscribit:
3267 3072 3362 3128 sed
3392 3083 3451 3138 ut

1863 3151 1971 3217 tota
1996 3141 2234 3215 synodus
2264 3141 2547 3217 Ancyrana
2570 3146 2819 3205 statuerit
2852 3146 3046 3215 placita
3071 3159 3167 3200 sua
3191 3141 3447 3217 Sirmium
3520 3147 3528 3153 ’

1863 3213 2177 3283 deferenda,
2209 3228 2263 3279 et
2291 3218 2355 3273 ab
2381 3213 2453 3274 iis
2478 3213 2865 3277 subscribenda
2891 3231 3032 3282 esse,
3060 3219 3149 3287 qui
3181 3215 3449 3270 contraria

1782 3277 1827 3340 C
1864 3277 2175 3345 tuebantur;
2200 3289 2326 3345 ideo
2354 3300 2532 3353 autem
2578 3290 2693 3347 hinc
2733 3288 2971 3360 synodus
2999 3277 3340 3360 qubrumdam
3366 3287 3451 3342 di-

1859 3361 2018 3431 citur.
2047 3362 2169 3430 quia
2202 3377 2374 3431 neque
2399 3361 2699 3417 Orientales
2721 3359 2934 3428 omnes,
2961 3376 3135 3431 itaque
3158 3359 3450 3417 admodum

1858 3430 2171 3503 frequentes
2203 3433 2253 3491 in
2280 3430 2399 3490 eam
2420 3440 2804 3497 convenerant.

1929 3524 2002 3597 (j)
2038 3524 2097 3580 In
2127 3539 2258 3580 mss.
2313 3524 2467 3580 COlll.
2495 3535 2549 3580 et
2578 3525 2764 3581 Germ.
2789 3567 2803 3590 ,
2836 3523 3102 3580 Eustaclii.
3134 3523 3204 3597 in
3245 3522 3408 3579 Carn.
3434 3567 3447 3589 ,

1858 3595 2020 3651 Cori).
2073 3607 2129 3653 et
2177 3597 2298 3652 aliis
2338 3597 2689 3666 quibusdam,
2728 3597 2959 3651 Eustasi.
2995 3596 3234 3651 Pessime
3262 3604 3449 3666 paritem

1857 3668 1999 3741 apud
2030 3668 2148 3735 Er.,
2183 3668 2328 3741 Lips.
2360 3665 2417 3724 et
2440 3669 2589 3735 Par.,
2620 3668 2806 3724 Basilii
2836 3678 2884 3723 et
2916 3668 3170 3722 Eustathii
3188 3677 3235 3721 et
3250 3665 3452 3741 Eleusii

1858 3738 1913 3795 in
1946 3743 2186 3796 secundo
2214 3738 2377 3808 casu,
2413 3757 2534 3795 cum
2580 3744 2755 3797 oratio
2810 3744 2992 3810 exigat
3032 3740 3303 3810 quintum.
3352 3739 3449 3795 Hic

1857 3813 2055 3883 quippe
2088 3812 2320 3867 Hilarius
2351 3827 2658 3869 sermoiiem
2683 3813 2842 3867 habet
2868 3809 2933 3865 ad
2957 3813 3234 3871 Basilium,
3264 3809 3449 3865 Eusta-

1856 3884 2026 3938 thium
2070 3893 2123 3938 et
2155 3885 2461 3953 Eleusium,
2497 3886 2667 3955 utqui
2704 3886 2845 3939 inter
2878 3883 3181 3955 Orientales
3221 3887 3448 3954 Ancyrae

1855 3964 2274 4025 congregatores
2312 3953 2657 4023 eminebant,
2686 3964 2743 4011 et
2772 3956 2898 4011 inde
2942 3953 3011 4009 ad
3058 3953 3447 4025 ltiipcratorem

1854 4026 2015 4098 legati
2048 4028 2281 4083 fueram.

1930 4117 2008 4202 (Is)
2048 4119 2332 4202 antiquior
2381 4135 2484 4177 ms.
2540 4119 2692 4187 Colb.
2747 4136 2868 4187 cum
2898 4121 3083 4178 Germ.
3136 4119 3442 4178 faventibus

1854 4189 1995 4262 aliis,
2029 4194 2325 4262 offerretur.
3224 4245 3226 4248 ,

1925 4260 1992 4334 (ι)
2034 4260 2176 4318 Editi
2197 4303 2211 4331 ,
2242 4262 2412 4329 adhuc
2441 4273 2673 4321 tacentur
2709 4280 2728 4321 :
2759 4266 3114 4322 emcndantur
3146 4279 3211 4321 ex
3240 4281 3371 4321 mss.

1925 4356 2023 4430 (m)
2072 4355 2306 4425 Verbum
2336 4358 2574 4415 dicantur
2599 4361 2652 4416 in
2698 4375 2799 4416 ms.
2826 4360 3038 4431 Remig.
3068 4362 3267 4429 excipit
3297 4359 3450 4416 addi-

1855 4439 2172 4499 tamentum,
2205 4431 2346 4501 quod
2373 4435 2423 4486 iu
2452 4433 2611 4487 Carn.
2647 4441 2703 4495 et
2729 4431 2888 4488 Mich.
2915 4433 3178 4502 superiori
3210 4443 3440 4491 sentcn-

1855 4504 1962 4568 tizn,
1989 4504 2050 4561 Si
2079 4512 2250 4558 autem
2277 4505 2396 4571 quia
2426 4520 2531 4576 non
2560 4515 2693 4576 recte
2721 4506 2912 4576 scripta
2940 4516 3058 4567 sunt
3079 4547 3094 4570 ,
3151 4516 3257 4565 etc.
3281 4548 3297 4573 ,
3348 4507 3447 4558 mi-

1854 4591 1953 4631 nus
1978 4584 2102 4647 apte
2128 4576 2480 4703 fraetigitur;
2521 4570 2751 4633 habetur
2784 4570 2912 4631 vero
2937 4576 3003 4630 ad
3044 4591 3193 4632 oram
3225 4570 3449 4634 alierius

1854 4644 2016 4703 Carn.
2051 4660 2105 4703 et
2175 4648 2267 4702 eli.
2299 4665 2312 4701 :
2341 4648 2475 4703 Ante
2501 4647 2763 4702 existimor
2786 4649 3130 4703 suspicionem
3160 4647 3221 4701 ab
3243 4648 3449 4703 ln'sadi-

1854 4644 2029 4703 CarnI
2051 4660 2105 4703 et
2128 4644 2267 4703 Tell.
2299 4644 2321 4701 ξ
2341 4648 2475 4707 Ante
2501 4647 2763 4702 existimor
2786 4649 3130 4757 suspicionem
3160 4647 3221 4701 ab
3243 4648 3322 4703 liis
3334 4649 3449 4702 adi-

1856 4735 1993 4757 mus-5
2041 4721 2118 4757 em!
2158 4737 2216 4757 an
2249 4719 2459 4757 Insul/nm
2482 4721 2664 4757 nulline
2692 4736 2845 4757 nnrrn
2936 4718 3150 4757 Dus-rora
3181 4719 3314 4757 nnis):
3400 4730 3447 4757 ιι

1856 4721 2142 4802 ηιθνιηψι.
2158 4737 2217 4775 ea
2247 4719 2459 4802 laudare
2475 4718 2892 4802 anilia-spurco?
2914 4718 3150 4802 .Parcere
3181 4719 3318 4774 enim
3341 4730 3447 4802 ...εἷς

1855 4807 1968 4863 cum
1998 4792 2239 4846 dilatione
2261 4792 2443 4847 adhoc
2468 4796 2605 4863 (ms.
2635 4791 2795 4846 biich.
2821 4793 2883 4847 ab
2905 4791 3032 4863 hoc)
3063 4808 3292 4863 parcere,
3316 4791 3447 4847 nihil

1853 4862 2070 4933 improbi
2097 4874 2170 4918 est
2195 4873 2241 4918 et
2267 4865 2479 4919 remissi.

1926 4930 2005 4989 An
2048 4935 2126 4989 hic
2165 4935 2383 4991 similem
2430 4930 2767 4993 substantiam
2795 4934 2941 4990 aliud
2990 4935 3156 5005 patior
3203 4951 3310 4992 esse
3347 4934 3448 4989 nisi

1853 5008 2047 5081 unum?
2076 5023 2188 5081 qua;
2208 5008 2253 5081 si
2281 5022 2384 5081 non
2407 5008 2596 5081 unasit
2628 5007 3108 5081 anteaconﬁtenda,
3126 5010 3243 5081 jam
3272 5017 3444 5081 postea

1854 5078 2011 5147 impie
2048 5076 2110 5132 sit
2138 5076 2320 5133 similis
2363 5078 2714 5148 prazdicanda.
2758 5077 2875 5146 Quo
2906 5076 3170 5149 responso
3199 5080 3443 5148 apposito

1860 5149 2098 5221 ostendit
2119 5149 2369 5221 Hilarius,
2398 5166 2457 5203 se
2483 5151 2550 5203 ah
2572 5149 2933 5206 Orientalibus
2955 5151 3319 5221 suSpiciouem
3337 5165 3441 5203 non

1860 5220 2119 5275 adimere.
2158 5219 2291 5276 Nam
2320 5221 2413 5291 qui
2441 5222 2593 5276 timet
2631 5236 2696 5278 ac
2736 5232 2925 5287 cavet,
2958 5238 3025 5278 ne
3052 5219 3196 5292 quod
3226 5220 3440 5275 tacitum

1860 5303 1973 5358 est,
2019 5292 2309 5362 aliquando
2354 5294 2600 5359 dicatur,
2663 5310 2769 5350 non
2821 5304 2905 5349 est
2956 5296 3075 5350 sine
3114 5293 3440 5362 suspicione.

1858 5363 2042 5435 Longe
2064 5364 2239 5419 minus
2263 5364 2474 5428 laudat,
2510 5367 2599 5434 qui
2625 5365 2946 5435 parcendum
2973 5375 3141 5434 putat.
3170 5364 3287 5419 Non
3321 5380 3440 5433 pur-

1859 5436 1933 5491 cit
1960 5444 2136 5491 autem
2166 5437 2267 5492 nisi
2293 5452 2413 5493 cum
2440 5435 2697 5493 dilatione
2717 5478 2733 5504 ,
2767 5439 2857 5507 qui
2907 5452 3027 5507 ιηοκ
3059 5437 3273 5491 tandem
3324 5436 3443 5491 ani-

1859 5523 2005 5564 mum
2028 5523 2182 5563 suum
2205 5508 2377 5579 aperit
2403 5508 2454 5563 in
2478 5507 2622 5569 hunc
2645 5505 2859 5564 modum
2891 5525 2904 5562 :
2933 5505 3068 5563 Date
3091 5509 3305 5566 veniam.
3340 5509 3435 5576 [νας

1854 5589 1976 5645 tres,
2002 5580 2170 5636 dolori
2208 5599 2317 5637 meo
2345 5583 2598 5651 :itnpinm
2636 5590 2709 5636 est
2752 5580 2889 5651 quod
2917 5580 3133 5636 audetis.
3166 5580 3336 5649 Quem
3388 5581 3441 5636 in

1855 5655 2031 5710 locum
2080 5654 2274 5710 melius
2322 5656 2638 5724 rcjiceretur
2683 5652 2916 5724 secunda
2970 5668 3094 5718 pars
3146 5652 3443 5721 superioris

1854 5725 2101 5796 reSponsi
2130 5767 2146 5793 ,
2177 5726 2244 5780 ab
2288 5723 2516 5783 his’scil.
2557 5723 2734 5779 verbis
2755 5766 2770 5789 ,
2802 5724 2882 5779 An
2925 5724 3007 5778 llic
3048 5724 3304 5792 similem,
3330 5735 3437 5781 etc.

1857 5797 1956 5857 Ubi
1979 5800 2048 5856 de
2069 5797 2419 5869 Orientalium
2445 5812 2726 5869 progressu
2750 5811 2855 5869 non
2885 5797 2953 5852 ita
2974 5796 3271 5869 gratulatur
3313 5799 3440 5866 quin

1855 5872 2127 5951 quasdam.
2153 5874 2222 5951 _iu_
2256 5871 2334 5951 eis
2375 5868 2666 5951 impietatis
2695 5868 3015 5950 quisquilias
3065 5873 3344 5951 advertat,
3375 5868 3443 5951 tiu

153 5935 370 6010 larius,
390 5932 719 6014 sedaiittuos
738 5948 793 6001 ut
812 5938 879 6007 iis
902 5936 1303 6010 subscriberent
1329 5932 1515 6009 Sirinii
1534 5953 1755 6013 coactos
1847 5932 2047 6025 quibus
2065 5944 2168 6011 sibi
2191 5932 2484 6013 dolendum
2508 5941 2599 6005 sit.
