3996 6330
145 303 232 365 513
565 289 1044 350 APOLOGETICA
1083 290 1174 348 AD
1215 285 1818 348 REPREIIENSORES
1849 285 2027 344 LIBRI
2075 286 2162 344 DE
2206 285 2499 348 SYNODIS
2539 285 2929 347 RESPONSA.

3303 283 3409 344 546

144 420 246 479 coeli
281 422 426 486 atque
453 421 639 476 terrae,
671 426 756 466 me
782 427 902 466 cum
931 418 1181 466 neutrum
1215 409 1485 466 audissem
1510 451 1523 475 ,
1557 423 1698 463 sem-
1724 412 1774 472 Α
1874 404 1964 460 92.
2010 405 2273 476 Egressus
2317 421 2434 463 sum
2456 450 2470 475 ,
2505 407 2722 464 Fratres
2769 402 3071 464 charissimi
3098 445 3114 473 ,
3157 401 3407 462 humana:

146 530 226 584 per
249 521 407 564 tamen
438 513 719 574 utrumque
764 504 1035 568 sensisse,
1066 503 1210 574 quod
1244 502 1318 575 (α)
1349 519 1443 574 per
1472 502 1702 557 homon—

106 605 243 658 -sion
292 597 612 654 hommusion
665 606 937 666 oporteret
986 597 1209 667 intelligi
1259 595 1360 650 :id
1410 605 1526 661 est,
1571 593 1703 649 nihil

144 692 294 751 simile
319 691 411 746 sibi
440 688 730 746 secundum
774 698 1019 744 naturam
1050 704 1172 744 esse
1203 703 1358 758 posse
1383 730 1396 751 ,
1431 689 1531 743 nisi
1561 686 1702 759 quod

147 795 272 842 esset
308 799 367 839 ex
403 781 586 836 eadem
616 790 827 836 natura.
857 781 1226 852 cheueratus
1274 781 1519 851 pridem,
1553 791 1605 836 et
1650 781 1702 836 in

141 880 417 949 episcopatu
473 875 860 946 aliquantisper
907 890 1171 942 manens,
1232 874 1388 931 ﬁdem
1433 875 1701 931 Nicxenam

143 985 400 1041 numquam
430 967 530 1022 nisi
552 968 892 1023 exsulalurus
912 968 1087 1022 audivi
1116 985 1128 1021 :
1158 967 1251 1024 sed
1276 966 1408 1022 mihi
1436 967 1702 1023 homousii

141 1073 186 1120 et
212 1060 473 1118 homoeusii
504 1060 912 1132 intelligentiam
949 1059 1238 1131 Evangelia
1267 1068 1322 1115 et
1349 1059 1591 1130 Apostoli
1625 1059 1705 1114 in-

139 1157 445 1212 timaverunt.
474 1153 627 1209 Pium
656 1163 739 1209 est
776 1153 921 1224 quod
951 1154 1221 1210 volumus.
1263 1151 1340 1207 Ne
1383 1151 1703 1210 damnemus

140 1265 323 1327 patres,
372 1270 435 1309 ne
463 1252 764 1308 animemus
794 1251 1121 1309 haereticos:
1170 1267 1236 1307 ne
1279 1249 1404 1306 dum
1449 1250 1702 1308 haeresim

138 1346 424 1416 apellimus,
475 1343 722 1400 haeresim
768 1345 1088 1400 nutriamus.
1132 1341 1476 1414 Interpretati
1522 1352 1701 1414 patres

138 1438 282 1494 nostri
309 1447 428 1492 sunt
466 1444 588 1508 post
632 1437 896 1509 synodum
943 1437 1216 1493 Nicmnam
1262 1435 1532 1492 homousii
1580 1452 1702 1508 pro-

137 1534 386 1603 prietatem
419 1530 490 1604 (b)
525 1532 811 1602 religiose,
857 1541 1070 1588 exstant
1117 1531 1275 1598 libri,
1321 1538 1509 1587 manet
1571 1547 1702 1588 con-

137 1623 371 1680 scientia:
400 1625 444 1679 si
469 1623 599 1694 quid
629 1624 694 1679 ad
723 1625 1222 1694 interpretationem
1250 1622 1555 1679 addendum
1580 1633 1659 1679 est
1680 1664 1695 1691 ,

1807 499 2156 555 conscientiae
2205 500 2464 571 pudorem
2510 521 2522 555 :
2572 511 2627 557 et
2675 499 2994 556 humilitatis
3039 513 3176 554 mea:
3217 497 3412 554 imme-

1807 607 1925 648 mor
1951 635 1965 660 ,
1994 591 2063 648 de
2089 593 2250 647 tantis
2277 608 2340 649 ac
2367 604 2471 648 tam
2505 593 2799 649 reconditis
2823 593 3018 656 rebus,
3042 597 3098 646 et
3129 589 3194 644 ad
3238 604 3408 660 usque

1807 684 1945 742 hanc
1970 695 2183 741 aetatem
2215 695 2456 742 nostram
2487 686 2766 744 intentatis
2793 701 2854 742 ac
2874 684 3056 740 tacitis
3077 698 3262 739 amore
3287 698 3408 738 ves-

1809 779 1876 834 tri
1909 785 2127 834 coactus
2157 777 2274 834 lucc
2314 781 2540 850 scripsi,
2589 789 2645 835 et
2668 795 2789 850 qua:
2838 779 2954 846 ipse
2997 775 3282 833 credebam
3331 776 3410 831 lo-

1806 880 1962 928 cutus
1989 887 2108 927 sum
2139 889 2152 926 :
2187 872 2435 929 conscius
2464 872 2628 940 mihi,
2660 873 2762 928 hoe
2787 886 2875 928 me
2914 871 3172 927 Ecclesiae
3203 867 3408 926 militia:

1806 982 1940 1022 mea:
1999 967 2326 1038 stipendium
2375 967 2610 1036 debere,
2664 967 2735 1041 (ε)
2787 979 2844 1023 ut
2889 982 2986 1038 per
3029 967 3125 1023 has
3169 965 3407 1031 litteras,

1803 1061 2147 1132 episcopatus
2177 1063 2282 1117 mei
2317 1063 2368 1117 in
2417 1062 2636 1118 Christo
2664 1076 2848 1119 vocem
2872 1104 2887 1128 ,
2934 1061 3229 1118 secundum
3274 1060 3409 1116 doc-

1804 1153 1973 1210 trinas
2001 1153 2375 1225 evangelicas,
2418 1154 2771 1212 destinarem.
2819 1155 3073 1211 Vestrum
3117 1153 3280 1228 520
3325 1162 3410 1209 cst

1805 1248 1860 1303 in
1887 1263 2179 1305 commune
2219 1258 2452 1306 tractare
2481 1265 2545 1306 ac
2585 1249 2872 1322 providere
2913 1256 3072 1320 atque
3114 1265 3302 1321 agere,
3352 1255 3412 1303 ut

1804 1342 1946 1414 quod
1977 1359 2147 1415 usque
2187 1360 2328 1401 nunc
2359 1345 2654 1402 inviolabili
2702 1345 2810 1401 ﬁde
2858 1345 3090 1400 murtetis
3111 1387 3124 1411 ,
3157 1344 3408 1416 religiosa

1803 1439 2138 1498 conscientia
2163 1443 2526 1510 conservatis,
2560 1453 2614 1499 et
2643 1442 2870 1499 teneatis
2895 1442 3038 1514 quod
3069 1441 3281 1497 tenetis.
3304 1439 3414 1494 Me-

1802 1542 2043 1592 mentote
2086 1535 2262 1592 exsilii
2305 1534 2412 1592 mei
2455 1536 2508 1591 in
2553 1535 2890 1592 orationibus
2936 1533 3138 1591 sanctis
3173 1550 3186 1587 :
3233 1547 3262 1587 a
3302 1547 3410 1604 quo

1803 1643 1889 1684 me
1915 1669 1931 1696 ,
1967 1636 2090 1700 post
2134 1631 2526 1701 expositionem
2561 1629 2718 1702 hujus
2758 1629 2916 1695 ﬁdei,
2963 1629 3148 1686 nescio
3189 1645 3257 1684 an
3297 1636 3406 1685 tam

135 1717 460 1772 communiter
506 1717 875 1772 consulamus.
910 1716 1094 1772 Potest
1137 1717 1276 1771 inter
1318 1708 1430 1772 nos
1462 1717 1697 1787 optimus
1795 1719 2092 1792 jucundum
2140 1731 2222 1778 est
2265 1723 2332 1778 ad
2377 1738 2473 1778 vos
2516 1721 2594 1797 (ά)
2644 1725 2696 1776 in
2747 1722 2972 1778 Domino
3008 1721 3136 1780 Jesu
3189 1720 3408 1778 Christo

134 1811 237 1867 ﬁdei
264 1822 424 1867 status
453 1811 617 1867 condi
649 1830 662 1866 :
698 1821 755 1866 ut
782 1826 882 1868 nec
921 1825 982 1867 ea
1006 1826 1126 1882 quae
1167 1811 1304 1867 bene
1349 1819 1474 1866 sunt
1499 1811 1698 1866 consti-
1729 1817 1777 1877 B
1803 1817 2036 1884 reverti,
2069 1833 2227 1888 quam
2267 1834 2515 1874 securum
2548 1824 2634 1874 est
2671 1819 2830 1874 mori.
2880 1817 3020 1874 Deus
3049 1828 3104 1874 et
3148 1817 3405 1872 Dominus

135 1912 228 1959 tota
247 1904 399 1977 519
427 1913 724 1973 vexentur,
757 1914 811 1962 et
837 1921 956 1976 quae
987 1905 1128 1960 male
1157 1913 1282 1960 sunt
1307 1903 1580 1961 intellecta
1611 1919 1702 1960 re-

134 2007 352 2055 secentur
362 2037 374 2051 .

193 2132 258 2208 (α)
296 2133 345 2208 In
387 2134 657 2208 vulgatis,
709 2152 799 2206 per
846 2137 1162 2193 homoeusion
1206 2137 1523 2193 homousion.
1559 2138 1693 2194 Cum

131 2205 281 2281 verbis
310 2205 501 2262 Hilarii
522 2209 683 2262 modo
711 2205 901 2263 allatis
921 2252 937 2277 ,
968 2226 1025 2264 se
1053 2227 1144 2281 per
1172 2211 1418 2264 unitatem
1449 2211 1694 2266 similitu-

134 2279 274 2352 dinem
292 2281 574 2352 recepisse,
599 2281 770 2352 magis
800 2279 1063 2336 consonat
1090 2281 1250 2336 lectio
1279 2297 1411 2337 mss.

191 2350 254 2421 (b)
291 2349 342 2404 In
366 2353 602 2423 excusis,
631 2349 856 2423 religiosi
878 2363 1050 2408 extant
1081 2353 1218 2407 libri.
1244 2353 1313 2407 At
1337 2353 1389 2407 in
1422 2368 1582 2420 mss.,
1614 2371 1696 2410 re-

133 2422 318 2496 ligiose:
345 2424 485 2496 quod
512 2422 750 2478 refertur
774 2424 839 2478 ad
869 2425 1089 2496 verbum
1120 2427 1437 2496 interpretati
1462 2437 1579 2480 sunt
1596 2469 1608 2490 ,
1638 2436 1692 2481 et

133 2493 392 2548 illustratur
438 2495 526 2549 his
568 2497 748 2550 verbis
793 2512 846 2548 n.
875 2496 943 2550 27
971 2495 1094 2552 libri
1138 2493 1324 2551 contra
1357 2497 1638 2553 Constant.
1674 2515 1687 2551 :

132 2561 315 2620 Exstant
340 2567 467 2620 enim
499 2566 712 2631 litterw,
747 2568 931 2637 quibus
974 2567 1029 2620 id
1050 2609 1062 2626 .
1096 2569 1232 2638 quod
1259 2579 1314 2622 tu
1357 2569 1692 2624 criminosum

132 2644 255 2702 putas
273 2680 286 2704 ,
313 2640 386 2707 pie
414 2647 539 2693 tunc
565 2656 671 2693 esse
700 2649 989 2708 susceptum
1021 2639 1252 2694 docetur.
1287 2641 1457 2695 Porro
1500 2643 1692 2696 etiam-

132 2722 234 2780 num
256 2710 382 2778 apud
411 2709 696 2765 Socratem
727 2710 819 2766 lib.
845 2727 861 2764 ι
883 2754 895 2775 ,
924 2712 1025 2765 sub
1049 2711 1205 2765 ﬁnem
1233 2727 1352 2780 cap.
1382 2713 1415 2767 8
1436 2753 1452 2778 ,
1478 2719 1692 2768 exstant

134 2778 611 2855 Ευεθμίῖιὴιιιριιὶιί
640 2783 853 2848 ιὶιιετςιι,
878 2784 1074 2850 quibus
1100 2782 1244 2839 hanc
1265 2778 1449 2838 vacem
1481 2785 1582 2839 sibi
1607 2785 1695 2855 pie

129 2864 180 2905 ac
205 2851 434 2923 religiose
461 2855 768 2924 expositam
795 2870 854 2910 se
880 2855 1189 2925 suscepisse
1217 2856 1427 2912 scribit.

1813 1919 1998 1964 noster
2028 1912 2477 1968 incontaminatos
2501 1926 2597 1967 vos
2626 1921 2681 1968 et
2717 1911 2915 1968 illmsos
2943 1911 2996 1967 in
3026 1910 3170 1968 diem
3197 1911 3405 1968 revela-

1805 2003 1968 2059 tionis
1995 2014 2236 2060 reservet
2262 2017 2389 2076 opto
2409 2048 2423 2074 ,
2457 2005 2673 2062 Fratres
2704 2005 3030 2062 charissimi.
3059 2004 3134 2079 (e)

1878 2138 1947 2211 (e)
1987 2140 2128 2196 Editi
2152 2182 2167 2207 ,
2201 2151 2246 2195 et
2292 2157 2390 2212 pro
2423 2151 2517 2208 ut;
2541 2151 2595 2196 et
2633 2158 2788 2208 mox,
2832 2143 3088 2198 destinare
3114 2157 3212 2214 pro
3241 2141 3399 2197 desti-

1802 2227 2018 2267 narem:
2049 2214 2392 2284 corriguntur
2435 2229 2503 2269 ex
2552 2229 2684 2270 mss.
2734 2214 3000 2270 Praeferre
3050 2226 3226 2270 tamen
3271 2215 3402 2271 licet

1802 2298 1922 2337 cum
1968 2283 2123 2341 Colb.
2154 2283 2213 2342 et
2247 2284 2431 2343 Germ.
2464 2285 2642 2342 debere
2689 2303 2779 2357 per
2825 2287 2917 2342 Itas
2944 2288 3208 2342 litteras...
3243 2287 3404 2342 desti-

1805 2371 1949 2410 nare.

1872 2427 2088 2502 (dlEr.
2115 2429 2313 2502 ,AMir.,
2360 2429 2508 2502 Lips.
2553 2438 2608 2485 et
2652 2430 2808 2494 Pan,
2864 2431 2919 2485 in
2965 2432 3171 2486 domum
3211 2430 3402 2486 Christi

1798 2501 2017 2564 reverti,
2050 2500 2183 2556 Bad.
2216 2513 2270 2557 et
2297 2500 2547 2557 omnibus
2574 2517 2704 2558 mss.
2737 2503 3116 2560 renitentibus.

1874 2571 1946 2642 (e)
1987 2571 2050 2645 In
2077 2575 2467 2628 recentioribus
2498 2589 2628 2645 mss.
2660 2576 2738 2628 sic
2767 2576 3063 2630 absolvitur
3101 2576 3188 2631 hic
3217 2576 3353 2631 liber
3385 2592 3400 2630 :

1801 2641 2126 2715 llomousion
2152 2661 2377 2715 grwcum
2399 2658 2492 2699 est.
2516 2643 2878 2714 Interpretatio
2903 2648 3228 2713 homousion,
3251 2649 3404 2702 unius

1802 2713 2099 2787 substantia:
2123 2713 2216 2770 {et
2238 2717 2547 2772 Itomaeusion
2573 2713 2941 2787 interpretatur
2961 2719 3143 2774 similis
3169 2720 3404 2774 substan-

1801 2786 2044 2861 titessed
2085 2804 2176 2860 per
2213 2788 2518 2843 homousion
2581 2786 2779 2857 oportet
2833 2791 3093 2860 intelligi:
3120 2806 3241 2861 qua:
3286 2802 3403 2847 stu-

1802 2855 1940 2912 diosi
1967 2855 2198 2930 alicujus
2233 2861 2410 2932 potius
2440 2870 2564 2916 nota
2593 2855 2834 2928 videtur,
2867 2855 3025 2933 quam
3057 2855 3314 2918 auctoris.

141 2979 3407 3016 -——____.._______.________._____.___________________

739 3084 1090 3160 mm
1173 3099 1884 3252 SANCTI
1979 3106 2758 3253 HILARI'I

141 3341 1436 3480 APOLOGETICA
1526 3347 1774 3476 AD
1866 3350 3404 3492 REPREHENSORES

701 3576 1038 3649 LIBRI
1149 3579 1302 3650 DE
1405 3579 1911 3655 SYNODIS
2001 3586 2623 3662 RESPONSA
2688 3572 2800 3667 (ll.

1121 3735 1864 3791 meum

1865 3746 2434 3782 μ-

129 3833 161 3890 I.
193 3837 250 3894 la
288 3840 388 3896 lateo
429 3859 572 3898 nam.
604 3843 666 3897 '5:
706 3841 771 3898 Et
819 3841 946 3897 licet
985 3855 1092 3896 non
1124 3839 1243 3895 sine
1278 3835 1457 3909 aliquo
1484 3834 1694 3890 aurium
1721 3835 1766 3899 C
1799 3833 1964 3933 I’IAilI
2005 3837 2624 3916 INTELLIGENTIAM,
2671 3852 2774 3910 nisi
2816 3855 2939 3927 quia
2971 3856 3324 3933 intelligerem
3349 3875 3405 3924 et

260 3937 605 3994 seandalo....
637 3936 934 3993 restiterint
959 3934 1246 3990 Orientales
1271 3932 1550 3988 Anomwis.

186 4044 233 4102 Si
260 4047 542 4122 diligenter
585 4050 849 4107 sententia
890 4049 1007 4105 haec
1052 4062 1284 4120 expensa
1336 4056 1514 4112 esset,
1561 4042 1700 4100 forte

127 4139 264 4195 totius
293 4150 547 4200 tractatus
573 4144 676 4199 mei
707 4143 844 4199 ratio
879 4159 987 4198 non
1019 4143 1206 4198 fuisset
1233 4140 1550 4212 suSpieiosa.
1579 4138 1696 4194 Non

126 4231 246 4286 enim
270 4235 343 4307 (θ)
375 4238 515 4293 tacui
543 4252 666 4294 esse
690 4237 823 4305 illic,
850 4236 993 4309 quod
1024 4251 1128 4291 non
1160 4234 1263 4290 nisi
1290 4249 1411 4290 cum
1441 4231 1698 4289 seandalo

127 4337 246 4384 esset
268 4331 614 4391 audiendum.

124 4440 172 4496 II.
210 4445 356 4504 Initio
395 4467 540 4507 num.
589 4451 658 4506 15
696 4491 712 4517 ,
772 4459 887 4523 post
916 4448 1263 4505 recitationem
1317 4446 1469 4520 primi
1510 4444 1699 4501 decreti

627 4544 917 4618 Ancyranw
940 4545 1142 4618 synodi.

181 4652 541 4727 Expositiones
585 4675 776 4716 omnes
824 4658 1143 4731 (Ancyranw
1179 4658 1404 4731 synodi,
1451 4673 1565 4730 qua:
1603 4657 1698 4712 hoc

126 4744 232 4803 libro
268 4751 674 4826 describuntur),
716 4755 764 4810 si
801 4754 926 4825 quid
955 4753 1156 4809 habent
1181 4754 1445 4818 criminis,
1475 4753 1611 4807 intra
1635 4767 1697 4808 se

122 4838 330 4912 habent;
363 4859 620 4904 ezeterum
651 4864 757 4904 non
798 4847 999 4904 habere
1028 4847 1080 4901 in
1112 4846 1322 4918 publica
1351 4845 1487 4901 facie
1511 4844 1698 4902 existi-

121 4947 326 4996 mantur.
350 4941 459 4999 Sed
478 4944 599 5015 quia
630 4943 826 4998 scirem
857 4958 919 4999 ea
951 4943 1063 4998 sola
1098 4941 1354 4998 Sirmium
1376 4956 1498 4998 esse
1521 4941 1696 4996 delata

123 5025 138 5096 (
161 5031 196 5098 f.
219 5048 303 5088 eas
333 5036 477 5092 solas
509 5035 762 5110 delatas).

115 5141 186 5200 Ill.
214 5149 430 5224 Respicit
457 5155 558 5209 ista
589 5171 731 5208 num.
767 5154 874 5210 77:
921 5153 1178 5226 Exposita
1217 5153 1410 5209 similis
1447 5153 1699 5209 substan-

1804 3927 2060 4028 impiam:
2099 3943 2153 3989 et
2198 3935 2400 3994 idcirco
2435 3941 2702 4012 similem,
2740 3964 2845 4004 non
2891 3952 3066 4008 solum
3101 3927 3362 4027 aequalem
3386 4001 3402 4028 ,

1801 4020 1900 4077 sed
1930 4024 2092 4079 etiam
2123 4027 2368 4084 eamdem
2394 4031 2625 4103 dixisse,
2655 4047 2713 4093 ut
2743 4054 2918 4111 neque
2949 4020 3400 4121 similitudinem,

1802 4131 1963 4187 quam
1998 4129 2073 4188 tu,
2109 4119 2276 4178 frater
2315 4124 2553 4195 Lucifer,
2577 4131 2856 4200 prtedicari
2879 4137 3154 4208 volueras,
3200 4119 3403 4215 impro-

1801 4211 2026 4282 harem;
2060 4226 2114 4273 et
2144 4227 2321 4276 tamen
2367 4223 2538 4280 solam
2580 4227 2720 4298 piam
2766 4245 2887 4289 esse
2913 4211 3293 4298 similitudinis
3315 4242 3416 4298 in-.

1803 4309 2154 4383 telligentiam
2199 4315 2572 4390 admonerem,
2618 4340 2739 4396 qua:
2785 4330 3045 4389 unitatem
3085 4334 3402 4396 substantia:

1801 4407 2142 4478 prtedicaret.

1800 4521 1892 4580 IV.
1923 4522 1993 4579 In
2015 4541 2138 4580 mss.
2163 4541 2280 4581 cum
2309 4531 2561 4600 superiori
2582 4548 2682 4590 uno
2709 4545 2886 4595 tenore
2906 4542 3258 4600 continuatum
3281 4563 3401 4620 per-

1873 4617 1995 4671 tinet
2014 4618 2084 4672 ad
2103 4618 2198 4674 hoc
2220 4637 2363 4676 num.
2395 4623 2493 4680 78:
2518 4625 2561 4681 Ο
2586 4627 2818 4685 studiosi
2843 4633 3059 4691 tandem
3090 4617 3404 4709 apostolica:

1871 4718 2035 4782 atque
2060 4713 2387 4785 evangelica:
2415 4716 2675 4777 doctrina:
2711 4723 2906 4781 viri....
2954 4739 3206 4801 quantam
3249 4751 3403 4809 spem

1871 4804 2190 4860 revocandae
2215 4821 2356 4863 vera:
2386 4808 2505 4865 ﬁdei
2530 4813 2832 4872 attulistis?

1871 4895 1929 4950 In
1959 4911 2024 4952 eo
2054 4912 2206 4967 vero,
2235 4901 2379 4970 quod
2405 4901 2631 4960 laudans
2657 4922 2752 4964 eos
2784 4910 2838 4966 in
2873 4912 3128 4974 invidiam
3161 4921 3405 4982 deducor

1801 5001 1830 5042 a
1861 4988 2218 5058 quibusdam;
2259 5008 2445 5063 parum
2475 4995 2779 5056 intellectus
2805 5018 2946 5062 sum.
2979 5009 3096 5067 Non
3126 5015 3269 5071 enim
3304 5032 3402 5076 eos

1800 5092 1987 5135 veram
2019 5080 2218 5149 ﬁdem,
2250 5085 2344 5140 sed
2379 5085 2556 5143 SPEM
2585 5090 3032 5158 REVOCANDeE
3062 5081 3402 5166 venari-

1802 5171 1915 5228 DEI
1943 5174 2188 5232 attulisse
2211 5177 2320 5233 dixi
2346 5196 2358 5233 :
2399 5188 2459 5235 ut
2479 5183 2618 5240 sicut
2643 5186 2716 5242 illi
2745 5192 2913 5248 auditi
2937 5206 3082 5264 sunt,
3117 5201 3188 5255 ita
3215 5214 3269 5258 et
3299 5219 3400 5262 nos

177 5242 481 5360 tuendum“
519 5247 856 5305 homoeusion
913 5247 1246 5320 appellatur,
1312 5246 1454 5302 ﬁdeli
1501 5261 1565 5302 ac
1602 5245 1686 5316 pia
1715 5261 1771 5322 D
1796 5280 1866 5321 ex
1898 5266 2003 5323 hoc
2035 5279 2222 5326 contra
2253 5269 2537 5332 valentem
2577 5288 2635 5335 ει
2667 5242 3269 5360 υτέᾶἆῶᾞξὲεέὦξὲ

173 5333 541 5410 intelligentia.

173 5445 276 5505 Non
307 5462 435 5523 puto
466 5469 789 5527 quemquam
817 5454 1242 5520 admonendum,
1273 5453 1324 5509 in
1356 5453 1457 5510 hoc
1486 5453 1606 5510 loco
1633 5462 1697 5509 ut

113 5546 392 5615 expendat,
444 5563 614 5618 quare
667 5549 899 5606 dixerim
955 5548 1201 5605 SIMILIS
1242 5547 1695 5606 SUBSTANTIIE

115 5686 517 5814 re(lZYI’rimnm
552 5691 690 5766 typis
723 5691 969 5749 mandata
1000 5692 1054 5748 in
1084 5689 1687 5762 ed.Veronensi,quam

166 5773 222 5814 Cll
263 5779 419 5814 Imus.

166 5773 419 5819 cauimus.

173 5829 244 5904 (g)
270 5833 383 5893 Iloe
404 5837 475 5892 ita
507 5838 786 5895 evidenter
807 5837 1040 5910 postulat
1068 5851 1280 5905 sensus,
1307 5844 1364 5893 ut
1390 5833 1688 5908 praeferen-

1797 5360 1941 5430 diri,
2003 5371 2060 5418 et
2096 5363 2176 5438 (ἠ)
2220 5369 2553 5439 coaptandus
2595 5373 2662 5430 ad
2703 5391 2796 5432 eos
2843 5381 3182 5442 allocutionis
3219 5402 3403 5449 sermo

1796 5452 2027 5513 blandus
2073 5457 2208 5514 nihil
2232 5460 2418 5530 ;aliud,
2469 5481 2631 5536 quam
2676 5473 2984 5541 procacium
3026 5481 3397 5544 conviciorum

1798 5549 2057 5622 effugeret
2085 5551 2382 5613 foeditatem
2409 5575 2425 5622 ;
2471 5575 2594 5616 cum
2622 5566 2863 5625 amarius
2895 5579 3057 5642 atque
3084 5575 3244 5632 etiam
3272 5594 3402 5650 pro-

1797 5689 2559 5781 dum‘duxerimuqupamvis
2571 5712 2742 5760 exstet
2761 5705 2834 5781 in_
2833 5723 2964 5765 mss.
2983 5714 3253 5773 tacuissem
3270 5721 3398 5781 ξιίίε,

1867 5763 1956 5858 (χρ
1984 5764 2072 5858 1:3
2088 5781 2201 5858 ἠπει,Ι
2215 5763 2391 5858 illiciti.
2420 5771 2490 5826 At
2518 5771 2681 5858 Ca‘rn.
2710 5788 2764 5832 et
2793 5763 2938 5858 Teii;
2965 5763 3396 5858 έὸᾶᾗίἶέἶὰἓὶὶἓξ

1795 5835 1979 5908 Forte,
2007 5854 2108 5910 quo
2137 5850 2273 5911 apta:
2291 5841 2359 5896 ad
2380 5858 2486 5913 eos,
2518 5845 2605 5903 vel
2625 5859 2817 5924 carptus
2839 5835 3034 5914 adeas.
