3996 6330
581 283 688 362 ἐςιῆ

1783 295 2026 358 SANCTI
2065 295 2326 356 HILARII
2366 297 2674 358 EPISCOPI
3755 309 3844 372 διε

577 421 792 478 brasins
837 419 890 474 in
924 415 1380 489 consequentibus
1421 415 1728 489 (prtesertim
1757 431 1900 469 nunt.
1940 413 2055 486 9t),
2087 431 2178 470 oc-
2213 421 2260 482 Α
2287 415 2378 472 lx.
2433 415 2572 471 Huic
2597 417 2762 488 afﬁne,
2794 417 3070 474 adducitur
3106 427 3220 494 post
3260 419 3424 476 allata
3456 423 3680 494 exempla
3701 439 3846 482 eorum

576 515 716 568 culta
767 511 1158 583 expositionum
1191 525 1370 565 essem
1419 509 1670 564 scandala
1701 509 2027 578 proditurus.

583 625 642 680 ν.
673 625 892 696 Aptatur
914 626 992 680 his
1013 641 1154 680 num.
1191 625 1289 680 80:
1334 623 1442 680 Oro
1478 631 1656 679 autem
1693 637 1812 690 vos,
1851 623 2176 678 sanctissimi

647 723 782 790 viri,
809 733 862 780 ut
884 738 1004 778 cum
1035 722 1172 778 bona
1202 721 1359 776 venia
1407 718 1806 776 sollicitudines
1853 732 2000 774 meas
2028 717 2173 772 acsti-

647 817 825 873 metis.
1671 800 1673 802 i

647 911 750 964 Pro
777 909 1058 980 prudentia
1085 917 1266 966 vestra
1295 907 1604 980 expendite,
1635 907 1762 980 quid
1795 907 1864 964 sit
1893 923 1920 962 a
1953 909 2177 964 sanctis-

572 1004 724 1060 simis
754 1005 885 1059 viris
917 1019 1173 1074 poscere,
1227 1013 1282 1058 ιιι
1323 1019 1444 1058 cum
1487 1003 1628 1058 bona
1658 1001 1811 1057 venia
1843 1001 2064 1058 audiant
2091 1001 2172 1056 di-

572 1109 817 1166 centem;
863 1109 918 1156 et
964 1115 1030 1153 an
1071 1097 1314 1169 ejusdem
1357 1100 1428 1152 sit
1473 1095 1716 1162 adulari,
1767 1103 1822 1152 et
1865 1096 2172 1168 objurgare.

574 1193 686 1250 [loc
717 1195 840 1250 ideo
866 1197 936 1248 ita
966 1194 1167 1248 dictum
1194 1202 1296 1260 est,
1327 1192 1400 1266 (a)
1431 1194 1554 1264 quia
1581 1209 1702 1264 quae
1731 1191 1794 1246 ad
1825 1207 2062 1262 praesens
2095 1201 2174 1246 ta-

571 1283 676 1335 cita
720 1281 788 1336 ab
819 1281 901 1334 his
939 1279 1170 1353 (Legatis
1217 1279 1468 1336 Sirmium
1513 1280 1701 1350 missis)
1735 1278 1980 1344 fuissent,
2027 1291 2174 1334 eram

575 1374 887 1444 proditurus
913 1373 1081 1444 (nam.
1111 1373 1182 1428 90
1221 1381 1267 1428 et
1297 1373 1422 1444 9t);
1457 1389 1562 1427 non
1592 1385 1770 1428 tamen
1819 1373 1872 1427 in
1905 1371 1988 1426 his
2010 1414 2023 1436 ,
2055 1383 2176 1442 qua:

573 1475 794 1534 possent
817 1475 1089 1536 tamquam
1111 1464 1440 1520 excusabilis
1471 1463 1710 1532 defendi,
1739 1463 1952 1519 viderer
1972 1461 2176 1516 calum-

575 1571 732 1610 ιιιτιη.

575 1668 659 1724 Vl.
710 1669 900 1726 Attinet
940 1671 1008 1726 ad
1045 1671 1154 1726 htL’C
1199 1687 1339 1725 num.
1389 1670 1494 1728 8'7:
1529 1669 1594 1726 Et
1637 1685 1740 1742 ego
1778 1669 1981 1725 invitus
2017 1667 2172 1736 licet,

643 1766 1008 1837 respondebo,
1031 1777 1132 1820 etc.

639 1863 779 1916 Satis
808 1864 1055 1918 absolute
1081 1905 1094 1930 ,
1141 1863 1366 1919 Domine
1403 1861 1572 1918 frater
1617 1859 1864 1926 Lucifer,
1916 1859 2171 1930 cognosci

569 1963 758 2025 putuit,
787 1957 1011 2012 invitum
1039 1973 1125 2013 me
1147 1957 1433 2013 lnuncnusii
1459 1957 1788 2013 mentionem
1816 1955 2035 2010 habere.
2064 1951 2172 2008 Sed

565 2049 684 2117 qnia
718 2057 769 2102 tu
799 2050 1212 2106 similitudinem
1267 2049 1386 2106 Filii
1434 2051 1500 2105 ad
1551 2049 1765 2104 Patrem
1800 2047 2130 2119 prmdicabas
2155 2087 2170 2113 ,

566 2141 960 2196 tlt'llllllISU'aliO
991 2143 1112 2212 ejus
1139 2159 1168 2196 a
1201 2160 1286 2200 me
1315 2143 1414 2198 fuit
1449 2143 1770 2213 exponenda
1803 2141 1920 2198 sine
1945 2142 2094 2195 vitio.

567 2233 677 2286 νη.
719 2233 815 2288 His
844 2233 1158 2290 subnectitur
1187 2254 1327 2289 nam.
1365 2235 1474 2292 88:
1523 2235 1600 2308 (b)
1651 2235 1873 2307 Synorlo
1917 2235 2173 2290 Samosa-

638 2335 774 2382 tenu:
794 2327 1240 2384 subscribendum
1258 2339 1457 2399 putas..
1477 2327 1890 2384 Subset'ibantus
1910 2338 1956 2383 el
1979 2327 2172 2382 Νίρευω

634 2421 868 2492 synodo.

634 2513 902 2586 Numquid
931 2527 984 2570 et
1015 2517 1102 2572 hic
1129 2515 1204 2590 (c)
1237 2517 1304 2572 de
1331 2516 1706 2571 homteusionc
1738 2515 2004 2585 legentem
2029 2556 2044 2582 ,
2071 2513 2170 2568 ad-

566 2609 770 2676 Iu'mui,
800 2626 904 2663 non
934 2611 1092 2666 aliter
1121 2610 1414 2666 ostendens
1447 2609 1646 2681 suscipi
1678 2615 1952 2680 opm-tere,
1976 2607 2078 2664 nisi
2105 2606 2174 2663 ad

563 2705 826 2758 unitatem
858 2704 1178 2760 substantia:
1199 2705 1494 2760 releuetur
1515 2704 1537 2757 ‘I

565 2815 698 2870 Vlll.
739 2815 1182 2888 Reprehensorum
1211 2817 1373 2872 oculis
1413 2818 1622 2888 exponit
1657 2817 1754 2871 hoc
1779 2831 1922 2870 nam.
1967 2815 2076 2872 89:
2107 2813 2175 2870 Et

635 2929 722 2966 me
763 2921 946 2966 movet
975 2915 1120 2982 (cum
1153 2913 1430 2984 seandalo)
1465 2913 1750 2970 hommusii
1791 2911 2041 2978 nuditas,
2070 2921 2168 2967 etc.

636 3009 792 3063 Anne
819 3010 1098 3078 quisquam
1141 3025 1227 3064 me
1255 3009 1565 3065 existimare
1604 3008 1799 3079 poterit
1835 3007 2170 3064 homteusion

562 3102 699 3158 velle
721 3104 1022 3174 suscipere,
1047 3105 1114 3160 de
1141 3119 1250 3174 quo
1279 3105 1378 3160 ista
1413 3105 1638 3159 tractavi
1662 3103 1686 3156 ?

661 3250 712 3322 (ι)
745 3249 1010 3306 Particula
1043 3259 1098 3303 ut
1127 3249 1337 3304 videtur
1365 3248 1450 3302 hic
1483 3247 1696 3304 deesse.

634 3249 936 3397 ib)_Aptius
971 3323 1388 3397 sultjttngeretur
1411 3319 1694 3397 illis_ejusd

659 3318 712 3392 ὁ)
745 3323 936 3391 Aptius
971 3323 1388 3389 sultjttngeretur
1411 3321 1518 3376 illis
1541 3319 1784 3388 ejusdem
1809 3318 2018 3375 numeri
2043 3333 2171 3392 vcr-

561 3391 666 3458 bis',
695 3391 1020 3450 Decernatur
1046 3394 1174 3448 nihil
1195 3392 1428 3460 diﬂ'erre,
1451 3393 1602 3448 tutius
1635 3401 1684 3446 et
1702 3393 1883 3448 similis
1915 3407 2021 3448 esse
2047 3391 2172 3446 sub-

562 3468 785 3520 stantite.

2351 525 2466 580 qua:
2491 521 2700 565 externa
2727 513 3062 568 similitudine
3093 515 3304 584 fallunt.

2352 603 2616 676 Numquid
2647 615 2701 662 et
2725 605 2816 662 hic
2839 608 3204 664 similitudinis
3234 609 3514 682 negligens
3533 609 3648 664 fui?

2657 721 2725 777 X.
2756 721 3000 779 Convenit
3031 725 3110 780 Itis
3161 743 3302 780 imm.
3336 726 3409 782 90
3439 745 3450 780 :
3482 725 3711 784 Parcens
3735 731 3850 788 enim

2349 821 2524 878 adhuc
2553 823 2618 879 de
2651 823 2731 880 his
2759 825 2888 880 nihil
2921 825 3064 896 dico,
3105 845 3222 900 qua:
3251 831 3470 901 Ancyra
3495 849 3614 884 cum
3645 835 3850 890 seandalo

2351 915 2554 970 decreta
2578 927 2717 972 sunt.

2351 1007 2505 1065 Anne
2535 1009 2812 1066 existimor
2851 1011 3211 1082 suspicionem
3255 1015 3324 1070 ab
3355 1014 3440 1072 his
3481 1015 3755 1087 adimere,
3781 1019 3850 1076 vel

2278 1117 2340 1158 ca
2371 1102 2589 1160 laudare
2613 1105 2808 1176 quibus
2838 1107 3036 1177 parco?
3080 1107 3308 1165 Parcere
3335 1111 3484 1166 enim
3505 1153 3520 1179 ,
3553 1121 3613 1167 et
3649 1129 3758 1166 cum
3782 1113 3842 1170 di-

2281 1195 2478 1252 latione
2506 1195 2572 1252 τιτι
2605 1197 2706 1253 hoc
2735 1213 2976 1268 parcere,
3008 1201 3144 1256 nihil
3173 1203 3400 1274 improbi
3429 1213 3515 1261 est
3541 1213 3601 1260 et
3647 1207 3840 1264 remissi.

2278 1311 2372 1368 XI.
2397 1311 2464 1368 In
2493 1329 2614 1368 mss.
2641 1315 2838 1370 decimo
2857 1318 3210 1372 continuatum
3231 1320 3366 1374 cadit
3393 1321 3443 1374 in
3469 1321 3562 1376 illa
3607 1339 3666 1375 η.
3687 1322 3742 1377 91
3765 1342 3778 1378 :
3799 1323 3848 1378 lit

2352 1407 2564 1476 probari
2608 1408 2776 1477 possit
2813 1409 3151 1466 homoension
3175 1453 3190 1478 ,
3231 1427 3336 1466 non
3383 1412 3750 1482 improbemus
3781 1416 3852 1468 ho-

2350 1501 2632 1566 t‘nousion;
2673 1501 2792 1556 item
2819 1519 2868 1556 et
2899 1503 2953 1556 in
2993 1505 3094 1558 ista
3135 1505 3364 1576 ejusdem
3387 1509 3590 1560 numeri
3623 1523 3640 1560 :
3669 1506 3850 1578 [inpium

2350 1603 2430 1650 est
2457 1595 2596 1664 quod
2624 1594 2854 1664 audetis,
2883 1607 2980 1651 etc.

2349 1708 2430 1760 An
2463 1705 2548 1760 hic
2583 1707 2816 1764 similem
2859 1709 3214 1764 substantiam
3241 1709 3386 1766 aliud
3431 1711 3614 1780 patior
3641 1727 3752 1768 esse
3777 1710 3852 1768 nisi

2155 1856 2168 1890 ἶ
2204 1829 2254 1890 Β
2282 1797 2475 1852 unam?
2519 1815 2640 1870 quae
2689 1800 2732 1854 si
2773 1816 2876 1856 non
2925 1816 3026 1854 una
3071 1803 3142 1856 sit
3193 1815 3348 1858 antea
3387 1804 3724 1871 conﬁtenda,
3765 1805 3848 1874 jam

2279 1903 2462 1964 postea
2503 1895 2664 1964 impie
2690 1896 2762 1948 sit
2783 1894 2976 1948 similis
3012 1895 3374 1964 prs-dicenda.

2278 2008 2389 2064 ΧΠ.
2415 2007 2705 2078 Subjicitur
2729 2019 2842 2080 post
2871 2011 2980 2065 haec
3002 2029 3145 2066 nam.
3177 2013 3236 2069 9|
3271 2031 3283 2066 :
3315 2014 3676 2071 Hommusion
3701 2016 3848 2070 nescio

2347 2118 2450 2158 nec
2485 2103 2746 2174 intelligo,
2781 2104 2886 2160 nisi
2919 2111 3128 2160 tatitum
3159 2105 3228 2162 ab
3255 2107 3452 2162 similis
3477 2110 3732 2164 essentia:
3753 2123 3850 2164 con-

2351 2197 2606 2262 fessione,
2631 2207 2730 2253 etc.

2351 2313 2618 2384 Numquid
2669 2313 2856 2370 videor
2905 2313 3050 2386 quod
3108 2317 3308 2372 nescivi
3367 2316 3606 2388 probare
3655 2319 3850 2390 potuisse

2282 2404 2613 2479 (accipiendo
2649 2407 2966 2464 lictmusion
2999 2427 3096 2482 pro
3129 2410 3466 2466 similitudine
3511 2429 3618 2466 non
3655 2415 3850 2466 mitum-

2281 2499 2468 2570 tiali)?
2513 2499 2630 2553 Non
2659 2501 2864 2570 utique.
2897 2501 3004 2556 Sed
3025 2505 3152 2572 quia
3181 2503 3316 2558 fides
3343 2503 3628 2559 catholica
3673 2519 3762 2558 non
3783 2503 3852 2557 tle-

2281 2593 2406 2650 bcat
2444 2595 2550 2649 nisi
2579 2609 2674 2665 per
2705 2597 2966 2652 unitatem
2999 2597 3406 2654 similitudinem
3444 2599 3712 2666 credere;
3735 2598 3852 2652 utsi-

2283 2687 2638 2744 militudinem
2671 2697 2876 2744 tantum
2908 2691 2972 2744 ad
3005 2690 3396 2748 excludendam
3441 2693 3704 2748 unionem
3737 2709 3850 2748 cna:-

2279 2785 2586 2844 memoret,
2634 2793 2744 2832 non
2789 2777 2856 2832 ad
2902 2778 3185 2834 discidium
3229 2782 3500 2836 unitatis:
3553 2783 3748 2837 ideirco
3785 2795 3850 2834 tua

2277 2869 2390 2924 dixi
2417 2912 2430 2936 ,
2457 2885 2578 2925 cum
2609 2871 2827 2925 nomine
2861 2870 3130 2926 homousii
3160 2883 3324 2943 atque
3357 2873 3654 2928 liomteusii
3685 2873 3848 2928 neseis-

2277 2979 2390 3018 sem
2419 3007 2432 3026 .
2487 2975 2666 3020 tamen
2717 2981 2812 3036 per
2853 2967 3118 3022 unitatem
3149 2965 3566 3022 similitudinem

2279 3058 2391 3114 Hoc
2419 3058 2592 3130 ipsum
2629 3060 2809 3116 statim
2835 3075 3068 3131 sequens
3095 3061 3362 3117 sententia
3395 3060 3656 3116 absolvit.

2347 3245 2421 3318 (c)
2453 3247 2529 3304 Ex
2565 3247 2770 3302 Erasmi
2803 3255 2858 3302 et
2879 3247 3040 3303 lliiraei
3071 3249 3343 3319 margine,
3371 3247 3464 3302 ubi
3495 3247 3612 3302 haec
3639 3246 3848 3316 apologa-

2282 3319 2381 3374 tica
2405 3327 2530 3374 nota
2555 3321 2716 3388 jacet,
2743 3321 2954 3376 restitui
2987 3329 3180 3390 potest,
3207 3338 3268 3375 ne
3287 3321 3608 3375 liomteusion
3629 3320 3850 3391 negligen-

2282 3401 2357 3446 ter
2383 3393 2711 3465 suscipiatur,
2739 3409 2844 3448 non
2869 3392 3140 3448 admonui.

3029 3561 3818 3586 [iw

2965 3569 3052 3588 με

1893 3683 2568 3772 ADMONITIO

1051 3856 1134 3919 IN
1181 3853 1636 3918 EPISTOLAM
1669 3849 2154 3928 SEQUENTEM
2193 3847 2298 3910 ET
2341 3845 2853 3910 SUBJUNCTUM
2895 3845 2978 3908 ΕΙ
3019 3845 3402 3911 HYMNUM.

641 4153 792 4206 Hanc
825 4149 1096 4224 epistolam
1123 4155 1508 4218 nugamentum
1537 4147 1776 4202 hominis
1807 4144 1982 4202 otiose
2019 4145 2173 4200 indo-

561 4249 630 4302 cti
660 4255 804 4300 uocat
839 4245 1104 4308 Erasmus,
1139 4242 1384 4298 Glllotius
1406 4243 1578 4296 scribit
1601 4259 1632 4295 a
1665 4239 1950 4295 Fortunato
1981 4239 2074 4292 sibi
2097 4239 2174 4292 vi-

562 4341 674 4394 deri
701 4339 970 4406 conﬁctam
993 4353 1010 4400 ;
1034 4335 1190 4406 idque
1219 4351 1338 4389 eum
1367 4336 1646 4390 verissime
1677 4332 2174 4402 scripsisse-Sculte-

563 4445 668 4496 tus,
699 4451 816 4504 pag.
841 4433 1261 4498 5'21,asseverat.
1287 4431 1354 4483 At
1386 4430 1677 4482 Fortunato
1700 4429 1821 4497 ipsi,
1852 4427 1938 4498 qui
1957 4427 2098 4480 illius
2119 4441 2174 4479 sc

563 4545 668 4582 non
688 4535 968 4588 auctorem,
999 4523 1086 4580 sed
1117 4534 1292 4580 testem
1324 4523 1466 4592 facit,
1493 4521 1648 4591 ﬁdem
1669 4537 1774 4574 non
1791 4519 2176 4574 detrectandam

561 4624 742 4676 merito
771 4629 976 4676 censent
1001 4620 1252 4690 (agiliores
1291 4633 1462 4672 rerum
1491 4619 1864 4672 mstinnatorem.
1889 4613 1938 4668 Ν
1944 4632 2010 4668 οη
2038 4615 2171 4668 enim

561 4715 794 4778 credunt,
820 4721 1054 4766 sanctum
1081 4710 1646 4764 Pictaucnsisccclesitc
1677 4707 1962 4762 Prwsuiem
1985 4707 2171 4762 memi-

561 4817 689 4864 tnm.
727 4823 840 4859 cum
874 4822 985 4858 eam
1025 4805 1239 4875 propria
1281 4803 1474 4858 Hilarii
1511 4819 1668 4856 ntanu
1711 4799 2054 4869 subscriptam
2081 4816 2173 4853 sua

2277 4141 2414 4196 datis
2453 4159 2486 4196 a
2513 4143 2661 4197 vanis
2697 4143 2875 4198 seaculi
2907 4141 3110 4213 pompis
3135 4157 3194 4196 ac
3219 4141 3424 4196 deliciis
3459 4148 3654 4204 auocat,
3685 4147 3732 4192 ut
3753 4151 3842 4192 seta

2278 4236 2467 4292 caelesti
2499 4251 2690 4305 sponso
2719 4233 2965 4306 bonisque
3000 4235 3300 4290 melioribus
3329 4242 3608 4306 praeparet.
3633 4229 3742 4286 Cum
3765 4244 3842 4280 es-

2278 4345 2376 4387 tcnt
2406 4334 2656 4386 sermonis
2698 4332 3036 4386 obscuritates
3078 4341 3122 4384 ct
3165 4331 3448 4400 wnigmata
3481 4331 3560 4383 ad.
3591 4323 3840 4382 excitandas

2275 4429 2470 4498 ingenii
2496 4429 2626 4482 vires
2654 4427 2801 4482 valde
2819 4427 3006 4482 idonea
3029 4427 3128 4480 sint
3151 4442 3168 4480 :
3197 4443 3298 4478 non
3327 4425 3668 4494 imprudenter
3687 4421 3744 4474 iis
3759 4417 3842 4471 uti-

2276 4529 2359 4576 tur
2383 4521 2636 4575 sollicitus
2664 4527 2829 4590 pater,
2855 4520 3030 4572 multis
3049 4520 3162 4584 jam
3192 4519 3342 4572 annis
3363 4534 3394 4568 a
3427 4519 3596 4586 patria
3619 4515 3747 4568 domo
3769 4525 3834 4560 τι·

2277 4627 2468 4682 motus,
2499 4623 2554 4668 ut
2579 4632 2644 4669 es:
2665 4615 2926 4686 responsis
2951 4613 3078 4684 filia:
3108 4611 3371 4683 ingenium
3403 4627 3465 4662 ac
3495 4609 3710 4662 studium
3729 4603 3838 4658 illius

2277 4711 2591 4772 experiatur.
2626 4707 2744 4760 Jam
2777 4707 2908 4760 enim
2938 4707 3156 4760 triennio
3185 4707 3366 4760 saltem
3405 4703 3596 4758 Abram
3621 4695 3834 4756 avaritie-

2277 4813 2380 4867 rat,
2413 4819 2528 4856 cum
2559 4803 2689 4858 lianc
2719 4804 2762 4856 ei
2787 4799 3060 4871 epistolam
3082 4801 3306 4870 scripsit.
3332 4799 3398 4853 In
3424 4817 3484 4852 ea
3513 4800 3832 4870 [tymantith-

561 4909 710 4955 rotate
759 4899 986 4954 Pictavi:
1024 4915 1115 4968 pro
1155 4913 1366 4954 munere
1405 4905 1758 4954 conservatam
1805 4909 1914 4948 esse
1957 4901 2170 4946 testatus
2201 4869 2249 4929 D
2281 4896 2501 4949 tutinum
2533 4895 2822 4966 pariterque
2853 4895 3136 4948 serotinum
3168 4895 3270 4966 ipsi
3295 4911 3350 4948 se
3383 4893 3586 4948 mittere
3619 4893 3830 4944 timuerat.

560 5007 652 5052 est.
687 4994 862 5064 Longe
891 4994 1057 5048 minus
1082 4993 1286 5046 ueritati
1307 4997 1830 5054 consentaneum-est,
1857 4995 1922 5040 ut.
1939 5001 2064 5039 cum
2085 5001 2172 5056 ge-

560 5091 775 5146 nuinam
825 5085 1018 5146 Hilarii
1055 5085 1328 5154 epistolam
1369 5099 1476 5153 pm
1522 5082 1762 5138 ntaaibus
1806 5079 2064 5144 haberet,
2114 5095 2174 5132 ea

559 5197 830 5254 suppressa
873 5177 1220 5234 adulterinum
1258 5176 1607 5245 supposuerit.
1650 5173 1710 5230 Si
1751 5171 1876 5243 quid
1913 5177 2084 5228 autem
2117 5169 2176 5224 in

558 5291 776 5342 summa,
820 5288 976 5341 quam
1020 5286 1082 5326 ea:
1130 5285 1192 5324 ea
1237 5269 1499 5341 exprimit,
1538 5269 1708 5340 paulo.
1738 5267 1889 5320 aliter
1933 5264 2166 5320 enuntiat

558 5385 710 5437 quam
755 5370 808 5422 in
843 5367 940 5422 illa
966 5365 1286 5428 continetur;
1323 5378 1384 5420 eo
1419 5363 1532 5433 ipso
1565 5362 1738 5430 palam
1769 5361 1917 5431 facit,
1957 5359 2104 5414 illam
2133 5373 2167 5414 α

561 5476 613 5512 sc
640 5476 812 5514 casam
839 5475 950 5516 non,
967 5453 1152 5531 fuisse.
1183 5454 1338 5512 Nihil
1363 5471 1518 5526 porro
1537 5454 1594 5508 in
1619 5453 1971 5508 eaadvertunt
1992 5454 2170 5524 pio-ao

565 5555 811 5618 prudente
825 5551 1098 5623 indignum
1117 5557 1348 5622 parente,
1373 5548 1460 5616 qui
1481 5546 1806 5601 carissimam
1829 5546 1994 5614 ﬁliam
2014 5545 2172 5600 simul

561 5651 608 5696 et
625 5643 847 5714 puellam
864 5645 1192 5700 tenerrimam
1209 5641 1371 5698 verbis
1383 5641 1452 5696 ad
1467 5641 1628 5713 ipsius
1645 5647 1857 5710 captum
1879 5655 2167 5694 accommo—

2281 4988 2491 5043 Excidit
2515 4989 2768 5042 serotinus
2792 5004 2808 5041 :
2837 4987 2926 5041 sed
2959 4989 3264 5041 matutinum
3291 4983 3544 5040 tumcum
3575 4981 3762 5054 epistola
3785 4973 3834 5030 ad

2279 5087 2472 5140 calcem
2521 5095 2778 5156 gestorum
2831 5082 3026 5137 Hilarii
3073 5100 3105 5136 a
3142 5081 3437 5136 Fortunato
3480 5081 3763 5153 scriptorum
3795 5069 3832 5122 ίη

2279 5197 2434 5250 quam
2465 5179 2706 5251 plurimis
2731 5193 2856 5233 mss.
2901 5177 3126 5250 reperire
3153 5187 3247 5230 est.
3281 5175 3572 5240 Utrumque
3597 5171 3719 5229 illud
3741 5179 3834 5238 api!

2270 5274 2324 5326 in
2369 5271 2595 5341 antiquis
2636 5269 2832 5324 Hilarii
2884 5269 3208 5324 editionibus
3239 5268 3372 5324 libro
3405 5271 3468 5324 de
3518 5264 3734 5339 Synodis
3763 5273 3832 5314 non

2271 5367 2406 5419 male
2433 5365 2780 5432 subiungitur.
2815 5361 2867 5415 Ν
2873 5379 2956 5415 om
2979 5371 3034 5416 ut
3064 5363 3263 5416 litteras
3297 5363 3450 5416 Abrtc
3471 5378 3586 5415 cum
3611 5357 3834 5414 Gallorum

2272 5457 2454 5512 litteris
2493 5456 2560 5510 ab
2598 5473 2654 5511 eo
2683 5467 2918 5528 acceptas
2959 5457 3140 5526 fuisse,
3191 5456 3268 5510 ita
3305 5465 3354 5510 et
3395 5455 3542 5511 illius
3581 5450 3832 5519 modum“

2271 5567 2386 5606 cum
2415 5549 2544 5604 libro
2575 5551 2638 5604 de
2669 5547 2902 5620 Sgnodis
2931 5549 3146 5604 missum
3168 5563 3278 5604 esse
3303 5547 3412 5603 ueri
3437 5547 3740 5604 simillimum
3763 5543 3834 5592 ell-
