3996 6330
145 360 235 423 5:9
1099 344 1435 427 EPISTOLA
1473 370 1568 428 AD
1607 344 1841 429 ABRAM
1882 374 2116 434 FILIAM
2153 379 2366 440 suam.
3016 348 3021 353 ’
3292 393 3399 451 550

703 597 1062 681 ⁵³⁵⁵³⁸
1169 617 1889 773 SANCTI
1987 630 2281 772 ΗΙΙ

1190 617 1889 773 SANCTI
1987 628 2768 779 HILARII

513 862 1175 954 EPISTOLA
1248 870 1426 955 AD
1492 874 1966 960 ABRAM
2051 875 2517 964 FILIAM
2584 880 2981 968 SUAM.

1299 1031 1478 1101 (amca
1502 1047 1665 1090 vim
1693 1049 1821 1090 ANNI
1848 1034 1957 1093 358
1984 1033 2187 1107 ηειδελ.)

148 490 3381 544 M

1251 1166 2254 1193 F———_—————Q

131 1273 460 1332 Dilectissimtc
507 1270 633 1331 ﬁliae
687 1273 763 1349 (a)
813 1273 973 1333 Abrae
1030 1276 1267 1337 Hilarius
1340 1280 1395 1336 in
1447 1276 1680 1334 Domino
1706 1271 1891 1344 Avidi
1921 1315 1937 1342 ,
1967 1274 2098 1342 lilia,
2141 1277 2251 1335 vidi
2307 1280 2452 1351 quod
2509 1280 2691 1354 eloqui
2719 1298 2825 1339 non
2858 1299 3098 1356 possum.
3132 1285 3401 1361 Numquid

762 1375 1014 1432 salutem.
1791 1384 1899 1422 non
1931 1368 2166 1426 sericum
2199 1384 2340 1428 secui

1821 1385 1899 1422 |0ll
1931 1368 2166 1426 sericum
2199 1373 2496 1429 secundum
2528 1375 2880 1433 subtilitatem
2914 1378 3032 1447 ejus
3058 1379 3132 1451 (ε)
3154 1392 3399 1451 spartum

185 1468 386 1524 l.Abra
411 1467 571 1538 patris
619 1467 899 1524 absentiam
943 1470 1101 1526 dolet.
1129 1500 1204 1512 —
1246 1470 1448 1542 Accepi
1486 1471 1691 1529 litteras
1789 1460 1941 1514 erat?
1987 1459 2256 1535 Numquid
2305 1467 2528 1523 candori
2568 1468 2688 1538 ejus
2731 1469 2885 1527 nives
2921 1483 3249 1543 comparatae
3292 1489 3403 1530 non

128 1572 246 1630 tuas,
273 1563 322 1618 in
348 1562 536 1633 quibus
565 1563 810 1637 intelligo
839 1563 1241 1623 desiderantem
1293 1552 1345 1622 te
1382 1566 1490 1622 mei
1516 1581 1637 1625 esse
1672 1582 1685 1619 :

1816 1554 2209 1626 nigrescebant?
2239 1557 2508 1631 Numquid
2543 1576 2735 1616 aurum
2777 1565 2931 1633 juxta
2981 1562 3252 1635 fulgorem
3276 1567 3394 1637 ejus

125 1664 168 1710 ct
191 1664 375 1712 certum
406 1654 557 1728 (Has.
583 1658 759 1727 certe)
788 1655 862 1712 ita
890 1657 1083 1715 habeo.
1115 1658 1301 1715 Sentio
1332 1659 1478 1714 enim
1513 1674 1686 1729 quan-
1790 1660 1896 1700 non
1930 1645 2225 1704 lividatur?
2257 1650 2373 1721 Ipsa
2401 1652 2547 1708 enim
2580 1654 2910 1721 multicolor,
2936 1664 2991 1711 et
3016 1658 3149 1713 nihil
3175 1673 3400 1729 prorsus

125 1758 212 1803 tuin
239 1750 508 1820 prtesentia
543 1749 738 1805 horum
770 1752 862 1823 qui
903 1762 1154 1807 amantur
1180 1751 1436 1823 optabilis
1478 1752 1568 1807 sit.
1621 1752 1691 1806 Et

1827 1749 2165 1809 omparatum
2186 1740 2236 1796 ei
2269 1748 2731 1816 poteratmquari.
2766 1746 2900 1805 Post
2928 1764 3088 1821 quam
3121 1750 3227 1806 vidi
3253 1768 3400 1807 mar-

122 1842 222 1913 quia
241 1857 442 1913 gravem
467 1841 561 1901 tibi
588 1858 709 1900 esse
735 1843 1038 1902 absentiam
1065 1861 1241 1903 meam
1263 1847 1484 1913 scirem,
1513 1861 1581 1901 ne
1603 1859 1690 1900 me

1826 1836 2016 1890 aritam
2046 1855 2060 1892 :
2086 1853 2192 1909 qua
2246 1840 2358 1894 visa
2401 1841 2582 1896 statim
2614 1843 2845 1899 concidi.
2881 1844 2998 1900 Non
3040 1846 3181 1901 enim
3207 1853 3400 1918 potue-

128 1936 239 1989 [υηε
266 1936 476 2009 impium
507 1952 631 1993 esse
659 1952 787 2010 erga
820 1946 870 1994 ιο
910 1939 1272 2007 existimares,
1322 1940 1410 2011 qui
1461 1948 1566 1994 iam
1597 1937 1689 1994 diu
1790 1934 1919 1981 runt
1946 1929 2089 1983 oculi
2121 1931 2229 1989 mei
2281 1933 2549 1989 sustinere
2578 1944 2782 1990 tantum
2813 1935 2931 2008 cjus
2973 1939 3235 1994 colorem.
3264 1938 3399 1995 Nam

121 2039 207 2082 ate
236 2030 464 2087 abessem
501 2046 515 2084 :
551 2046 813 2088 excusare
855 2033 950 2088 tibi
989 2043 1042 2088 et
1073 2032 1462 2104 profectionem
1514 2049 1689 2090 meam

1823 2040 1893 2080 uec
1911 2026 2059 2094 creti,
2090 2043 2189 2085 nec
2213 2028 2366 2097 lucis,
2399 2045 2499 2086 nec
2526 2033 2712 2099 maris,
2741 2048 2841 2090 nec
2870 2043 3028 2090 terrae
3047 2036 3259 2108 species
3281 2037 3401 2109 pul-

126 2130 170 2176 rt
210 2137 372 2177 moras
420 2123 587 2191 volui,
621 2133 680 2178 ut
708 2123 1040 2196 intelligeres
1073 2140 1160 2181 me
1190 2141 1297 2181 non
1347 2127 1511 2197 impie
1568 2126 1691 2193 tibi,
1792 2117 2050 2174 criludini
2078 2120 2198 2192 ejus
2222 2130 2437 2193 poterat
2464 2125 2788 2196 comparari.

121 2212 197 2267 sed
221 2212 418 2270 utiliter
456 2214 671 2272 deesse.
722 2214 964 2288 Namque
1009 2232 1130 2272 cum
1178 2225 1255 2277 te.
1299 2216 1430 2282 ﬁlia,
1483 2224 1542 2272 ut
1568 2217 1688 2273 uui-
1862 2214 1916 2269 4.
1955 2211 2235 2287 Utriusque
2261 2220 2532 2273 commoda
2560 2230 2606 2274 et
2629 2220 2794 2277 dotes.
2819 2251 2890 2263 —-
2922 2222 2989 2278 Et
3019 2239 3141 2280 eum
3166 2235 3404 2296 prostra-

120 2320 234 2369 cam,
257 2305 340 2373 ita,
366 2315 626 2381 quantum
658 2322 690 2362 a
718 2323 807 2364 me
859 2314 963 2375 est,
993 2318 1047 2363 et
1086 2309 1393 2365 unanimem
1428 2306 1688 2376 habeam;
1794 2314 1879 2362 tus
1895 2306 2156 2389 jacerem,
2188 2308 2262 2365 ait
2292 2310 2422 2366 mihi
2446 2312 2665 2385 quidam
2695 2315 2765 2371 de
2789 2314 3193 2385 assistentibus,
3231 2318 3400 2377 Video

120 2396 278 2451 Vellem
327 2406 375 2453 te
433 2398 856 2471 pulcherrimam
925 2402 1168 2458 omnium
1232 2412 1288 2458 et
1345 2401 1687 2458 sanissimam
1795 2408 1845 2455 te
1874 2399 2166 2475 sollicitum
2196 2412 2251 2458 et
2273 2404 2472 2459 bonum
2501 2416 2705 2476 patrem
2737 2422 2881 2477 esse,
2924 2414 2981 2463 et
3021 2409 3161 2464 lianc
3192 2419 3397 2466 vestem

123 2491 297 2553 vivere.
1792 2498 1957 2563 atque
1991 2492 2130 2550 hanc
2174 2496 2522 2567 margaritam
2552 2498 2619 2553 ad
2646 2497 2809 2555 ﬁliam
2852 2510 2999 2556 tuam
3037 2499 3351 2559 desiderare
3384 2519 3399 2559 :

172 2579 218 2632 2.
257 2578 481 2638 Hilarius
508 2582 670 2653 abeat,
700 2593 757 2639 ut
788 2595 971 2642 vestem
988 2596 1034 2641 et
1052 2588 1387 2662 margaritam
1409 2587 1689 2659 pretiosam
1794 2586 1891 2642 sed
1921 2594 1980 2642 ut
2005 2589 2176 2659 magis
2197 2589 2500 2658 desideres,
2531 2591 2761 2647 ostendo
2794 2592 2891 2648 tibi
2913 2594 3039 2664 quid
3078 2595 3255 2652 adhuc
3282 2596 3400 2652 haec

119 2673 219 2737 ﬁlia
252 2675 527 2745 conquirat.
579 2706 654 2717 —
696 2676 1013 2734 Nuntiatum
1057 2695 1205 2752 ergo,
1239 2681 1370 2736 mihi
1411 2689 1515 2748 est,
1568 2695 1691 2737 esse
1721 2680 1766 2741 B
1796 2682 1964 2738 vestis
2010 2690 2174 2753 atque
2230 2685 2521 2755 margarita
2572 2685 2698 2741 boni
2753 2684 2968 2742 habeat.
3036 2686 3217 2745 Vestis
3285 2689 3400 2746 lucc

116 2768 360 2836 quemdam
383 2769 667 2841 juvenem,
699 2772 989 2830 habentem
1022 2774 1368 2845 margaritam
1398 2784 1454 2830 et
1478 2784 1686 2831 vestem
1793 2791 2086 2849 numquam
2120 2776 2280 2834 tineis
2306 2779 2628 2847 comeditur,
2659 2794 2766 2835 non
2816 2795 2915 2835 usu
2966 2782 3237 2850 atteritur,
3287 2800 3395 2841 non

118 2862 482 2921 inaestimabilis
512 2865 675 2937 pretii
707 2884 721 2921 :
751 2883 911 2940 quam
942 2869 988 2924 si
1020 2870 1141 2940 quis
1166 2868 1235 2924 ab
1262 2883 1330 2924 eo
1363 2879 1545 2939 posset
1571 2884 1688 2925 me-
1789 2868 1950 2929 sorde
1976 2869 2235 2937 indicitur,
2264 2887 2372 2928 non
2404 2871 2457 2926 vi
2495 2872 2778 2939 scinditur,
2815 2889 2923 2929 nun
2954 2874 3152 2930 damno
3193 2877 3401 2932 amitti-

118 2959 222 3022 ruri,
249 2974 402 3029 super
426 2962 696 3018 humanas
748 2962 965 3020 divitias
1002 2973 1059 3020 et
1095 2963 1326 3019 salutem
1372 2972 1428 3020 et
1450 2964 1604 3020 dives
1633 2973 1689 3019 et
1789 2973 1875 3018 tur
1905 2979 1918 3017 :
1949 2963 2043 3019 sed
2072 2978 2287 3034 semper
2310 2965 2431 3021 talis
2455 2964 2630 3036 qualis
2657 2976 2741 3022 est
2762 2977 3065 3038 permanet.
3090 2967 3397 3041 Margarittc

117 3050 266 3105 salvus
287 3052 453 3109 ﬁeret.
489 3056 571 3112 Ad
599 3057 747 3112 hunc
775 3055 850 3130 (b)
884 3057 967 3114 his
988 3058 1186 3114 auditis
1215 3057 1492 3131 profectus
1520 3074 1638 3115 sum
1670 3077 1684 3112 :
1788 3072 1919 3131 vero
1947 3058 2062 3113 haec
2108 3058 2279 3114 virtus
2307 3070 2408 3124 est,
2451 3068 2509 3115 ut
2556 3058 2603 3114 si
2632 3062 2752 3131 quis
2799 3076 2918 3117 eam
2966 3061 3228 3131 induerit,
3283 3078 3394 3120 non

116 3139 166 3193 ad
191 3159 331 3213 quem
357 3161 477 3202 cum
508 3163 609 3219 per
636 3150 835 3205 multas
878 3159 933 3205 et
976 3151 1165 3223 longas
1209 3161 1263 3205 et
1294 3151 1540 3208 difﬁciles
1572 3150 1686 3207 vias
1788 3160 2033 3223 trgrotet,
2067 3167 2175 3206 non
2215 3161 2484 3217 senescat,
2517 3167 2623 3207 non
2667 3154 2952 3209 moriatur.
2994 3153 3139 3209 Nihil
3168 3155 3391 3212 omnino

115 3237 363 3304 venissem,
390 3239 584 3298 videns
639 3257 765 3298 eum
812 3243 995 3300 statim
1026 3245 1256 3316 procidi.
1316 3246 1487 3301 Adest
1540 3246 1685 3302 enim
1787 3244 1839 3298 in
1864 3259 1923 3300 se
1955 3243 2136 3309 habet,
2170 3244 2313 3315 quod
2340 3245 2413 3301 sit
2442 3244 2513 3317 (Ῑ)
2540 3246 2763 3301 noxium
2795 3245 3014 3317 corpori
3053 3264 3066 3300 :
3100 3246 3197 3303 sed
3226 3248 3401 3303 utenti

116 3334 201 3382 tun
226 3331 439 3400 pulcher
458 3333 700 3406 juvenis,
744 3343 804 3391 ut
837 3347 963 3392 ante
992 3347 1342 3408 conspectum
1376 3341 1493 3409 ejus
1523 3356 1685 3395 nemo
1787 3354 1849 3395 ea
1874 3338 2005 3396 nihil
2029 3339 2246 3409 accidit,
2274 3340 2419 3412 quod
2447 3350 2542 3395 aut
2567 3350 2798 3396 mortem
2824 3339 3035 3408 afferat,
3060 3349 3155 3395 aut
3182 3349 3400 3398 aetatem

112 3421 277 3479 audeat
305 3429 627 3485 consistere.
659 3429 760 3497 Qui
783 3430 871 3485 ubi
904 3448 989 3486 mc
1013 3432 1306 3501 proridisse
1334 3433 1493 3503 vidit,
1522 3432 1687 3490 inter-
1787 3432 2053 3496 demutct,
2083 3442 2177 3489 aut
2216 3433 2480 3506 impediat
2526 3436 2835 3489 sanitatem.
2865 3433 3020 3502 Quod
3051 3434 3141 3491 ubi
3188 3435 3392 3505 audivi,

113 3531 145 3568 τι
162 3522 258 3587 gari
284 3535 366 3577 me
409 3522 581 3594 jussit
626 3524 752 3596 quid
782 3526 997 3593 vellem,
1053 3536 1109 3583 et
1153 3526 1281 3599 quid
1311 3542 1559 3599 rogarem
1595 3541 1687 3587 :et
1788 3528 1921 3597 tilia,
1951 3528 2250 3584 exanimari
2292 3530 2462 3601 magis
2489 3529 2763 3586 desiderio
2808 3531 3115 3602 margaritae
3142 3539 3199 3585 et
3227 3530 3396 3587 vestis

113 3622 193 3679 rgo
220 3614 485 3683 respondi,
516 3614 739 3673 audisse
763 3634 848 3674 me
879 3619 945 3674 de
988 3628 1138 3675 veste
1161 3633 1255 3675 sua
1286 3628 1339 3675 et
1369 3619 1681 3693 margarita,
1786 3618 1945 3675 istius
1968 3620 2109 3692 εαξρί
2143 3638 2155 3674 :
2184 3628 2239 3676 et
2269 3620 2415 3677 sicut
2441 3631 2745 3692 prostratus
2761 3622 3033 3692 jacebam,
3067 3621 3403 3679 indeﬁcienti

111 3704 224 3761 etab
244 3706 294 3765 id
318 3709 569 3779 venisse;
601 3720 657 3770 et
683 3713 875 3770 sicam
898 3714 1028 3769 mihi
1057 3714 1373 3785 dignaretur
1400 3725 1684 3787 prmstare,
1786 3709 1916 3769 ﬁetu
1957 3722 2011 3769 et
2054 3713 2258 3768 intenta
2287 3713 2531 3769 oratione
2556 3714 2811 3783 juvenem
2859 3712 3070 3784 precari
3114 3715 3277 3786 cmpi,
3311 3714 3397 3770 di-

112 3808 207 3851 esse
249 3799 373 3857 mihi
422 3804 594 3860 ﬁliam
642 3821 802 3877 quam
863 3806 1218 3865 vehementer
1258 3808 1562 3881 diligerent,
1594 3810 1683 3866 cui
1786 3821 1919 3865 cens
1946 3823 1961 3862 :
1990 3806 2219 3863 Domine
2251 3818 2467 3874 sancte,
2497 3807 2759 3867 adserere
2786 3806 2932 3877 preci
2971 3823 3128 3875 metu,
3157 3816 3215 3864 et
3241 3807 3405 3864 mise-

109 3883 222 3945 ltanc
246 3902 440 3951 vestem
472 3908 639 3968 atque
669 3899 1011 3969 margaritam
1040 3915 1361 3972 quaererem.
1396 3899 1464 3957 Et
1493 3900 1565 3975 (ε)
1596 3902 1684 3957 in-
1786 3915 1921 3955 rere
1940 3898 2285 3955 sollicitudini
2317 3907 2370 3953 et
2391 3899 2517 3954 vitte
2547 3914 2702 3955 meai.
2751 3898 2811 3955 Si
2845 3899 2989 3955 enim
3023 3899 3163 3954 hanc
3188 3910 3401 3955 vestem

112 3982 300 4042 lcrth
327 3996 630 4058 prostratus
676 3991 731 4047 in
764 3993 952 4053 laciem
992 3995 1096 4050 tleo
1126 3995 1519 4065 plurimum,et
1548 4010 1682 4052 noc-
1791 3993 1921 4047 mihi
1972 4000 2029 4048 et
2076 3992 2423 4065 margaritam
2476 4007 2583 4047 non
2625 3990 2912 4056 concedis,
2968 3992 3141 4047 miser
3185 3989 3400 4047 futurus

111 4071 227 4133 tibus
246 4093 305 4135 ac
328 4080 521 4140 diebus
570 4085 960 4157 ingemiscens,
1002 4103 1135 4160 rogo
1166 4089 1242 4145 uti
1275 4088 1466 4146 audire
1494 4088 1685 4163 digna-
1710 4070 1758 4136 C
1787 4101 1930 4152 sum,
1956 4084 2230 4154 ﬁliamque
2259 4100 2436 4140 meam
2465 4085 2544 4157 (θ)
2582 4085 2855 4141 viventem
2903 4082 3214 4155 perditurus
3248 4100 3262 4138 :
3291 4098 3396 4157 ego

112 4179 233 4225 retur
259 4186 465 4245 precem
494 4194 693 4235 meam.
1791 4186 2011 4250 propter
2068 4177 2208 4234 hanc
2264 4187 2471 4234 vestem
2538 4187 2597 4234 et
2655 4182 3003 4249 margaritam
3053 4178 3394 4250 peregrinari

165 4261 211 4316 3.
255 4264 413 4324 Vestis
440 4268 553 4326 hac
580 4281 628 4326 et
655 4273 936 4346 margarita
963 4275 1141 4347 quanti
1166 4276 1424 4348 facienda.
1455 4304 1520 4316 —-—
1552 4273 1691 4332 Post
1793 4273 1937 4329 volo.
1973 4271 2115 4340 Seis,
2141 4271 2393 4338 Domine,
2422 4273 2546 4344 quia
2573 4272 2670 4327 tibi
2692 4287 2799 4327 non
2825 4271 3078 4328 mentior.

111 4372 226 4428 τμη,
268 4365 388 4435 quia
421 4368 601 4425 bonus
628 4379 713 4426 est
734 4370 952 4438 juvenis
994 4378 1051 4425 et
1077 4370 1161 4442 (ά)
1203 4371 1396 4428 melius
1428 4371 1520 4427 illo
1547 4370 1681 4426 nihil
1859 4368 2020 4443 527
2060 4368 2114 4424 5.
2158 4366 2354 4423 Hilarii
2393 4367 2518 4438 ﬁlia:
2551 4367 2940 4438 promittuntur,
2973 4365 3126 4422 modo
3155 4382 3288 4423 vana
3315 4385 3402 4425 or-

111 4461 197 4516 est,
238 4458 310 4512 ait
338 4461 492 4529 mihi,
524 4462 678 4517 Nosti
710 4463 848 4518 hanc
870 4475 1079 4520 vestem
1109 4473 1271 4535 atque
1300 4464 1440 4520 hanc
1465 4479 1683 4536 marga-
1789 4475 2030 4518 namenta
2059 4462 2289 4535 objiciat.
2316 4490 2390 4505 --
2411 4462 2720 4533 Postquam
2744 4477 2932 4521 vocem
2958 4478 3137 4521 meam
3163 4463 3394 4533 audivit,

110 4554 262 4616 riam,
287 4567 443 4624 quam
472 4571 504 4611 a
548 4572 636 4613 me
675 4558 932 4631 lacrymis
960 4574 1116 4632 rogas
1147 4560 1227 4614 uti
1264 4575 1382 4615 eam
1419 4559 1545 4614 illia:
1577 4569 1683 4615 tua:
1785 4558 1942 4630 jubet
1969 4572 2056 4613 me
2087 4557 2304 4627 levare;
2336 4543 2393 4613 et
2413 4558 2490 4611 ait
2520 4554 2672 4621 mihi,
2709 4564 2997 4612 moverunt
3020 4571 3107 4612 me
3132 4572 3323 4628 preces
3343 4566 3401 4614 et

108 4634 404 4705 conicedam?
461 4653 531 4706 lit
574 4668 675 4724 ego
720 4654 976 4723 respoiuli
1033 4653 1150 4721 illi,
1194 4653 1444 4721 Domine,
1499 4653 1683 4710 auditu
1793 4651 2262 4723 lacrymmtute,et
2287 4650 2425 4707 bene
2453 4660 2536 4707 est
2567 4650 2710 4721 quod
2729 4649 2832 4706 hoc
2854 4648 3248 4709 credidisti.Et
3275 4651 3403 4723 quia

108 4739 302 4805 cognovi
344 4742 412 4800 de
442 4745 597 4815 ipsis,
643 4757 699 4802 et
745 4746 849 4803 ﬁde
886 4747 1089 4806 credidi
1127 4765 1141 4802 :
1187 4757 1245 4804 et
1282 4749 1398 4804 scio
1440 4748 1563 4819 quia
1586 4762 1686 4818 op-
1791 4744 2001 4810 dixisti,
2021 4753 2074 4800 te
2094 4753 2199 4813 pro
2219 4742 2321 4799 hac
2346 4745 2633 4815 margarita
2663 4745 2832 4814 ipsam
2863 4742 3027 4807 vitam
3069 4753 3218 4809 tuam
3260 4745 3402 4804 velle

108 4825 228 4884 tima'.
255 4843 398 4902 sunt,
431 4846 488 4893 et
525 4840 674 4894 salus
704 4855 828 4896 vera
884 4851 965 4896 est
1012 4841 1112 4897 hac
1159 4850 1310 4898 veste
1348 4841 1446 4908 uti,
1499 4849 1556 4897 et
1587 4844 1688 4898 hac
1792 4838 2129 4909 impendere,
2162 4852 2267 4892 non
2301 4852 2519 4908 possum
2546 4852 2664 4891 eam
2703 4837 2797 4892 tibi
2842 4853 3039 4909 negare
3072 4856 3097 4893 ει
3120 4840 3227 4896 sed
3258 4841 3406 4899 scire

108 4927 358 4992 margarita
412 4931 620 4986 ornari.
676 4932 742 4987 Et
795 4933 976 4988 statim
1028 4932 1293 4988 ministris
1369 4933 1483 4988 suis
1538 4947 1681 5003 prae-
1792 4930 1962 4988 debes
1993 4933 2326 5003 propositum
2350 4940 2407 4988 et
2434 4931 2763 4987 voluntatem
2787 4947 2987 4988 meam.
3014 4930 3212 5001 Vestis,
3236 4951 3399 5007 quam

106 5016 243 5083 cepit,
268 5029 323 5074 ut
358 5023 495 5078 mihi
536 5034 592 5080 et
620 5036 825 5089 vestem
871 5025 1010 5083 hanc
1038 5036 1094 5083 et
1121 5028 1465 5099 margaritam
1499 5037 1682 5082 osten-
1791 5039 1895 5094 ego
1921 5024 2146 5091 dedero,
2182 5023 2302 5080 talis
2342 5031 2447 5091 est,
2505 5034 2564 5081 ut
2613 5025 2692 5098 (In)
2722 5025 2769 5081 si
2807 5026 2929 5098 quis
2978 5028 3211 5085 voluerit
3250 5038 3405 5088 veste

107 5103 271 5166 durent
301 5125 393 5172 :et
413 5118 705 5180 eonfesﬁm
737 5120 809 5176 ita
849 5120 929 5177 ﬁt.
959 5125 1036 5178 Ac
1068 5133 1272 5178 vestem
1315 5123 1490 5195 primo
1520 5120 1629 5179 vidi
1666 5138 1681 5177 :
1791 5117 1901 5172 alia
1943 5116 2189 5173 colorata
2229 5125 2285 5173 ei
2312 5118 2487 5174 serica
2513 5126 2571 5173 οι
2596 5125 2791 5175 Nm
2839 5123 2938 5187 ιιιίν
2982 5130 3188 5177 *δαείη
3218 5137 3407 5179 meam

162 5253 232 5342 ξεῖ)
269 5256 324 5342 _ln
356 5261 791 5342 plerisqueﬁmss.
819 5262 996 5342 Aprte.
1130 5334 1183 5342 __
1275 5335 1286 5342 _
1468 5336 1479 5342 _
1605 5335 1649 5342 __
1708 5261 1892 5326 Dsibi
1920 5262 2093 5316 vestis
2136 5260 2419 5318 subtilitati
2472 5276 2846 5342 comparatum
2893 5269 3131 5342 sericum
3172 5287 3405 5342 pm“,

106 5323 327 5455 αηείιξξὴιη
348 5323 461 5388 uno
488 5323 596 5391 ius.
624 5334 781 5392 Colb.
826 5323 901 5390 ad
931 5337 1071 5390 hunc
1093 5334 1396 5403 uidendam,
1436 5336 1563 5391 sine
1595 5335 1689 5390 Itis
1709 5323 1746 5326 —
1787 5344 2215 5461 :ﬁanrlttltltfbae'sfe,
2255 5350 2327 5391 ex
2352 5351 2460 5407 quo
2486 5323 2615 5393 scil:
2650 5337 2815 5394 funes
2866 5323 3400 5418 nautici—strepuit;

164 5440 293 5455 ’⁷⁵⁸⁸⁸⁷⁸
1787 5440 1915 5460 VIIII.
1944 5440 1995 5459 ΙΙ(
2016 5440 2161 5461 υιιιιιο

163 5465 226 5593 (ἵ)
263 5473 351 5530 Sic
372 5492 506 5532 mss.
544 5480 612 5533 At
639 5478 792 5547 etﬁti,
818 5479 881 5541 in,
906 5488 1093 5537 terram
1119 5491 1407 5548 prostratus
1443 5477 1598 5547 facie.
1862 5478 1928 5549 (f)
1972 5477 2139 5544 Editi,
2168 5479 2451 5535 obnotcium
2471 5496 2493 5535 :
2518 5482 2873 5537 emendantur
2892 5498 2958 5539 ex
2987 5500 3118 5541 mss.

163 5546 172 5593 l
221 5550 231 5593 l
272 5544 529 5593 Exomnla
577 5554 746 5593 sanoli
802 5551 949 5593 1).ιύ
1001 5548 1071 5593 da
1112 5550 1339 5593 cntum
1382 5550 1679 5593 Cannmm-
1861 5547 1936 5593 (ni
1980 5549 2035 5593 In
2061 5565 2170 5593 mm
2195 5567 2295 5593 ιιιιιΔ
2324 5552 2458 5593 ΙῘηΙΙι
2498 5553 2725 5593 iunonem
2783 5570 2887 5593 nnn
2914 5556 3118 5593 nisum...

161 5544 231 5623 (.4)
269 5544 529 5623 Exempla
577 5554 748 5608 sancti
779 5544 955 5608 ’Petei
1001 5548 1075 5608 de
1112 5544 1341 5608 Cukura
1382 5544 1680 5607 Oenomao.
1861 5544 1936 5623 (a)
1978 5549 2035 5605 lu
2061 5565 2170 5607 imo
2195 5567 2303 5613 ms.
2324 5552 2477 5623 Colb.
2487 5553 2748 5623 juvenem,
2783 5570 2888 5609 non
2914 5556 3179 5613 viventem.

105 5612 382 5696 ittetior_illo
412 5612 593 5696 nullus
630 5632 767 5696 est.“
1418 5694 1437 5696 -
1464 5694 1472 5696 -

1821 5695 1827 5696 γ
1864 5612 1943 5694 (7t)
1987 5622 2136 5677 Alter
2164 5638 2194 5677 e
2227 5612 2357 5679 mss.
2390 5612 2546 5679 Colb.
2573 5640 2696 5680 cum
2736 5612 3308 5696 'Boheriatiop’Ottob.
3342 5644 3399 5691 et

163 5682 226 5788 ff)
263 5688 416 5773 βέλε’-υ
465 5694 559 5777 Fs
602 5707 661 5759 θι
703 5693 823 5788 nl1":
864 5704 1072 5788 tam.
1099 5694 1680 5788 ’ποθυξιῖφτ-..ιίυεςμει
1788 5682 2258 5788 ςῖῖξάξῐξι-εέτξέση
2274 5696 2582 5788 Hiems?!
2614 5697 2919 5788 993.39%
2947 5682 3399 5788 ἓιίρζδῗίεῖἶςὲεὲἑ

163 5712 226 5756 μ)
264 5712 416 5756 om,”
466 5712 559 5753 ω,
602 5712 661 5759 θι
703 5712 823 5754 ων,
909 5712 1069 5751 auem
1099 5712 1366 5757 uacuam.
1414 5712 1564 5766 Lips.
1611 5712 1680 5750 ex
1788 5712 2237 5767 uenom.,_sttpa
2274 5712 2451 5765 ptem
2477 5712 2498 5749 .'
2524 5712 2582 5753 et
2614 5712 2740 5755 mox
2770 5712 2919 5759 solus
2947 5712 3133 5763 vttot).
3165 5712 3220 5758 in
3264 5715 3392 5765 veste

107 5749 289 5852 Eramni
309 5767 692 5852 marginapftr
716 5777 842 5822 erat.
864 5712 1162 5852 Novissima
1186 5767 1354 5825 editio
1377 5766 1503 5852 Par.
1526 5781 1683 5852 λῆξιν·
1791 5766 2049 5852 φραίριερί
2076 5767 2409 5852 βείξηᾚηοδδίὲ·
2453 5764 2580 5850 ,Ηυο
2626 5777 2835 5852 δὲθοὲθί
2863 5770 2991 5828 illud
3037 5772 3292 5848 Cypriani
3317 5780 3392 5852 de

106 5840 345 5928 ξενῖξςξῐαι·
368 5834 805 5928 Bassanitas.-
849 5849 1325 5928 ιεψειβεξυμοκ
1349 5848 1490 5928 σκιαί
1507 5835 1680 5928 .999;
1793 5834 2100 5928 9_‘§‘:‘PE:P£
2118 5834 2314 5928 iiii-hit?
2333 5838 2622 5928 autem
2650 5834 2973 5928 επίοιυηέι
2998 5834 3281 5928 extimum
3306 5834 3391 5905 ενιὲ

108 5890 291 5975 bouius,
316 5890 1041 5985 .paiaiti";;t."'s'i.am33i‘
1059 5890 1322 5984 satis};
1349 5890 1685 5970 meum
1792 5890 3390 5995 mactauit;'aatst';.;a'p;;;t3;;"siiuicissim;
