3996 6330
543 310 651 380 555

1747 309 1992 371 SANCTI
2028 307 2287 368 lilLARll
2325 294 2634 370 EPISCOPI
3701 307 3787 374 ssc

542 437 834 499 scribentis
863 434 932 491 ad
959 429 1338 491 Constantium
1378 414 1765 502 imperatorem
1808 431 1862 486 in
1907 429 2138 486 concilio
2166 431 2216 492 Α
2243 446 2352 488 non
2403 430 2565 486 modo
2613 429 2870 487 Paulinus
2910 443 2980 485 ex
3018 427 3319 487 Arelatensi
3353 425 3553 502 synodo
3577 442 3659 483 an.
3685 429 3788 499 35L

541 532 781 591 laudavit
808 527 1133 587 Ctelestinus
1159 542 1297 600 papa
1347 524 1390 593 Ι,
1442 533 1497 581 et
1538 523 1811 581 Arnobius
1839 525 1934 581 lib.
1989 541 2024 580 ιι
2075 524 2142 581 de

540 626 799 687 conllictu
824 639 946 680 cum
968 621 1268 692 Serapione
1295 618 1545 676 inseruit.
1575 618 1859 676 Postremo
1880 617 2143 691 Hierony-

544 735 665 778 mus
692 719 890 775 librum
926 714 1111 771 Hilarii
1134 714 1186 769 iu
1208 711 1589 769 Constantium
1610 711 1723 784 jam
1756 712 1868 767 vita
1898 710 2140 766 functum

544 820 814 871 memorat
856 828 871 867 :
913 825 1037 866 cum
1073 809 1196 865 vivo
1233 806 1555 865 Constantio
1601 798 1721 863 tres
1750 806 1882 863 istos
1911 806 2144 878 scriptos

539 907 709 964 fuisse
736 903 1234 961 constantissimum
1262 902 1355 959 sit.

613 1000 702 1057 Ill.
744 1000 878 1071 Quae
909 1000 1041 1055 licet
1070 998 1142 1053 ita
1167 998 1296 1062 sint,
1328 997 1462 1053 alios
1498 990 1675 1052 tamen
1717 995 1784 1052 ab
1810 994 1895 1050 his
1917 994 2146 1050 minime

542 1092 933 1151 desiderandos
962 1091 1290 1147 arbitramur
1328 1107 1341 1144 :
1375 1098 1430 1146 et
1469 1087 1824 1145 Fortunatum
1853 1087 2072 1159 quidem
2113 1101 2145 1141 a

547 1187 788 1258 Sulpicio
817 1186 1105 1255 deceptum
1142 1199 1296 1252 esse;
1335 1182 1480 1240 hunc
1509 1199 1639 1240 vero
1670 1183 1837 1238 nimio
1863 1180 2145 1239 brevitatis

545 1279 728 1337 studio
761 1288 875 1336 tres
914 1278 1104 1345 libros,
1146 1291 1282 1347 quos
1320 1275 1609 1343 habemus,
1642 1274 1743 1333 sub
1770 1276 1925 1331 titulo
1952 1290 2145 1331 eorum

546 1372 639 1428 uni
671 1371 954 1428 dumtaxat
996 1370 1355 1427 conveniente
1394 1368 1895 1440 comprehendisse,
1924 1376 2017 1422 aut
2045 1381 2145 1438 po-

545 1467 675 1534 tius,
706 1466 847 1522 sicut
888 1472 944 1521 et
979 1465 1150 1521 multa
1191 1464 1319 1532 alia,
1363 1464 1694 1521 conludisse.
1741 1463 1927 1535 Neque
1972 1463 2145 1519 ullum

543 1557 662 1615 fere
682 1557 907 1614 dubium
934 1567 1039 1625 est,
1071 1558 1201 1629 quin
1229 1556 1592 1629 Hieronymus
1620 1556 1838 1624 librum,
1872 1558 1962 1628 qui
1987 1556 2148 1612 tertio

546 1654 669 1709 loco
717 1651 1034 1719 exhibetur,
1082 1659 1271 1707 contra
1316 1649 1693 1707 Constantium
1744 1649 1853 1707 vita
1902 1649 2146 1706 {uinctum

542 1746 759 1803 dixerit.
791 1746 1172 1818 Fragmentum
1202 1754 1385 1802 autem
1409 1760 1439 1800 a
1466 1743 1766 1803 Caelestino
1806 1752 1862 1801 et
1904 1744 2149 1801 Arnobio

2243 526 2338 582 sed
2360 536 2415 583 ct
2439 544 2503 584 ex
2532 524 2917 582 Mediolanensi
2955 539 3045 580 an.
3079 525 3205 591 555,
3247 523 3509 580 Eusebius
3537 540 3597 581 ac
3622 526 3789 600 Diony-

2244 621 2355 676 sius
2380 621 2432 676 in
2461 620 2712 676 exsilium
2763 620 2921 691 ejecti
2967 627 3288 686 narrantur,
3332 633 3506 691 neque
3533 622 3680 677 etiam
3706 625 3792 693 pri-

2244 730 2411 781 mam,
2438 730 2542 786 qua
2569 714 2906 787 egregiorum
2935 712 3280 770 sacerdotum
3312 712 3380 769 ab
3412 715 3597 771 exsilio
3623 717 3796 775 reditus

2244 808 2564 879 suppliciter
2589 809 2906 880 postulatur.
2954 807 3072 864 Non
3113 807 3255 863 enim
3286 816 3413 864 ante
3444 810 3705 879 praedictas
3727 827 3797 884 sy-

2247 903 2421 958 nodos
2449 902 2788 958 sacerdotum
2835 916 3055 958 suorum
3106 901 3295 958 exsilia
3343 903 3493 959 novit
3536 903 3795 973 Occidens;

2246 1002 2401 1071 cujus
2434 999 2732 1071 praesertim
2764 997 2919 1053 malis
2950 997 3213 1054 Hilarium
3241 997 3329 1054 hic
3355 1000 3667 1054 commoveri
3701 1001 3796 1070 quis

2247 1108 2354 1150 non
2399 1092 2773 1148 assentiatur?
2814 1091 3000 1160 Neque
3030 1092 3207 1145 minus
3239 1098 3473 1155 constat,
3511 1090 3644 1145 hunc
3679 1091 3802 1147 libel-

2246 1189 2358 1245 lum
2384 1188 2451 1243 ab
2479 1203 2545 1244 eo
2570 1196 2694 1244 ante
2735 1187 2986 1244 exsilium
3028 1185 3201 1256 ipsius
3230 1185 3489 1255 scriptum
3518 1200 3653 1241 esse.
3694 1184 3799 1242 Nam

2249 1289 2447 1352 praeter
2471 1295 2629 1351 quam
2660 1279 2803 1349 quod
2836 1280 2889 1334 in
2919 1279 3008 1345 iis,
3040 1292 3176 1349 quos
3215 1276 3369 1333 exsul
3399 1275 3628 1347 scripsit,
3656 1284 3802 1334 tacere

2250 1390 2358 1431 non
2403 1374 2542 1431 solet
2587 1374 2862 1441 exsilium,
2910 1382 3058 1429 certe
3103 1388 3211 1428 non
3263 1373 3399 1427 satis
3449 1370 3803 1429 idoneusesset

2248 1467 2424 1533 exsul,
2456 1468 2547 1538 qni
2578 1467 2807 1523 aliorum
2844 1465 2911 1522 ab
2948 1465 3143 1523 exsilio
3168 1464 3402 1521 reditum
3432 1464 3801 1536 deprecaretur.

2249 1560 2383 1617 Cum
2409 1570 2588 1618 autem
2614 1560 2715 1616 sub
2745 1560 2872 1616 anni
2920 1559 3027 1615 556
3071 1559 3281 1615 initium
3312 1559 3585 1633 relegatus
3608 1560 3671 1616 sit
3701 1576 3715 1613 :
3753 1559 3805 1618 ad

2249 1652 2467 1710 Baronii
2506 1653 2831 1710 sententiam
2857 1652 3213 1735 redeundum.

2322 1747 2413 1804 Vl.
2442 1748 2561 1817 Qua
2589 1748 2872 1804 occasione.
2897 1775 2969 1789 —-
2995 1746 3164 1803 Porro
3184 1747 3351 1804 libelli
3380 1746 3543 1820 hujus
3568 1745 3807 1805 scribendi

544 1855 901 1899 memoratum
932 1858 1055 1898 cum
1085 1843 1230 1899 ultro
1250 1842 1693 1914 recipiamus,ut
1718 1842 1905 1898 Hilarii
1932 1841 2143 1897 calamo
2176 1840 2223 1902 B
2254 1858 2321 1900 ex
2370 1842 2671 1899 Constantii
2721 1841 2915 1899 litteris
2972 1854 3097 1899 nata
3144 1843 3360 1900 videtur
3409 1846 3641 1901 occasio.
3702 1843 3805 1900 Cum

544 1944 601 1991 et
627 1936 845 2006 ingenio
888 1950 1113 2007 prorsus
1160 1944 1610 2001 consentaneum,
1656 1950 1834 2006 neque
1879 1932 2017 1989 falso
2061 1933 2145 1988 in-

542 2027 806 2098 scriptum
849 2037 1131 2099 putemus;
1165 2026 1326 2084 facile
1351 2037 1531 2084 tamen
1562 2028 1868 2099 opinamur,
1901 2026 2034 2082 illud
2071 2025 2143 2082 ad

543 2133 664 2172 eam
714 2115 871 2187 primi
912 2117 1082 2174 libelli
1126 2128 1339 2191 partem
1371 2118 1681 2190 pertinere,
1711 2132 1835 2190 qua:
1861 2116 2151 2175 manifeste

542 2211 730 2267 mutila
759 2222 925 2281 atque
955 2219 1200 2267 truncata
1231 2221 1335 2267 est.

620 2303 709 2361 IV.
753 2303 821 2360 In
846 2305 1013 2379 primo
1038 2304 1169 2360 libro
1186 2303 1388 2377 aliquid
1399 2305 1557 2360 deest.
1578 2302 1659 2359 An
1682 2303 1877 2373 aliquid
1901 2302 2151 2357 habeatur

546 2399 759 2454 aliunde
783 2398 1046 2455 adrutum.
1070 2426 1143 2440 —
1165 2398 1436 2453 Nonnulla
1465 2397 1612 2454 enim
1654 2398 1709 2452 in
1745 2395 1849 2452 hoc
1880 2397 2055 2467 primo
2079 2395 2147 2451 li-

542 2492 642 2549 bro
667 2493 863 2549 deesse
886 2493 1000 2564 jam
1023 2493 1372 2550 adverterunt
1391 2490 1610 2555 eruditi,
1631 2498 1687 2546 et
1709 2492 2051 2560 perspicuum
2068 2497 2155 2547 est

548 2586 632 2641 vel
656 2601 726 2642 ex
756 2584 840 2641 his
871 2601 1022 2641 num.
1050 2587 1082 2639 7
1110 2603 1123 2639 :
1158 2584 1388 2641 Moverer
1416 2585 1553 2640 enim
1593 2583 1966 2639 absolutionem
1996 2585 2111 2656 ejus
2130 2622 2146 2651 ,

545 2686 680 2744 etc.,
706 2692 830 2748 quae
852 2691 974 2732 cum
1000 2676 1066 2732 ad
1090 2676 1449 2732 Athanasium
1480 2675 1670 2733 referri
1702 2691 1931 2732 necesse
1956 2676 2046 2741 sit,
2094 2676 2149 2732 in

548 2769 790 2824 animum
817 2768 1082 2824 inducunt
1105 2784 1412 2826 sermonem
1430 2769 1499 2825 de
1519 2779 1708 2825 saneto
1735 2768 1830 2824 illo
1846 2768 1963 2824 viro
1991 2774 2148 2823 antea

550 2860 793 2918 habitum
824 2862 1146 2919 desiderari.
1179 2862 1410 2918 Rursum
1444 2878 1593 2919 num.
1642 2862 1696 2930 8,
1743 2862 1977 2918 Nicaeum
2022 2862 2149 2919 ﬁdei

543 2956 749 3012 mentio
777 2953 888 3027 jam
932 2955 1071 3012 facta
1104 2965 1475 3022 memoratur;
1528 2955 1777 3027 quamvis
1824 2954 2038 3011 nullum
2092 2956 2149 3011 in

542 3048 916 3120 superioribus
945 3049 1015 3106 de
1046 3050 1162 3122 ipsa
1202 3048 1427 3105 verbum
1459 3056 1731 3105 occurrat.
1762 3047 1942 3119 Aliqui
1981 3048 2147 3103 etiam

541 3141 880 3209 dubitarunt,
923 3158 993 3198 an
1040 3158 1148 3200 non
1191 3141 1318 3199 huic
1345 3142 1528 3200 libello
1555 3141 1770 3198 aliunde
1800 3141 1990 3198 adsuta
2013 3140 2144 3207 sint,

2255 1937 2399 1993 enim
2442 1951 2532 1992 an.
2573 1935 2715 2004 555,
2755 1944 2891 1991 teste
2917 1936 3206 1991 Ammiano
3249 1936 3344 1991 lib.
3378 1952 3498 2003 xvi,
3539 1935 3807 2007 frequentes

2253 2040 2439 2090 essent
2465 2032 2517 2087 in
2539 2030 2742 2086 Gallias
2768 2029 3122 2086 barbarorum
3150 2030 3404 2087 incursus
3423 2071 3439 2097 ,
3469 2038 3687 2102 propter
3709 2043 3810 2101 quos

2254 2116 2630 2190 reprimendas
2681 2115 2931 2172 Julianus
2977 2116 3170 2172 eodem
3212 2130 3360 2171 anno
3393 2127 3631 2173 exeunte
3668 2113 3812 2170 Caesar

2253 2219 2471 2269 creatus
2508 2220 2620 2276 est;
2661 2208 2957 2265 verisimile
2992 2217 3113 2277 est,
3143 2206 3525 2265 Constantium
3581 2207 3812 2266 Gallorum

2254 2301 2475 2359 dissidia
2513 2312 2570 2356 et
2596 2301 2895 2358 seditiones
2922 2302 3159 2358 veritum
3196 2302 3264 2357 ad
3288 2301 3513 2359 eosdem
3545 2300 3811 2372 scripsisse,

2254 2410 2363 2468 quo
2398 2409 2493 2451 eos
2529 2394 2582 2450 in
2611 2393 2793 2451 oilicio
2833 2393 3162 2450 contineret.
3206 2392 3320 2449 Imo
3362 2402 3653 2450 commota
3705 2390 3814 2446 sedi-

2254 2493 2418 2550 tionis
2442 2492 2807 2564 suspicionem
2827 2491 2940 2563 jam
2960 2490 3063 2546 sibi
3086 2491 3158 2547 ab
3183 2490 3447 2562 improbis
3474 2486 3815 2545 susurrouibut

2256 2588 2512 2660 injectam
2550 2601 2674 2642 eum
2706 2584 2876 2642 Gallis
2916 2584 3254 2657 signiﬁcasse
3288 2584 3523 2640 innuuot
3562 2583 3671 2638 haec
3696 2594 3810 2636 nuta.

2253 2684 2291 2738 2
2314 2699 2328 2735 :
2353 2681 2476 2737 Non
2503 2682 2778 2752 quisquam
2833 2697 3102 2752 pervorsus
3138 2688 3230 2735 aut
3274 2679 3482 2735 inuidus
3519 2680 3730 2751 maligna
3759 2676 3816 2732 le-

2252 2786 2442 2848 quatur
2473 2792 2493 2830 :
2527 2775 2676 2831 milia
2703 2775 2913 2847 quidem
2941 2775 3169 2844 suspicio
3194 2785 3290 2839 est,
3332 2790 3436 2829 m
3460 2774 3618 2829 modo
3645 2771 3813 2828 seditio-

2255 2871 2370 2937 nis,
2425 2870 2516 2925 sed
2562 2886 2653 2925 nec
2706 2885 2907 2940 aspera
2953 2867 3469 2923 abmurmuratiouis.
3522 2867 3698 2933 Quieta
3726 2868 3819 2919 salt

2257 2964 2430 3018 omnia
2460 2973 2505 3017 et
2534 2962 2843 3017 verecunda.
2878 2960 3031 3017 Hanc
3056 2959 3218 3031 igitur
3238 2959 3690 3031 opportunitatem
3716 2970 3817 3011 nac-

2257 3070 2343 3115 tus
2375 3057 2630 3124 llilarius,
2670 3055 2791 3127 plus
2821 3054 2891 3112 ab
2927 3052 3143 3109 Arianis
3177 3052 3477 3109 timendum
3517 3048 3770 3114 rescribit,
3793 3058 3814 3100 a

2255 3152 2455 3222 quibus
2476 3150 2866 3222 perturbantur
2890 3146 3072 3204 omnia
3108 3165 3121 3202 :
3155 3155 3211 3204 et
3237 3147 3307 3204 ab
3337 3147 3404 3203 iis
3436 3145 3586 3201 illata
3609 3139 3817 3201 Ecclesiis

541 3250 665 3306 qua:
687 3250 715 3289 a
737 3250 888 3290 num.
916 3234 951 3290 4
976 3245 1297 3307 supersunt.
1345 3235 1479 3292 Nam
1504 3249 1684 3307 neque
1704 3250 1827 3291 cum
1853 3232 2148 3308 superiori-
2172 3249 2220 3314 ρ
2254 3243 2396 3299 mala
2426 3244 2585 3299 enim
2612 3241 2963 3313 deprecatur.

543 3326 666 3393 bus,
699 3342 878 3397 neque
920 3327 1065 3383 inter
1116 3341 1178 3384 se
1227 3328 1358 3384 satis
1377 3326 1657 3385 cohicrere
1686 3326 1973 3383 videntur:
2006 3340 2140 3382 nus-

541 3436 703 3490 quam
746 3421 815 3477 ab
864 3420 990 3477 hinc
1036 3421 1105 3477 ad
1134 3421 1518 3494 imperatorem
1546 3422 1882 3479 convertitur
1926 3420 2143 3477 oratio:

543 3511 811 3567 tractandi
842 3519 1022 3567 autem
1052 3512 1191 3569 ratio
1214 3528 1459 3585 magnam
1489 3512 1808 3570 afﬁnitatem
1838 3512 2146 3569 habetcum

544 3606 610 3659 iis
635 3619 758 3676 qua:
785 3604 839 3660 in
879 3603 1217 3675 Fragmentis
1255 3605 1496 3662 historice
1532 3606 1893 3664 Ariminensis
1927 3603 2147 3662 concilii

480 3694 483 3699 ’
543 3695 910 3752 disseruntur.
947 3696 1212 3764 Quocirca
1248 3714 1357 3753 non
1404 3699 1535 3755 satis
1569 3684 1773 3756 certam
1817 3707 2009 3771 putant
2046 3698 2145 3754 Ba-

543 3789 685 3845 ronii
733 3789 1061 3859 Opinionem,
1116 3789 1259 3846 hunc
1306 3790 1501 3847 librum
1544 3807 1690 3847 anno
1719 3788 1826 3848 355
1881 3792 2144 3863 scriptum

544 3897 650 3938 non
682 3882 900 3938 aliunde
944 3882 1242 3954 probantis,
1277 3901 1438 3957 quam
1468 3886 1610 3957 quod
1639 3886 1876 3944 Hilarius
1902 3904 2049 3944 num.
2085 3888 2141 3954 8,

542 3974 612 4031 de
639 3974 858 4031 Eusebii
887 3974 1250 4033 Vercellensis
1273 3978 1464 4034 exsilio
1486 3978 1787 4048 locuturus,
1816 3996 1930 4036 rem
1968 3995 2147 4034 recens

542 4078 748 4140 gestam
805 4069 1025 4140 aggredi
1075 4085 1136 4127 se
1181 4071 1456 4143 praedicet.
1509 4073 1617 4132 Sed
1667 4083 1722 4130 et
1765 4076 1815 4130 ei
1862 4080 2148 4145 opponunt

544 4159 853 4233 Fragmenti
883 4177 922 4228 ι,
956 4178 1107 4220 num.
1129 4163 1184 4231 6,
1227 4165 1411 4230 verba,
1443 4166 1532 4221 ubi
1569 4166 1776 4239 Synodi
1810 4166 2143 4223 Arelatensis

540 4262 660 4309 acta
690 4269 787 4309 sex
818 4264 1092 4325 septemve
1136 4267 1257 4327 post
1298 4259 1454 4314 annis
1505 4272 1845 4331 narraturus,
1873 4277 1933 4317 ea
1961 4269 2143 4316 tamen

542 4346 689 4400 dicat
725 4347 954 4416 proxime
996 4359 1170 4417 gesta.

614 4436 914 4504 V.Quando
937 4440 1158 4509 scriptus
1178 4441 1554 4498 sit.—llecens
1572 4459 1678 4498 non
1697 4453 1781 4499 est
1798 4445 1963 4500 libelli
1984 4446 2146 4517 hujus

545 4530 721 4601 plaga,
754 4546 912 4601 quam
944 4547 1120 4600 neque
1147 4548 1214 4589 ex
1242 4536 1429 4592 codice
1459 4537 1697 4613 S._Petri
1740 4539 1809 4594 de
1854 4539 2002 4596 Urbe
2041 4556 2143 4597 sa:-

2333 3337 2442 3395 \'ll.
2485 3335 2593 3393 Cur
2630 3337 2828 3408 primus
2869 3336 3095 3390 dicatur.
3127 3333 3325 3389 Hilarii
3369 3331 3433 3386 de
3468 3329 3593 3401 fidei
3632 3326 3818 3384 libertate

2254 3431 2530 3488 sententia.
2556 3460 2628 3471 —
2655 3429 3016 3502 Hieronymus
3043 3427 3210 3485 libelli
3238 3424 3395 3496 hujus
3426 3438 3535 3481 non
3566 3420 3807 3479 meminit:

2258 3524 2350 3595 qui
2378 3523 2577 3594 primus
2630 3523 2968 3589 inscribitur,
2997 3536 3108 3577 non
3145 3517 3290 3591 quod
3315 3533 3441 3575 cum
3470 3513 3701 3574 secundo
3715 3524 3814 3568 con-

2261 3634 2462 3687 nexus,
2497 3617 2594 3673 sed
2624 3616 2767 3690 quod
2790 3618 2938 3687 prior
2960 3616 3157 3673 editus.
3186 3614 3341 3670 Illum
3368 3612 3615 3684 epistola:
3640 3606 3817 3667 nomine

2261 3712 2494 3767 libenter
2512 3711 2841 3767 donaremus
2861 3752 2877 3779 ,
2904 3711 2949 3765 si
2975 3725 3098 3766 cum
3126 3708 3452 3764 auctoritate
3474 3705 3677 3762 liceret.
3698 3695 3818 3769 Quod

2258 3814 2438 3861 autem
2464 3806 2517 3860 in
2546 3820 2614 3861 eo
2639 3804 2891 3861 edisserit
2917 3801 3350 3873 sapientissimus
3373 3800 3579 3856 Praesul
3601 3798 3662 3851 ad
3687 3795 3813 3849 liberc

2264 3909 2425 3953 tatem
2473 3897 2597 3953 ﬁdei
2630 3895 3152 3960 commendandam,
3195 3908 3301 3948 non
3339 3894 3413 3947 ita
3449 3884 3818 3960 intelligendum

2258 4004 2366 4061 est,
2412 4006 2468 4048 ut
2511 3994 2795 4048 haereticos
2836 3989 2902 4046 ad
2946 3988 3301 4061 proﬁtendam
3348 3986 3509 4042 iidem
3545 3996 3715 4040 veram
3743 3993 3817 4034 co-

2259 4103 2390 4159 gere
2419 4101 2708 4157 numquam
2726 4084 2892 4140 licere
2917 4082 3263 4140 existimarit.
3291 4079 3428 4136 Nam
3463 4078 3561 4134 lib.
3591 4076 3655 4133 tle
3681 4073 3818 4145 Syno-

2260 4181 2346 4237 dis
2367 4179 2674 4237 Orientales
2704 4179 2905 4244 laudat,
2935 4176 3116 4248 quibus
3138 4174 3365 4241 su/Iecit,
3398 4182 3514 4243 post
3533 4167 3817 4244 blaspth

2261 4277 2598 4341 voluntatem,
2626 4283 2817 4327 coarta’
2843 4276 3022 4328 saltem
3050 4271 3175 4343 ﬁdei
3204 4269 3519 4338 subscriptio
3538 4284 3558 4323 :
3585 4281 3695 4339 qua:
3721 4262 3818 4315 licet

2263 4369 2317 4423 in
2355 4368 2537 4423 multis
2558 4378 2807 4438 suspecta
2841 4366 2941 4437 ipsi
2974 4366 3169 4421 merito
3189 4363 3459 4427 videatur,
3484 4356 3815 4433 gratulandum

2260 4470 2440 4517 tamen
2470 4470 2637 4531 putat,
2665 4461 2855 4515 saltem
2878 4461 3098 4530 aliquem
3118 4474 3183 4512 ex
3201 4455 3281 4512 bis
3300 4457 3498 4528 suscipi
3521 4455 3814 4528 perarantem.

2258 4554 2369 4610 Sed
2402 4553 2677 4608 dissuadet
2705 4553 3001 4619 licentiam,
3029 4566 3132 4621 qua
3164 4550 3402 4605 hatretici
3435 4547 3727 4604 Cattiolicos
3747 4552 3817 4594 co-

543 4625 667 4725 culo
690 4626 875 4725 quinto
906 4625 1125 4683 ineunte
1151 4641 1372 4685 exarato
1401 4634 1664 4688 resarcire
1713 4633 1883 4689 licuit.
1915 4637 1984 4690 At
2013 4652 2136 4691 cum
2174 4663 2232 4725 Β
2258 4657 2412 4719 guilt,
2435 4656 2494 4703 ut
2519 4647 2665 4702 avita
2686 4646 3048 4717 etapostolica
3067 4643 3422 4710 ﬁdedeserta,
3446 4649 3729 4697 commenta
3742 4648 3818 4689 nl-

544 4715 600 4771 in
630 4727 836 4772 vetusto
858 4718 948 4772 illo
976 4720 1272 4787 exetnplari
1301 4737 1407 4777 non
1428 4723 1602 4778 solum
1632 4724 1685 4779 in
1714 4724 1893 4781 fronte
1919 4737 2095 4784 exstet
2117 4747 2139 4785 :

539 4808 738 4879 Incipit
765 4810 995 4881 ejusdem
1023 4812 1088 4864 ad
1111 4809 1501 4882 Constantium;
1525 4816 1616 4872 sed
1645 4827 1698 4873 et
1727 4818 1794 4873 ad
1816 4820 2016 4875 calcem
2043 4822 2109 4879 ad

542 4900 815 4956 scribatur
847 4918 859 4954 :
896 4902 1124 4973 Explicil
1153 4904 1279 4961 liber
1298 4923 1316 4960 ι
1347 4908 1407 4963 S.
1436 4908 1630 4965 Hilarii
1658 4913 1727 4967 ad
1755 4911 2131 4971 Constantium.

535 4991 727 5061 Incipit
755 4994 793 5047 l.
821 5009 855 5048 ιι
886 4996 1113 5065 ejusdem
1136 4999 1203 5051 ad
1231 5000 1494 5067 eumdem,
1522 5020 1669 5074 quem
1694 5016 1740 5060 et
1771 5006 2137 5062 Constantino-

537 5087 641 5157 poli
661 5087 774 5158 ipse
793 5087 1003 5141 tradidit
1031 5105 1049 5142 :
1075 5105 1178 5144 non
1204 5092 1414 5148 videtur
1436 5095 1590 5151 facile
1630 5098 1887 5167 dandum,
1921 5101 2145 5159 aliunde

534 5178 823 5249 quidquam
860 5180 1112 5234 adsutum
1149 5198 1290 5238 esse.
1340 5183 1504 5243 Certe
1534 5187 1887 5264 533-534
1912 5202 2148 5263 utraque

535 5285 657 5340 pars
674 5271 889 5327 easdem
906 5270 1435 5343 deﬂetcalamitates,
1450 5279 1640 5336 eadem
1657 5283 1861 5338 ratione
1876 5287 2106 5355 perstrin
2120 5316 2135 5326 -

529 5363 607 5428 git
636 5363 959 5419 Arianorum
989 5364 1327 5423 violentiam.
1359 5369 1432 5425 Et
1474 5380 1717 5429 neutram
1752 5376 1967 5446 quidem
2008 5386 2148 5436 ante-

531 5468 729 5512 annum
756 5455 862 5514 355
888 5455 1145 5531 scriptam
1173 5475 1294 5519 esse
1320 5461 1488 5535 liquet
1507 5482 1519 5519 :
1537 5480 1642 5522 non
1657 5477 2008 5536 postremam,
2028 5483 2139 5542 qua.

2258 4758 2360 4815 per
2383 4744 2599 4798 iuventa
2627 4742 3040 4812 amplectantur.
3073 4740 3275 4813 Cogunt
3295 4754 3498 4808 nempe,
3518 4736 3674 4805 inquit
3693 4741 3811 4786 nutu.

2253 4840 2313 4908 6,
2335 4856 2434 4893 ηοιι
2449 4847 2505 4892 ut
2518 4836 2795 4892 Christiani
2808 4852 2980 4889 ontnes
2996 4835 3117 4893 sint.
3138 4836 3227 4887 sed
3239 4842 3293 4887 ut
3307 4833 3509 4886 Ariani.
3529 4831 3814 4898 Quamquam

2254 4932 2511 5003 episeopa
2521 4932 2621 4985 lem
2635 4928 2986 4983 considerans
2998 4928 3232 4981 animum
3242 4967 3257 4992 ,
3272 4940 3433 4996 quem
3448 4923 3511 4979 ad
3525 4917 3815 4977 clementiam

2254 5041 2475 5095 semper
2490 5040 2716 5096 pronum
2731 5038 2872 5084 esse.
2892 5036 2953 5076 ac
2969 5037 3147 5075 veram
3163 5032 3335 5075 etnon
3354 5019 3530 5074 (ictam
3546 5012 3816 5087 populorum

2262 5119 2425 5174 ﬁdem
2454 5133 2700 5188 quaerere
2734 5115 2967 5180 deceat;
3003 5115 3104 5184 ipsi
3133 5110 3696 5167 convenientissimum
3720 5110 3816 5165 esse

2264 5211 2552 5282 praedicat,
2598 5218 2654 5263 ιιι
2695 5224 2762 5262 ne
2792 5206 2857 5262 ad
2888 5221 3071 5262 veram
3110 5206 3328 5278 quidem
3359 5204 3548 5267 ﬁdem,
3574 5203 3670 5255 vim
3697 5208 3817 5256 eam.

2256 5319 2423 5375 quam
2447 5300 2633 5357 Ariani
2658 5316 2752 5371 per
2773 5299 2918 5355 varia
2940 5306 3210 5357 tormenta
3231 5298 3514 5356 catholicis
3534 5290 3815 5355 inferebant.

2255 5398 2510 5454 adhiberi
2536 5396 2789 5468 patiatur.
