3996 6330
189 302 274 357 lilii

1005 295 1096 351 AD
1134 295 1625 355 CONSTANTIUM
1664 297 2046 358 AUGUSTUM
2085 299 2288 357 LIBER
2330 300 2609 359 PRIMUS.

3345 305 3454 366 562

186 411 478 474 sacerdotali
506 410 587 466 vel
611 410 976 479 ecclesiastica
1001 412 1074 483 (a)
1099 412 1430 468 conscientia
1458 414 1749 480 contineri,
1781 418 1832 477 Α
1858 415 2200 486 pronuntiari
2250 427 2565 488 posceretur
2612 432 2769 486 rcus;
2821 427 3156 491 quaereretur
3197 419 3247 475 in
3295 419 3456 477 ﬁdem

186 508 328 567 scribi
366 505 427 562 ad
477 520 655 576 regem
683 548 697 572 ,
740 504 1173 576 legationemque
1200 505 1394 561 instrui
1424 507 1748 576 oportuerit.

183 601 276 661 Sed
303 598 421 672 quid
451 596 592 652 aliud
634 597 718 654 his
750 597 942 652 litteris
968 640 982 665 ,
1015 613 1173 668 quam
1205 597 1508 654 libertatem
1551 597 1673 655 ﬁdei
1699 606 1756 654 et

180 696 527 767 contagionem
575 693 759 748 Ariani
793 691 1027 748 nominis
1057 693 1447 769 deprecantur,
1486 704 1754 767 orantque

176 788 392 853 vincula,
413 801 682 854 carceres,
706 786 1016 853 tribunalia,
1039 794 1088 843 et
1108 801 1327 844 omnem
1357 788 1507 844 illum
1530 787 1751 845 feralem

177 883 392 941 habitum
424 922 440 944 .
485 893 653 935 novas
680 881 843 935 etiam
872 880 926 935 in
957 894 1080 936 reos
1121 880 1449 948 quaestiones
1476 880 1753 938 inhiberi?

173 979 298 1035 Deus
317 973 675 1045 cognitionem
703 972 785 1028 sui
811 971 1000 1028 docuit
1027 971 1226 1042 potius,
1257 988 1416 1044 quam
1448 974 1630 1036 exegit
1657 990 1670 1027 :
1700 981 1756 1029 et

174 1067 524 1137 Operationum
565 1064 870 1123 caelestium
919 1063 1277 1120 admiratione
1322 1066 1606 1133 prmceplis
1640 1066 1754 1121 suis

172 1160 449 1219 concilians
495 1158 869 1214 auctoritatem
893 1200 910 1225 ,
957 1169 1199 1213 coactam
1229 1158 1520 1213 conlitendi
1565 1173 1624 1214 se
1653 1157 1751 1213 ad-

171 1260 438 1326 spernatus
475 1260 562 1306 est
598 1250 949 1306 voluntatem.
1002 1250 1061 1306 Si
1089 1250 1153 1304 ad
1185 1250 1343 1305 ﬁdem
1387 1266 1567 1306 veram
1600 1252 1754 1310 istius

176 1346 307 1405 modi
339 1343 421 1401 vis
451 1343 829 1409 adhiberetur;
863 1342 1184 1415 episcOpalis
1208 1343 1372 1418 539
1399 1343 1641 1399 doctrina
1665 1344 1754 1401 ob-

170 1442 292 1498 viam
336 1447 626 1510 pergeret,
659 1438 977 1508 diceretque
1023 1453 1036 1490 :
1089 1436 1230 1492 Deus
1264 1436 1628 1492 universitatis
1670 1445 1754 1493 est

171 1532 432 1597 Dominus,
468 1529 730 1602 obsequio
762 1544 867 1585 non
896 1537 1018 1600 eget
1047 1528 1392 1594 necessario,
1424 1542 1532 1584 non
1562 1528 1745 1600 requi-

166 1627 228 1684 rit
266 1635 503 1682 coactam
548 1623 968 1680 confessionem.
1003 1621 1121 1678 Nou
1169 1622 1436 1678 fallendus
1480 1631 1605 1690 est,
1651 1621 1747 1678 sed

166 1718 563 1793 promerendos.
587 1716 780 1774 Nostra
808 1718 1006 1787 potius,
1041 1732 1149 1772 non
1172 1731 1267 1771 sua
1291 1731 1454 1772 causa
1482 1731 1748 1773 veneran-

1859 506 2186 575 litterarum,
2212 510 2264 565 in
2289 509 2529 585 jodicnm
2558 512 2744 581 vitam,
2778 512 2831 567 in
2862 521 3238 570 accusatorum
3268 512 3453 581 ﬁdem,

1856 601 1911 657 in
1944 603 2111 673 ipsius
2141 619 2357 677 quoque
2398 604 2632 663 hominis
2663 623 2842 664 mores
2869 616 3035 681 atque
3065 617 3236 666 actus.
3270 609 3456 667 Move-

1857 701 1943 751 ret
1985 693 2128 750 enim
2160 696 2556 755 absolutionem
2585 700 2703 771 ejus
2736 702 3057 759 Arianorum
3088 703 3271 774 juncta
3301 702 3456 759 dam-

1857 790 2004 845 natio
2030 808 2044 845 :
2076 793 2362 864 magnique
2393 795 2618 866 periculi
2643 806 2818 864 esset,
2845 798 3108 869 judicium
3136 800 3297 856 simul
3326 816 3452 858 cum

1858 894 2042 940 reatus
2070 893 2127 942 et
2145 885 2474 943 innocentiae
2503 904 2608 944 non
2638 888 2712 962 (e)
2732 903 2982 963 suscepta
3019 907 3234 968 rursum
3265 893 3445 966 inqui-

1856 977 2055 1034 sitione
2099 978 2399 1038 dissolvere
2443 999 2456 1035 :
2506 991 2725 1055 totaque
2760 986 2814 1040 in
2860 988 3215 1056 patrocinium
3261 1002 3451 1059 suum,

1858 1085 1982 1125 cum
2013 1072 2135 1128 ﬁdei
2163 1072 2433 1142 doctrina,
2470 1076 2766 1133 auctoritas
2793 1078 2892 1136 sibi
2926 1081 3258 1151 antiquitatis
3286 1083 3455 1139 assis-

1859 1173 2015 1220 teret.
2045 1167 2114 1222 At
2139 1182 2259 1222 cum
2293 1168 2414 1239 ipsi,
2450 1170 2539 1242 qui
2568 1178 2697 1227 tunc
2726 1171 2910 1227 Ariani
2945 1173 3185 1230 hteretici
3211 1175 3451 1232 damnati

1856 1268 2003 1330 Sunt,
2035 1276 2149 1317 rem
2171 1263 2463 1333 exagitent,
2498 1265 2717 1321 turbent
2736 1265 2899 1342 540
2922 1270 3126 1334 omnia,
3156 1284 3453 1342 omnesque

1856 1367 1922 1407 ex
1958 1360 2225 1420 potestate
2252 1364 2305 1410 et
2325 1355 2620 1412 ambitione
2649 1367 3020 1430 corrumpant,
3050 1372 3103 1415 ct
3125 1359 3454 1417 Athanasius

1855 1444 1900 1500 si
1934 1443 2054 1514 fuit,
2089 1460 2210 1501 esse
2239 1445 2414 1502 adhuc
2439 1464 2565 1504 reus
2588 1458 2797 1520 potest:
2831 1456 2999 1508 testes
3031 1451 3342 1523 loquantur,
3375 1454 3460 1509 vi-

1855 1537 2020 1594 deant
2059 1539 2274 1612 judices
2299 1583 2314 1610 ,
2350 1541 2474 1599 ﬁdei
2519 1543 2763 1600 doctrina
2809 1548 3092 1618 praeceptis
3133 1548 3461 1620 evangelicis

1858 1641 2020 1703 atque
2049 1634 2362 1703 apostolicis
2389 1636 2602 1692 eluceat
2634 1656 2647 1692 :
2682 1654 2800 1709 (tute
2842 1636 3056 1696 obtusio
3085 1639 3460 1713 intelligentia:

1856 1724 1977 1782 eSt?
2004 1742 2124 1796 qum
2149 1726 2330 1783 cordis
2363 1727 2677 1784 hebetudo?
2708 1745 2831 1801 qute
2857 1730 3057 1787 oblivio
3083 1732 3236 1805 spei?
3265 1731 3337 1806 (f)
3367 1749 3438 1805 qu

164 1814 254 1869 dus
298 1823 399 1869 est.
433 1812 553 1869 Non
596 1828 812 1883 possum
852 1811 957 1866 nisi
1000 1812 1268 1867 volentem
1314 1812 1557 1882 recipere
1582 1853 1597 1878 ,
1646 1811 1748 1867 nisi
1778 1820 1828 1881 Β
1857 1830 2010 1873 amor
2035 1818 2337 1874 sceletum?
2375 1821 2518 1891 quod
2564 1821 2744 1877 odium
2777 1824 3061 1880 veritatis?
3091 1823 3144 1880 in
3172 1823 3455 1883 damnato.

170 1916 397 1963 orantem
435 1906 621 1961 audire
644 1947 658 1971 ,
702 1904 804 1960 nisi
834 1904 1172 1976 proﬁtentem
1204 1905 1438 1974 signare.
1473 1902 1745 1973 Simplici-

166 2007 264 2054 tate
290 1997 615 2070 quaerendus
630 2008 732 2064 est,
767 1995 1109 2053 confessione
1130 1995 1416 2053 discendus
1442 2006 1544 2059 est,
1565 1996 1748 2051 chari-

164 2102 263 2150 tate
287 2092 554 2149 amandus
583 2101 686 2158 est,
715 2092 910 2147 timore
939 2090 1279 2147 venerandus
1308 2100 1425 2158 est,
1455 2088 1752 2145 voluntatis

162 2186 411 2262 probitate
437 2184 756 2243 retinendus
778 2192 880 2240 est.
903 2182 975 2239 At
1003 2198 1130 2239 vero
1156 2183 1284 2254 quid
1308 2182 1450 2239 istud
1476 2191 1582 2248 est,
1606 2181 1751 2251 quod

162 2279 462 2338 sacerdotes
515 2279 707 2334 timere
741 2279 907 2333 Deum
959 2276 1185 2332 vinculis
1226 2286 1525 2347 coguntur,
1578 2275 1752 2347 poenis

162 2377 453 2450 iubentur?
479 2374 807 2433 Sacerdotes
851 2374 1164 2429 carceribus
1198 2373 1566 2439 continentur,
1598 2369 1752 2443 plebs

163 2471 212 2525 in
247 2468 490 2526 custodia
540 2468 773 2523 catenati
811 2464 1018 2522 ordinis
1061 2465 1352 2521 constricta
1404 2464 1750 2535 disponitur,

159 2561 384 2630 virgines
435 2560 712 2616 nudantur
755 2558 823 2614 ad
856 2573 1070 2631 poenam
1099 2599 1114 2624 ,
1147 2566 1202 2613 et
1230 2568 1440 2614 sacrata
1472 2559 1585 2615 Deo
1626 2574 1752 2614 cor-

158 2670 280 2727 pora
304 2699 317 2722 ,
361 2655 438 2728 (b)
473 2655 688 2725 publico
736 2654 982 2725 exposita
1023 2655 1337 2724 constiectui
1363 2695 1378 2721 ,
1422 2654 1489 2708 ad
1520 2654 1753 2710 fructum

159 2750 446 2819 spectaculi
473 2758 532 2803 et
552 2747 866 2820 quaestionis
886 2746 1377 2818 aptantur.Coguut
1404 2761 1618 2817 nempe,
1646 2762 1753 2801 non

159 2851 210 2898 ut
234 2840 530 2897 Christiani
573 2855 764 2897 omnes
810 2839 917 2896 sint
938 2881 952 2906 ,
984 2839 1080 2895 sed
1113 2849 1167 2893 ut
1195 2838 1380 2894 Ariani
1412 2856 1426 2894 :
1460 2847 1515 2895 et
1542 2838 1756 2897 confes-

158 2949 263 2990 sam
293 2934 346 2990 in
385 2935 502 2990 Deo
534 2934 694 2990 tidem
735 2933 801 2988 ad
845 2932 1180 2989 consortium
1219 2932 1411 3003 piaculi
1439 2934 1520 2989 sui
1546 2930 1614 3005 (ε)
1639 2947 1759 2989 sce-

155 3026 262 3083 lere
301 3026 661 3097 compellunt.
704 3025 1042 3082 Auctoritate
1088 3027 1252 3082 etiam
1305 3027 1541 3083 nominis
1580 3030 1661 3084 sui
1700 3029 1754 3083 in

154 3134 392 3176 errorem
445 3120 838 3192 Imperatorem
890 3119 1243 3176 transducunt
1292 3138 1306 3177 :
1353 3129 1557 3178 rectum
1607 3124 1753 3178 afﬁr-

1851 1925 1972 1966 rum
2003 1911 2263 1982 favorem,
2299 1912 2392 1967 Dei
2418 1928 2655 1970 amorem
2688 1915 3061 1972 transducunt.

1923 2006 1977 2061 8.
2014 2005 2221 2061 Eusebii
2269 2006 2606 2064 Vercelleusis
2634 2010 2829 2084 injuste
2870 2012 3154 2069 damnatio.
3183 2042 3255 2054 —
3287 2011 3456 2069 Venio

1852 2113 1997 2154 nunc
2021 2098 2085 2153 ad
2117 2098 2190 2165 id,
2220 2100 2361 2168 quod
2390 2116 2581 2163 recens
2608 2112 2817 2173 gestum
2851 2114 2951 2170 est,
2982 2104 3037 2160 in
3061 2120 3168 2177 quo
3192 2119 3252 2161 se
3283 2106 3448 2163 etiam

1853 2189 2118 2262 professio
2148 2191 2371 2247 sceleris
2404 2191 2477 2265 (g)
2514 2194 2565 2247 in
2598 2205 2811 2251 secreto
2841 2199 2974 2253 artis
3017 2211 3128 2254 sua:
3157 2198 3445 2269 dedignata

1853 2292 1939 2339 est
1979 2283 2279 2339 continere.
2326 2282 2595 2341 Eusebius
2638 2285 3001 2345 Vcrcellcnsis
3046 2288 3336 2360 episcopus
3372 2301 3457 2348 est

1853 2379 1936 2435 vir
1975 2381 2121 2435 omni
2157 2379 2263 2435 vita
2305 2379 2413 2436 Deo
2458 2380 2724 2438 serviens.
2769 2383 2866 2439 llic
2911 2393 3032 2453 post
3074 2384 3453 2441 Arelatensem

1853 2473 2163 2547 synodum,
2195 2487 2317 2530 cum
2366 2475 2622 2546 Paulinus
2666 2479 2956 2550 episcopus
3009 2480 3175 2535 tantis
3227 2481 3457 2536 istorum

1854 2568 2150 2625 sceleribus
2177 2572 2502 2626 contraisset
2528 2571 2769 2641 (Arelate
2801 2588 2889 2628 an.
2919 2574 3078 2645 555),
3126 2575 3310 2630 venire
3337 2574 3449 2631 Me-

1857 2663 2134 2720 diolanum
2160 2664 2472 2736 prcccipitur
2494 2664 2606 2739 (an.
2636 2665 2784 2741 555).
2803 2666 3042 2723 Collecta
3062 2665 3173 2739 jam
3203 2666 3316 2724 illic
3342 2682 3459 2723 ma-

1858 2754 2182 2827 lignantium
2211 2771 2505 2829 synagoga,
2536 2758 2727 2816 decem
2750 2760 2939 2817 diebus
2961 2760 3027 2816 ad
3055 2759 3349 2817 Ecclesiam
3374 2769 3461 2817 est

1861 2850 2059 2903 vetitus
2086 2847 2383 2918 accedere,
2417 2848 2548 2906 dum
2579 2838 2839 2908 adversus
2871 2860 2978 2908 tam
3008 2861 3254 2909 sanctum
3286 2853 3461 2908 virum

1863 2943 1941 3017 (h)
1975 2944 2181 3000 malitia
2212 2960 2271 3000 se
2302 2960 2557 3015 perversa
2589 2948 2878 3003 consumit.
2914 2948 3236 3019 Suppuratis
3263 2947 3461 3004 deinde

1860 3037 2103 3094 consiliis
2133 3038 2407 3103 omnibus,
2440 3039 2528 3095 ubi
2559 3040 2767 3095 libitum
2804 3049 2910 3107 est,
2936 3040 3255 3097 advocatur.
3290 3039 3462 3096 Adest

1861 3145 1968 3185 una
1992 3146 2115 3187 cum
2146 3131 2403 3187 Romanis
2435 3132 2652 3188 clericis
2683 3133 2914 3208 (Hilario
2951 3133 3094 3189 diac.
3140 3144 3195 3189 et
3221 3132 3461 3189 Pancra-

155 3222 386 3282 mantes,
421 3220 485 3269 ut
520 3212 623 3269 sub
652 3211 834 3284 specie
864 3212 1076 3268 timoris
1103 3213 1231 3278 Dei,
1267 3213 1322 3269 in
1355 3215 1454 3270 hac
1481 3217 1751 3285 perversi-
1777 3211 1823 3276 C
1859 3224 1996 3297 tio),
2040 3234 2095 3280 et
2137 3223 2392 3282 Lucifero
2426 3225 2697 3282 Sardinia:
2726 3226 3003 3298 episcopo.
3055 3227 3117 3301 (i)
3148 3225 3463 3284 Conventus

154 3315 254 3363 tate
279 3308 535 3365 subditos
564 3307 664 3363 sibi
700 3306 931 3363 tradant.
961 3307 1298 3377 Qumstiones
1327 3319 1576 3378 poscunt,
1603 3309 1751 3381 judi-

154 3400 352 3457 ciorum
383 3401 629 3458 subsidia
654 3401 995 3463 desiderant,
1016 3402 1394 3457 auctoritatem
1427 3402 1627 3474 regiam
1654 3403 1755 3459 im-

152 3497 360 3565 plorant
404 3515 418 3551 :
468 3508 525 3553 et
555 3512 656 3552 nec
692 3496 772 3552 sic
802 3497 1213 3568 perversitatem
1255 3497 1476 3552 sceleris
1504 3498 1586 3553 sui
1628 3513 1753 3555 eru-

150 3587 409 3655 bescunt,
440 3599 777 3661 extorquere
823 3587 906 3662 (ά)
927 3590 1328 3645 conniventiam
1369 3590 1609 3661 plebium
1650 3606 1751 3648 nec

150 3685 372 3754 cogendi
390 3684 521 3755 jure
552 3690 863 3755 potuerunt.

215 3778 268 3834 7.
306 3777 596 3834 Judicialis
628 3780 795 3850 forma
831 3777 887 3832 in
913 3793 1068 3832 causa
1095 3777 1371 3833 Athanasii
1404 3795 1507 3835 non
1532 3786 1751 3835 servata.

146 3901 214 3911 —
241 3873 370 3930 Hmc
409 3874 463 3931 si
491 3874 561 3929 de
587 3873 860 3929 veteribus
895 3873 1156 3928 chartulis
1184 3874 1389 3944 prolata
1420 3875 1596 3931 aetatis
1631 3890 1759 3931 nos-

151 3973 242 4022 tra:
285 3978 509 4038 tempus
555 3968 922 4033 instruerent;
971 3967 1349 4038 ambigendum
1378 4009 1393 4035 ,
1426 3977 1482 4022 ut
1523 3969 1753 4038 opinor,

149 4064 314 4119 tantis
358 4063 434 4121 de
476 4063 641 4121 rebus
680 4063 887 4121 luisset.
929 4062 1148 4118 Etcum
1180 4064 1246 4118 ab
1289 4063 1413 4119 aliis
1461 4064 1761 4136 quibusque

145 4216 260 4257 rum
289 4202 488 4256 statim
526 4217 628 4270 per
657 4200 864 4255 litteras
892 4202 1151 4254 certiores
1185 4199 1429 4254 fecerunt
1462 4199 1752 4270 Imperato-

147 4290 231 4329 res
266 4291 280 4327 :
323 4289 390 4328 ac
420 4269 608 4344 postea
645 4281 778 4344 teste
806 4271 1169 4344 Theodoreto,
1202 4272 1293 4325 lib.
1330 4288 1384 4331 ιι.
1427 4288 1477 4327 c.
1513 4269 1575 4344 8,
1608 4269 1753 4327 Con-

145 4354 294 4400 stans
325 4346 396 4399 ad
423 4342 667 4400 fratrem
698 4342 1072 4400 Constantium
1119 4343 1253 4398 duos
1273 4358 1341 4399 ex
1387 4344 1493 4399 illis
1518 4343 1758 4399 delectos

144 4431 264 4472 eum
296 4416 507 4474 litteris
538 4417 704 4471 misit.
752 4414 834 4470 An
880 4417 931 4469 in
956 4415 1087 4487 hinc
1122 4426 1268 4487 gesta
1305 4414 1392 4487 hic
1420 4415 1759 4487 respicitur?

147 4488 494 4561 Quamquam
544 4489 705 4561 etiam
732 4560 737 4561 ί
764 4486 1045 4561 nonnulla
1068 4486 1222 4561 nobis
1267 4486 1452 4561 incidit
1471 4486 1754 4561 suspicio,

145 4558 261 4617 haec
286 4558 358 4617 de
391 4560 614 4616 Arianis
636 4560 773 4616 actis
793 4574 857 4615 ac
882 4558 1078 4613 litteris
1095 4558 1163 4613 ab
1183 4558 1548 4614 ecclesiastica
1572 4559 1754 4615 indole

146 4642 199 4687 et
224 4632 535 4703 episcopali
566 4631 852 4703 clementia
881 4630 1075 4703 alienis
1103 4631 1306 4685 ironice
1336 4629 1475 4685 dicta
1506 4644 1649 4687 esse.

215 4701 296 4776 (ti)
327 4701 499 4776 Editi,
535 4702 848 4776 continentia
877 4718 895 4757 :
922 4701 1268 4776 Corriguntur
1296 4716 1361 4776 est
1396 4716 1525 4757 mss.

212 4772 294 4849 (ὁ)
327 4775 702 4849 Miserandam
747 4772 1056 4849 huiusmodi
1086 4773 1456 4849 spectaculum
1480 4815 1494 4839 ,
1523 4773 1759 4849 Georgio

145 4843 587 4903 Alexandrinam
603 4846 787 4902 sedem
806 4843 1113 4911 invadente,
1130 4844 1480 4900 Sebastianus
1491 4843 1756 4913 exhibuit;

146 4935 267 4974 cum
286 4934 530 4976 accenso
551 4934 701 4987 rogo.
724 4918 796 4972 uti
821 4927 1001 4971 narrat
1022 4915 1392 4971 Theodoretus
1406 4916 1500 4973 lib.
1518 4933 1578 4985 ll,
1595 4932 1644 4973 c.
1666 4917 1757 4987 14,

144 4991 392 5056 virgines
444 4991 521 5046 illi
567 4988 826 5053 admovit,
858 5003 922 5043 ac
962 4988 1191 5044 nudatas
1235 4988 1465 5056 turpiter
1501 4988 1758 5044 concidit.

283 5072 462 5119 antea
508 5062 685 5118 simile
729 5060 988 5132 ﬂagitium
1030 5060 1100 5116 ab
1137 5060 1358 5132 Arianis
1393 5068 1760 5130 perpetratum

144 5151 269 5192 esse
295 5143 464 5190 notat
483 5130 823 5190 Sardicensis
838 5132 1027 5204 synodi
1049 5132 1298 5201 epismla,
1318 5130 1533 5203 Fragm.
1548 5148 1609 5201 ιι,
1624 5150 1679 5190 ιι.
1702 5133 1756 5192 5.

240 5205 293 5332 ξ]
327 5207 430 5264 Sic
468 5220 601 5261 mss.
630 5203 879 5268 Atediti,’
898 5203 978 5258 sui
1006 5204 1233 5258 sceleris.

284 5280 303 5332 i
335 5278 399 5332 In
434 5278 640 5332 aliauot
671 5291 824 5332 mss.
857 5275 1233 5330 convenientian

240 5206 293 5332 ξ]
327 5207 430 5264 Sic
468 5220 601 5261 mss.
630 5206 867 5268 Atediti,
898 5206 978 5258 sui
1006 5206 1233 5258 sceleris.

214 5206 238 5353 ξ
270 5280 303 5353 ί)
335 5278 399 5333 1η
434 5278 640 5349 aliquot
667 5291 824 5353 mss.,
844 5275 1254 5353 convenientiam
1283 5274 1523 5353 plebium.
1550 5274 1687 5331 Tum
1709 5276 1763 5332 in

144 5346 354 5415 editis,
412 5346 678 5420 nec—cogi
723 5348 786 5402 de
822 5350 947 5420 jure
992 5364 1005 5400 :
1065 5347 1155 5404 ubi
1210 5346 1570 5420 inomnibus
1628 5364 1763 5404 mss.

145 5440 241 5479 nec
308 5420 540 5494 cogendi
597 5418 764 5494 jure,
824 5418 1119 5494 praemisso
1188 5418 1452 5494 vocabulo
1510 5420 1673 5494 quod”
1711 5420 1764 5494 i_n

145 5495 271 5551 Solo
297 5489 659 5550 Cainutensi.
700 5490 849 5546 Hanc
877 5490 1197 5563 sententiam
1243 5489 1466 5560 perinde
1508 5492 1765 5563 intelligi-

146 5584 271 5623 mus
294 5609 311 5633 ,
347 5580 420 5620 ac
453 5564 501 5619 si
531 5565 800 5634 legeretur
832 5580 845 5616 :
871 5579 962 5616 nec
983 5562 1125 5619 sic...
1149 5564 1482 5630 erubescunt,
1506 5563 1641 5632 quod
1680 5562 1770 5619 ea:-

148 5648 402 5710 torquere
432 5636 825 5710 ⁸εωιηὶιιειιιὶιιιιι
852 5634 1088 5710 plebium
1131 5653 1221 5691 nec
1261 5634 1474 5710 cogendi
1511 5637 1636 5709 jure
1662 5652 1769 5710 po-

146 5705 392 5767 tuerunt.
422 5707 527 5765 Jus
552 5708 779 5778 cogendi
813 5705 909 5778 hic
927 5706 1008 5762 vis
1035 5706 1182 5762 illata
1218 5705 1525 5778 appellatur
1555 5723 1617 5761 ea
1654 5705 1769 5763 fere

148 5785 380 5841 ratione
412 5823 431 5849 ,
455 5796 569 5854 qua
613 5780 650 5835 l.
685 5796 744 5836 ιχ
777 5780 843 5837 de
870 5777 1024 5835 Trin.
1056 5780 1113 5854 nt
1147 5777 1488 5854 58,}licitttr.
1510 5779 1591 5833 Ad
1616 5780 1770 5854 hujus

151 5872 248 5911 nos
296 5849 666 5926 intelligentia:
709 5854 1023 5925 impietatem
1069 5849 1423 5910 hiereticomm
1461 5852 1610 5924 furor
1645 5849 1771 5925 jure

1860 3331 1918 3376 ut
1958 3320 2010 3375 in
2042 3318 2400 3375 Athanasium
2432 3320 2838 3389 subscriberet,
2871 3321 2984 3387 ait,
3018 3322 3095 3377 De
3135 3320 3459 3378 sacerdotali

1861 3412 1967 3469 ﬁde
1999 3413 2147 3482 prius
2176 3411 2377 3469 debere
2407 3421 2698 3480 constare;
2722 3424 3033 3484 compertos
3062 3413 3167 3469 sibi
3199 3414 3461 3485 quosdam

1859 3521 1928 3562 ex
1946 3504 2049 3571 his,
2068 3505 2156 3576 qui
2175 3505 2452 3575 adessent,
2473 3505 2728 3562 hmretica
2744 3506 2861 3561 labe
2877 3506 3128 3577 pollutos.
3149 3506 3464 3577 Expositam

1861 3597 2021 3655 ﬁdem
2047 3598 2189 3669 apud
2220 3598 2476 3666 Nicaeam,
2509 3598 2663 3671 cujus
2690 3599 2941 3669 superius
2973 3598 3319 3655 meminimus
3357 3598 3464 3672 (j),

1859 3691 2041 3763 posuit
2090 3690 2142 3747 in
2174 3690 2354 3747 medio
2381 3710 2396 3748 :
2428 3692 2704 3763 spondens
2732 3692 2914 3747 omnia
2945 3707 3005 3747 se
3026 3733 3042 3759 ,
3070 3707 3192 3761 quae
3220 3691 3465 3763 postula-

1859 3793 1981 3840 rent
2018 3798 2141 3839 esse
2179 3781 2446 3839 facturum
2472 3826 2487 3848 ,
2523 3782 2596 3855 (lt)
2627 3783 2672 3838 si
2705 3781 2827 3838 ﬁdei
2868 3781 3258 3853 professionem
3288 3774 3466 3853 Scrip-

1821 3954 1830 3959 _
1861 3876 2083 3932 sissent.
2123 3875 2408 3948 Dionysius
2437 3875 2858 3930 Mediolanensis
2889 3874 3190 3944 Episcopus
3216 3872 3463 3929 chartam

1862 3971 2069 4043 primus
2086 3970 2297 4041 accepit
2324 3988 2333 4024 :
2361 3969 2449 4024 ubi
2478 3968 2718 4039 proﬁteri
2745 3967 3032 4025 scribendo
3051 3967 3239 4038 cmpit,
3266 3964 3464 4021 Valens

1862 4063 2131 4119 calamum
2155 4071 2211 4119 et
2234 4062 2480 4118 chartam
2506 4078 2537 4117 e
2564 4061 2817 4119 manibus
2835 4060 2955 4132 ejus
2981 4060 3245 4116 violenter
3271 4067 3464 4124 extor-

1858 4202 2080 4271 quodam
2145 4203 2446 4258 necessaria:
2501 4201 2841 4273 confessionis
2905 4199 3184 4273 compellit.
3255 4199 3465 4256 Laudat

1859 4281 2038 4329 autem
2085 4273 2336 4342 Hilarius,
2390 4272 2702 4345 Fragment.
2753 4289 2825 4340 ιι,
2860 4288 2936 4345 ιι.
2975 4272 3079 4338 24,
3125 4272 3466 4329 Sardicensis

1860 4345 2054 4430 synodi
2091 4354 2243 4430 gesta
2268 4345 2417 4430 uulgi
2458 4343 2790 4430 insectatione
2835 4343 3145 4399 Arianorum
3192 4350 3366 4401 omnia
3407 4347 3463 4430 in

1862 4416 2199 4473 Athanasium
2235 4418 2453 4473 crimina
2490 4419 2709 4486 con/icta
2751 4433 2855 4472 esse
2894 4425 3263 4484 monstrantur,
3300 4427 3348 4473 et
3389 4419 3465 4474 uis

1863 4489 2093 4543 adhibita
2131 4488 2265 4557 plebi
2303 4489 2401 4544 Dei
2429 4531 2444 4551 ,
2489 4499 2546 4544 ut
2592 4490 2645 4545 in
2676 4489 2970 4561 pestiferam
3000 4489 3169 4545 letalis
3215 4491 3464 4547 doctrina:

1865 4562 2243 4617 conniventiam
2274 4562 2566 4617 transirent.

1777 4622 1834 4686 D
1930 4635 2007 4705 (e)
2042 4633 2171 4688 Mss.
2200 4642 2431 4704 excepto
2454 4632 2617 4689 Carn.
2649 4651 2752 4689 non
2779 4642 3037 4704 suspecta.
3067 4634 3327 4690 Proxime
3358 4650 3462 4691 an-

1863 4712 1948 4759 tea
1979 4705 2264 4760 mallemus
2290 4722 2408 4760 cum
2428 4716 2620 4772 reatus,
2645 4718 2752 4761 tum
2773 4706 3097 4762 innocentiae.
3133 4705 3465 4762 Athanasius

1863 4786 1989 4832 ante
2027 4776 2311 4833 concilium
2356 4777 2680 4834 Sardicense
2711 4792 2839 4840 reus
2864 4778 3135 4847 judicatus
3156 4819 3172 4846 ,
3204 4778 3259 4833 in
3291 4793 3357 4833 eo
3379 4780 3465 4834 in-

1864 4863 2067 4904 nocens
2087 4849 2394 4923 declaratus
2414 4861 2520 4918 est,
2548 4849 2878 4907 absolutioni
2900 4850 3071 4920 ipsius
3083 4851 3273 4923 juncta
3300 4850 3465 4907 Aria-

1866 4934 2058 4976 norum
2086 4920 2461 4977 damnatione.
2835 4926 2858 4943 “

1939 4990 2007 5065 (Ι)
2041 4991 2117 5065 ita
2150 4992 2319 5065 codex
2352 4992 2474 5048 Vat.
2506 4992 2621 5065 bas.
2653 4991 2757 5047 Alii
2788 5008 2919 5050 vero
2943 5036 2957 5060 ,
2989 5009 3102 5062 qua:
3137 5011 3276 5050 mors
3308 4995 3466 5052 scele-

1866 5063 2003 5118 rum.
2029 5063 2202 5119 Antea
2232 5064 2283 5119 in
2318 5080 2473 5130 mss.,
2504 5064 2759 5132 oblunsio,
2789 5080 2897 5122 non
2929 5065 3146 5121 obtusio.

1941 5133 2018 5280 ξς)
2050 5136 2178 5191 Mss.
2211 5144 2260 5192 et
2283 5145 2496 5193 secreto.

1968 5206 2026 5280 li)
2055 5205 2117 5261 In
2151 5220 2309 5275 mss.,
2341 5208 2496 5265 maliti

1968 5205 2026 5282 li)
2055 5205 2117 5261 In
2151 5220 2309 5282 mss.,
2341 5208 2592 5265 malitiose
2617 5223 2854 5282 perversa
2887 5209 3160 5267 consumit.
3190 5208 3337 5282 Tum,
3368 5222 3471 5264 ex-

1872 5278 2017 5341 cusi,
2049 5280 2303 5351 saporatis
2343 5296 2362 5335 :
2403 5282 2495 5336 ubi
2521 5296 2585 5337 ex
2617 5278 2756 5337 'mss.
2805 5282 2924 5339 Vat.
2967 5281 3083 5338 bas.
3131 5280 3470 5336 restituimus

1871 5350 2191 5426 suppuratis.
2220 5352 2311 5426 Sic
2333 5351 2425 5406 lib.
2455 5353 2523 5409 de
2549 5351 2754 5426 Synod.
2787 5371 2841 5409 ιι.
2870 5354 2967 5426 63,
2989 5353 3076 5426 ubi
3104 5352 3468 5426 expantiquio-

1873 5422 2023 5499 ribus
2051 5437 2185 5499 mss.
2208 5421 2696 5499 e‘xstatsuppuratw
2722 5425 2996 5499 irnpietatis
3021 5424 3280 5493 doctrina,
3304 5421 3357 5479 in
3379 5439 3469 5482 re-

1871 5494 2204 5568 centioribus
2235 5495 2429 5568 legitur
2456 5494 2733 5568 separata.

1970 5564 2009 5637 i)
2036 5563 2218 5623 Codex
2249 5563 2314 5623 Si
2349 5568 2494 5624 Petri
2518 5563 2663 5625 'cum
2694 5568 2814 5625 aliis
2845 5582 2978 5625 mss.
3022 5567 3284 5623 conventis
3314 5577 3369 5623 ut
3410 5569 3468 5625 in

1870 5636 2211 5693 Athanasium
2231 5640 2627 5697 subscriberent.

1987 5710 2022 5784 ἱ)
2063 5710 2414 5784 Desideratur
2451 5728 2574 5782 pars
2601 5726 2663 5768 ea
2683 5753 2698 5779 ,
2731 5713 2784 5767 in
2811 5728 2915 5784 qua
2945 5712 3149 5769 mentio
3178 5713 3295 5769 lucc
3325 5724 3464 5772 erat.

1876 5850 1889 5866 .
1946 5782 2199 5868 (lo-liditi,
2221 5784 2263 5867 si
2279 5801 2373 5867 pro
2386 5785 2505 5868 ﬁdei
2523 5782 2868 5868 professione:
2886 5785 3469 5868 castigantur_ex_mss..

1874 5855 1928 5911 in
1952 5855 2143 5927 quibus
2161 5855 2500 5930 scripsissent,
2519 5855 2739 5928 perinde
2752 5867 2837 5916 est
2851 5867 3012 5931 atque
3029 5855 3469 5929 sttbscripsis‘s‘ent.
