3996 6330
509 255 616 312 565

507 372 605 441 sit,
630 371 870 428 clamans
897 386 1002 427 non
1027 385 1186 443 posse
1215 369 1331 426 lieri
1356 411 1370 437 ,
1402 377 1463 423 ut
1491 366 1690 439 aliquid
1732 365 1856 422 inde
1882 381 2101 439 gerere-

514 477 624 521 tur.
672 464 782 522 Res
825 473 948 535 post
975 463 1269 521 clamorem
1314 462 1543 518 multum
1571 460 1799 518 deducta
1844 460 1901 515 in
1942 473 2109 515 cous-

516 556 772 615 cientiam
832 555 1004 628 plebis
1056 565 1139 612 est
1189 556 1422 627 :gravis
1473 554 1712 609 omnium
1760 552 1918 615 dolor
1958 563 2111 607 ortus

515 656 643 716 est,
697 647 1005 720 impugnata
1033 657 1116 703 est
1161 661 1192 703 a
1230 645 1603 703 sacerdotibus
1650 643 1804 701 lides.
1854 641 2113 702 Verentes

1716 254 1956 312 SANtLTI
1999 252 2255 310 "ILARII
2300 249 2605 308 EPISCOPI

3687 250 3778 307 ΞΜ

2211 366 2372 437 igitur
2411 365 2491 421 illi
2521 366 2704 436 populi
2729 364 2985 436 judicium
3014 404 3029 428 ,
3074 381 3106 420 e
3138 365 3422 420 Dominicu
3458 365 3523 421 ad
3550 367 3782 435 palatium

2220 466 2518 515 transeunt.
2553 456 2870 529 Cujusmodi
2897 458 3222 515 sententiam
3249 458 3302 513 in
3336 456 3619 517 Eusebium
3648 460 3788 531 longe

2217 560 2369 618 ante,
2396 567 2559 622 quam
2596 551 2885 611 ecclesiam
2917 550 2994 624 (a)
3022 550 3423 623 ingrederetur,
3450 552 3787 627 scripserint:

2220 643 2290 703 de
2329 659 2387 701 se
2418 645 2654 716 loquitur
2682 646 2797 717 ipsa
2823 646 3116 702 sententia.

582 787 664 861 (a)
692 788 821 846 Mss.
855 802 1068 845 summo
1095 799 1363 844 consensu
1389 827 1404 854 ,
1436 784 1843 857 ingrederentur.
1875 781 2079 840 Deinde
2100 782 2155 839 in
2179 782 2299 839 solo
2324 782 2447 838 Vat.
2493 783 2611 840 bas.
2656 783 2720 838 de
2756 801 2811 840 se
2834 783 3074 855 loquatur
3112 784 3255 856 ipsa,
3297 784 3501 841 omisso
3540 786 3790 839 sententia.

511 938 672 1015 ul
704 937 867 1014 ω
979 1047 1091 1120 ΙΝ
1150 1044 1724 1119 LIBELLUM
1763 1042 2634 1132 SUBSEQUENTEM
2664 1042 3323 1120 ADMONITIO.

523 903 951 921 *ιι-

586 1289 845 1355 Hilarius,
915 1286 1234 1359 Hieronymo
1276 1292 1421 1351 teste,
1494 1299 1610 1338 cum
1669 1278 2117 1354 Constantinopoli
2215 1278 2305 1336 Ita
2350 1281 2502 1336 etiam
2554 1281 2653 1339 hac
2701 1284 2861 1339 animi
2911 1286 2990 1340 sui
3038 1285 3417 1358 signiﬁcatione
3455 1287 3601 1359 apud
3647 1268 3798 1345 oinnes

512 1395 835 1450 versaretur,
902 1381 1129 1438 libellum
1197 1377 1497 1435 Constantio
1547 1378 1656 1450 ipse
1705 1374 1940 1430 tradidit.
1993 1372 2115 1429 Huc
2218 1373 2418 1447 paravit
2463 1372 2559 1430 sibi
2610 1374 2788 1447 ﬁdem,
2840 1386 2895 1432 ut
2942 1393 3060 1433 cum
3109 1378 3267 1449 paulo
3310 1390 3422 1450 post
3470 1380 3800 1452 asperioraia

528 1476 663 1532 enim
696 1472 935 1530 Seleucia
960 1472 1144 1546 synodi
1176 1472 1370 1545 legatos
1396 1474 1621 1536 secutus,
1653 1478 1708 1523 ut
1736 1485 1851 1523 cum
1884 1466 2123 1538 Sulpicio
2219 1464 2580 1523 Constantium
2626 1470 2931 1539 scripturus,
2982 1470 3129 1526 nulla
3174 1488 3227 1527 se
3273 1473 3627 1542 impatientia,
3670 1475 3807 1533 nullis

514 1570 705 1627 Severo
738 1568 1028 1640 loquamur,
1061 1567 1147 1620 ubi
1169 1575 1450 1621 extremum
1481 1561 1605 1634 ﬁdei
1636 1560 1921 1633 periculum
1952 1559 2115 1613 anim—
2219 1560 2459 1616 Immanis
2502 1560 2774 1628 affectibus
2820 1564 2889 1617 ad
2937 1565 2991 1618 id
3021 1564 3217 1636 impelli
3245 1566 3456 1640 diceret,
3505 1568 3800 1623 crederetur.

510 1663 749 1729 advertit,
794 1632 1112 1715 audientiam
1152 1659 1286 1730 regis
1316 1632 1566 1729 poposcit,
1615 1663 1671 1707 ut
1703 1652 1766 1706 de
1811 1650 1915 1722 ﬁde
1942 1665 2117 1705 coram
2146 1698 2195 1758 Β
2223 1648 2444 1708 Erasmo
2473 1654 2568 1709 etsi
2599 1655 2822 1710 minutus
2861 1656 3000 1710 visus
3041 1632 3117 1712 est
3146 1658 3228 1712 llic
3265 1632 3413 1714 liber.
3435 1676 3453 1713 :
3500 1660 3638 1714 nihil
3679 1661 3729 1714 in
3758 1677 3806 1715 eo

516 1754 820 1827 disputaret.
853 1753 1003 1825 Quod
1046 1754 1098 1806 in
1149 1753 1287 1805 hunc
1312 1747 1543 1804 libellum
1572 1745 1795 1801 maxime
1824 1743 2113 1812 convenire,
2154 1743 2195 1758 “’
2225 1757 2392 1801 tamen
2421 1763 2635 1819 prorsus
2664 1748 3065 1803 desiderandum
3090 1759 3183 1805 est.
3216 1749 3355 1805 Nam
3382 1768 3658 1823 operosum
3696 1752 3808 1806 illud

516 1851 597 1906 vel
639 1867 703 1906 ea:
747 1849 897 1905 titulo
939 1850 992 1902 in
1035 1847 1269 1901 omnibus
1310 1860 1434 1897 mss.
1478 1851 1761 1915 promotam
1795 1839 2120 1910 perspicuum
2224 1849 2273 1895 et
2318 1851 2576 1908 exactum,
2629 1842 2769 1911 quod
2823 1859 2937 1897 eum
2980 1844 3211 1917 polliceri
3256 1861 3345 1898 nec
3385 1856 3639 1916 prcrstare
3666 1856 3807 1910 notat,

514 1954 611 1999 est.
667 1943 885 1999 Oblatas
908 1951 981 1996 est
1009 1949 1180 1995 autem
1206 1938 1307 1993 sub
1334 1937 1431 1992 lite
1454 1936 1678 2003 famosa,
1712 1932 1837 1988 dum
1863 1932 1955 1987 alii
2000 1931 2119 1986 subv

514 2039 719 2092 stantia:
767 2050 949 2089 nomen
976 2029 1320 2096 retinendum,
1354 2028 1447 2083 alii
1486 2026 1823 2101 rejiciendum
1848 2040 1957 2081 esse
2000 2039 2123 2077 con-

519 2131 816 2195 tenderent;
838 2124 938 2183 sub
966 2124 1174 2199 synodo
1204 2121 1513 2188 dissidenti,
1546 2119 2122 2191 Constantinopolitana

515 2222 734 2289 scilicet,
788 2236 903 2293 qua:
951 2236 1052 2273 non
1078 2216 1248 2273 minus
1276 2215 1402 2286 ﬁde,
1449 2230 1604 2286 quam
1651 2213 1865 2283 privatis
1902 2211 2121 2286 jurgiis,

517 2314 686 2370 varias
734 2314 786 2368 in
836 2321 1006 2385 partes
1052 2307 1378 2365 scindebatur
1408 2321 1428 2361 :
1468 2305 1780 2379 proindeque
1824 2320 1961 2358 anno
2019 2301 2126 2360 560

518 2406 750 2474 ineunte,
782 2423 881 2476 quo
908 2407 1017 2460 licet:
1046 2403 1276 2478 synodus
1316 2402 1564 2457 celebrata
1593 2409 1685 2458 est.
1736 2399 1866 2469 Quae
1909 2415 2025 2454 cum
2052 2397 2127 2453 ita

519 2501 644 2567 sint,
686 2506 795 2554 tum
838 2518 870 2553 ιι
919 2496 1192 2555 Ferrando
1230 2496 1448 2550 diacono
1492 2494 1638 2566 epist.
1683 2493 1751 2547 ad
1778 2490 2048 2564 Pelagium
2078 2496 2128 2545 et

526 2594 737 2650 Analol.
787 2609 931 2648 num.
964 2592 1019 2659 2,
1054 2602 1157 2646 tum
1188 2593 1241 2645 in
1270 2590 1533 2645 veterrimo
1575 2586 1814 2643 Basilica:
1864 2584 2130 2642 Vaticana

522 2686 813 2759 etcentplari
835 2702 935 2741 non
961 2685 1076 2741 ideo
1116 2684 1413 2740 inscribitur
1460 2683 1596 2740 liber
1637 2682 1703 2737 ad
1753 2681 2128 2738 Contslantium

524 2780 819 2845 secundus,
871 2778 1013 2851 quod
1061 2795 1177 2833 cum
1221 2778 1485 2848 superiore
1532 2778 1810 2844 conterent,
1859 2779 1949 2830 sed
1994 2774 2131 2848 quod

2227 1948 2331 1987 non
2384 1933 2452 1986 ad
2494 1934 2626 1987 hunc
2676 1933 2903 1989 libellum
2951 1937 3191 2009 pertinet,
3238 1935 3327 1991 sed
3363 1938 3430 1991 ad
3460 1937 3725 2008 publicam
3761 1938 3811 1992 de

2227 2027 2331 2099 ﬁde
2377 2027 2797 2102 disputationem,
2850 2030 3001 2093 cuius
3049 2039 3274 2100 potestas
3318 2030 3412 2085 hoc
3441 2029 3622 2085 libello
3661 2042 3813 2101 postu-

2227 2118 2387 2176 latur.
3384 2110 3396 2119 ’

2298 2214 2579 2287 Synopsis.
2604 2212 2766 2270 —In
2805 2218 2921 2291 ejus
2967 2216 3183 2272 exordio
3224 2214 3461 2272 Hilarius
3504 2233 3557 2273 se
3606 2214 3814 2272 exsulem

2228 2313 2518 2383 confessus,
2568 2310 2692 2382 petit
2740 2318 2796 2363 ut
2840 2309 3183 2365 Saturninum
3230 2320 3526 2382 prementem
3573 2328 3732 2381 usque
3761 2309 3816 2364 ad

2230 2403 2603 2476 confessionem
2633 2400 2886 2474 falsorum
2910 2418 3023 2474 quat
3050 2404 3103 2458 in
3134 2421 3193 2458 ea
3216 2420 3372 2458 causa
3401 2403 3555 2475 gessit
3584 2402 3812 2458 adducat.

2233 2496 2369 2553 Tum
2420 2514 2536 2571 qua:
2583 2513 2680 2551 sua
2708 2506 2826 2552 sunt
2853 2498 3064 2564 oblitus,
3110 2497 3408 2568 imperatori
3450 2498 3573 2569 ﬁdei
3624 2514 3819 2569 cognos-

2229 2591 2406 2646 cenda:
2433 2590 2624 2662 cupido
2655 2591 2887 2662 exponit,
2919 2590 3008 2662 qui
3053 2606 3117 2646 ex
3143 2591 3396 2663 frequenti
3439 2591 3723 2648 mutatione
3746 2606 3819 2643 ac-

2231 2684 2414 2739 ciderit
2444 2682 2751 2753 evangelicte
2775 2683 2895 2754 ﬁdei
2926 2685 3188 2753 corruptio
3212 2699 3232 2738 :
3254 2682 3489 2754 adeoque
3510 2685 3579 2737 ad
3605 2682 3820 2757 baptismi

2232 2778 2389 2853 ﬁdem
2417 2777 2735 2833 redeundum
2765 2776 2965 2833 suadet.
2999 2775 3333 2851 Imperatoris
3383 2774 3566 2830 deinde
3614 2777 3819 2830 stadim

524 2881 753 2944 tempore
783 2872 1038 2942 posterior
1064 2870 1151 2926 sit.
1181 2871 1311 2927 Aliis
1340 2869 1425 2925 hic
1458 2869 1834 2941 suspiciendam
1883 2870 2133 2941 relinqui-

526 2983 641 3020 mus
706 2965 1058 3021 incredibilem
1115 2966 1429 3021 sanctissimi
1493 2966 1731 3039 prtcsulis
1788 2965 2129 3037 vigilantiam,

2235 2874 2433 2939 laudat,
2475 2873 2632 2945 ﬁdem
2675 2881 2874 2927 tantum
2905 2870 3188 2926 secundum
3234 2888 3294 2925 ea
3331 2886 3442 2943 qua:
3485 2875 3681 2941 scripta
3722 2876 3822 2922 sunt

2236 2968 2601 3024 desiderantis.
2650 2966 2945 3024 Commonet
2990 2976 3180 3031 tamen,
3227 2965 3432 3021 nullum
3471 2980 3580 3017 esse
3629 2965 3819 3019 lucreti-

523 3058 898 3128 [ortitudinem,
946 3059 1274 3129 prudentiam
1303 3076 1364 3113 ac
1392 3059 1568 3131 ﬁdem,
1615 3077 1717 3133 qua
1744 3078 1879 3117 unus
1905 3062 2134 3132 quamvis
2162 3085 2207 3149 ρ
2241 3080 2378 3129 cum,
2410 3065 2495 3135 qui
2528 3073 2816 3118 commenta
2859 3078 2951 3117 sua
2996 3076 3060 3116 ea:
3088 3058 3374 3130 Scripturis
3420 3073 3521 3113 non
3547 3056 3822 3128 conﬁrmet.

529 3148 697 3217 exsul,
754 3150 1008 3205 Itan-elicis
1029 3153 1355 3230 t'mpequoris
1404 3160 1647 3223 potestate
1676 3155 1909 3220 armatis,
1938 3154 1990 3207 in
2020 3153 2134 3225 ipsa
2184 3148 2191 3149 ί
2242 3156 2463 3213 Demum
2487 3156 2751 3230 pollicitus
2778 3155 2908 3210 nihil
2934 3170 2988 3211 se
3014 3170 3115 3208 non
3141 3167 3203 3208 ex
3232 3151 3537 3222 Scripturis,
3584 3149 3717 3203 nihil
3738 3164 3821 3200 non

524 3243 669 3314 τεθία
717 3243 918 3298 Cirim“
944 3261 1054 3300 διἐε
1097 3263 1200 3301 ³⁸οη
1234 3247 1402 3301 timui!
1456 3265 1728 3321 ορροηονϐν
1788 3247 1888 3303 imo
1924 3248 2005 3303 ευί
2035 3258 2135 3302 ιυν-
2238 3254 2307 3309 ad
2341 3252 2569 3308 Orientis
2600 3260 2648 3309 et
2682 3249 2973 3307 Occidentis
2996 3264 3194 3321 pacem,
3228 3245 3356 3301 nihil
3389 3261 3487 3298 non
3511 3260 3627 3297 cum
3654 3244 3825 3296 honore

522 3349 693 3388 rorcm
742 3338 967 3391 incutere
1014 3338 1192 3392 valuit.
1253 3336 1433 3410 Neque
1479 3341 1610 3394 enim
1662 3340 1804 3396 inani
1851 3351 2037 3395 conatu
2082 3357 2135 3395 se
2238 3347 2381 3424 τινρηὶ
2409 3364 2469 3402 ac
2495 3348 2651 3417 regia:
2671 3347 2793 3418 ﬁdei
2824 3346 3106 3412 dicturum,
3152 3341 3414 3415 quoddam
3455 3337 3707 3394 sermonis
3750 3341 3822 3408 fu-

528 3426 783 3481 Itwreticis
809 3431 1069 3499 apposuit,
1110 3432 1198 3500 qui
1238 3433 1352 3487 licet
1396 3450 1495 3486 non
1536 3433 1812 3487 obtinuerit
1855 3434 1991 3506 quod
2038 3434 2133 3487 ltoc
2236 3444 2342 3499 (uri
2374 3443 2557 3516 pignus
2584 3441 2868 3512 praemittit.

530 3516 704 3572 libello
752 3521 1010 3589 poscebat,
1061 3540 1146 3576 eos
1197 3534 1331 3578 certe
1378 3524 1693 3596 inﬁrmitatis
1740 3541 1849 3580 sua:
1888 3516 2126 3584 convicit.

528 3651 829 3671 N—
845 3658 1011 3671 --

527 3728 892 3811 553-5“

1385 3750 2103 3904 SANCTI
2215 3757 2997 3902 HILARII

1305 4012 2415 4122 CONSTANTIUM
2548 4011 3388 4122 AUGUSTUM

1816 4194 2059 4277 LIBER
2125 4212 2560 4293 SECUNDUS;

1486 4350 1632 4403 QUBI
1661 4351 1731 4394 ET
1766 4350 2261 4396 CONBTANTINOPOLI
2291 4352 2454 4395 EIDEI
2475 4352 2590 4396 IPSE
2616 4352 2889 4396 mntem

1911 4451 1932 4518 (
1956 4453 2182 4517 Scriptus
2203 4464 2331 4504 anno
2352 4452 2490 4517 360.)

608 4561 662 4619 i.
715 4560 958 4618 Hilarius
1002 4562 1057 4617 in
1106 4560 1241 4633 regis
1294 4562 1584 4634 prtesentia.
1612 4591 1684 4604 —
1720 4560 1836 4619 Non
1888 4577 2005 4621 sum
2054 4563 2525 4637 ne-Dreligiosa,
2572 4562 2853 4638 dijudicet.
2904 4564 2971 4622 Et
3016 4566 3139 4637 quia
3166 4567 3297 4623 mihi
3329 4582 3359 4623 a
3401 4567 3516 4626 Deo
3543 4566 3821 4641 praesentis:

529 4653 699 4719 scius,
733 4653 973 4724 piissime
999 4653 1315 4725 imperator,
1340 4670 1401 4710 ea
1420 4670 1541 4727 qua:
1566 4654 1721 4728 (a)de
1748 4657 2023 4714 nonnullis
2051 4673 2146 4715 ne-
2249 4665 2354 4712 tute
2395 4655 2770 4728 opportunitas
2799 4659 3036 4729 prmstita
3062 4670 3166 4728 est,
3200 4675 3301 4716 nec
3326 4676 3453 4732 erga
3486 4661 3599 4717 haec
3622 4659 3822 4731 quidm

533 4748 696 4819 gotiis
718 4748 782 4804 ad
802 4748 1151 4805 conscientiae
1173 4748 1401 4819 publica:
1427 4749 1755 4805 audientiam
1779 4751 2141 4822 proferantur,
2247 4752 2594 4808 conscientias
2619 4766 2756 4808 mete
2784 4755 3017 4808 cessavit
3043 4752 3284 4809 ofﬁcium
3312 4771 3325 4809 :
3356 4767 3410 4809 nt
3436 4756 3491 4811 in
3517 4771 3652 4819 eum,
3673 4768 3821 4823 quem

539 4854 639 4910 pro
667 4840 929 4911 dignitate
949 4855 1135 4896 eorttm
1157 4841 1245 4910 qui
1267 4840 1613 4913 eloquuntur,
1631 4842 1717 4899 vel
1738 4845 1921 4916 gravia
1962 4845 2147 4900 existi-
2248 4845 2389 4915 apud
2441 4855 2491 4901 Ie
2532 4843 2710 4902 habeo
2756 4845 2823 4901 de
2872 4846 3135 4918 religione
3182 4864 3513 4918 sermonem,
3557 4848 3823 4918 indignitas

537 4932 676 4987 mari
726 4932 936 5000 solere,
986 4933 1070 4989 vel
1100 4932 1241 4989 levia
1270 4952 1284 4988 :
1319 4933 1393 5007 (b)
1420 4935 1545 4990 dum
1579 4934 1901 4992 distantibus
1929 4935 2146 5007 Opinio-

968 3930 1178 4120 an

541 5021 726 5089 nibus,
752 5024 1058 5095 ambiguam
1081 5025 1403 5082 sententiam
1425 5027 1491 5083 ad
1518 5026 1752 5083 studium
1778 5028 2145 5100 intelligentia;

529 5130 818 5188 promovet
846 5118 1081 5174 hominis
1109 5130 1474 5192 contemptus,
1518 5133 1613 5178 aut
1646 5124 1841 5194 gratia.
1870 5123 1977 5180 Sed
2008 5107 2140 5180 mihi

538 5209 682 5281 apud
732 5219 784 5267 te
829 5208 898 5267 de
946 5210 1127 5268 divina
1177 5228 1245 5269 re
1287 5213 1371 5284 pia
1415 5214 1650 5281 dicturo,
1698 5215 1874 5272 nullus
1901 5214 2140 5288 vulgatae

538 5304 947 5362 consuetudinis
991 5316 1165 5363 metus
1209 5319 1294 5364 est
1341 5326 1355 5364 :
1402 5309 1547 5380 quia,
1598 5324 1721 5367 cum
1769 5310 1845 5367 sis
1872 5309 2050 5368 bonus
2078 5325 2142 5368 ac

545 5395 860 5466 religiosus,
914 5414 1014 5455 nec
1062 5398 1249 5455 vitium
1290 5399 1474 5470 indicii
1520 5401 1660 5471 apud
1687 5400 1982 5473 prudentes
2015 5403 2134 5457 reli-

549 5489 792 5562 gionum,
819 5492 948 5565 quid
975 5508 1005 5548 a
1048 5509 1155 5566 quo
1195 5491 1399 5563 audiat,
1428 5492 1524 5551 sed
1561 5506 1628 5551 an
1658 5510 1777 5565 qua:
1807 5492 1989 5550 audiat
2034 5492 2145 5550 sint

611 5648 690 5722 (a)
719 5648 899 5729 Codex
927 5652 1051 5729 Yat.
1081 5654 1337 5729 basilicas,
1364 5654 1430 5729 de
1472 5654 1726 5729 plerisque
1753 5653 1816 5712 de
1843 5653 2129 5713 nonnullis.

548 5717 791 5794 Forte,_a
813 5722 1064 5794 plerisque
1088 5725 1151 5782 de
1177 5717 1457 5784 nonnullis.

618 5789 692 5867 (b)
737 5788 995 5855 ln'mssf
1022 5795 1146 5859 dum
1184 5795 1264 5859 bis
1310 5799 1465 5863 tantis
1504 5797 1954 5882 Opinionibusmt
1997 5815 2126 5871 mox

2248 4936 2387 4994 forte
2414 4937 2590 5008 aliqua
2622 4949 2795 4995 tecum
2826 4939 3097 5011 loquentis
3125 4941 3384 5017 oli'eudat.

2316 5029 2371 5086 2.
2425 5029 2613 5087 Gallice
2638 5029 2887 5088 Ecclesiis
2933 5036 3297 5090 communicat.
3348 5034 3570 5092 Exsulat
3594 5035 3818 5108 latione.

2245 5116 2327 5176 De
2353 5139 2447 5177 sua
2473 5124 2768 5180 innocentia
2798 5140 3027 5180 securus.
3055 5156 3125 5168 -
3157 5126 3462 5199 Episcopus
3502 5143 3597 5200 ego
3632 5142 3739 5183 sum
3770 5126 3821 5180 in

2245 5216 2483 5272 omnium
2509 5216 2584 5291 (ε)
2635 5217 2963 5277 Gallicarum
3009 5222 3364 5279 ecclesiarum
3419 5236 3571 5297 atque
3627 5221 3823 5295 episco-

2251 5322 2451 5379 porum
2469 5312 2875 5377 communione,
2929 5314 3057 5370 licet
3088 5314 3143 5371 in
3173 5316 3393 5385 exsilio,
3422 5329 3743 5389 permanens.
3770 5321 3824 5369 et

2246 5399 2505 5457 Ecclesiae
2526 5402 2701 5459 adhuc
2727 5419 2823 5477 per
2864 5407 3212 5481 presbyteros
3235 5426 3389 5468 meos
3414 5410 3820 5468 communionem

2244 5492 2590 5552 distribuens.
2626 5496 2832 5555 Exsuio
2861 5508 3042 5557 autem
3073 5517 3180 5558 non
3211 5505 3461 5573 crimine,
3507 5501 3597 5561 sed
3637 5500 3821 5556 factio-

2235 5668 2530 5807 ἔιςέηὲῗιὲῖξᾶ
2553 5676 2661 5718 non
2689 5673 2992 5733 promovet:
3019 5681 3083 5725 ac
3112 5677 3298 5741 postea
3331 5670 3385 5728 in
3409 5669 3603 5735 duobus
3631 5664 3813 5745 βιαίαν

2298 5802 2382 5887 (ci
2401 5802 2525 5872 Mss.
2558 5804 2868 5875 Galliarum.
