3996 6330
214 283 317 343 565

1163 287 1254 344 AD
1293 287 1775 350 CONS'I’AN’I'IUM
1814 293 2196 358 AUGUSTUM
2235 300 2442 360 LIBER
2480 303 2544 362 ll.

3409 317 3515 374 566

217 418 313 471 ne;
342 412 395 460 et
422 403 568 460 falsis
600 404 800 460 nuntiis
853 405 1044 477 synodi
1065 404 1130 462 ad
1158 413 1209 462 te
1234 407 1613 479 imperatorem
1637 409 1806 484 pium,
1839 416 1888 477 Α
1918 415 2244 487 praedicant;
2278 420 2465 478 orbem
2497 430 2759 482 aeternum
2789 427 2993 486 erroris
3037 437 3091 486 et
3135 431 3414 492 redeuntis
3463 439 3514 493 in

217 514 322 555 non
389 500 461 556 ob
484 501 719 572 aliquam
769 502 1054 558 criminum
1105 517 1353 560 meorum
1400 505 1810 572 conscientiam,

217 607 320 663 per
348 592 542 665 impios
591 593 837 650 homines
860 594 934 667 (a)
979 595 1215 652 delatus.
1257 596 1366 652 Nec
1414 597 1587 654 levem
1637 599 1812 655 habeo

213 689 446 757 querelae
473 704 606 745 mea:
635 697 824 745 testem
854 689 1134 745 dominum
1167 706 1345 746 meum
1376 693 1681 764 religiosum
1697 691 1814 751 Ca:-

213 793 389 834 sarem
417 789 566 835 tuum
594 779 864 836 Julianum
897 801 909 835 :
942 783 1030 853 qui
1064 782 1184 853 plus
1216 785 1265 837 in
1308 785 1503 840 exsilio
1534 801 1655 841 meo
1680 801 1808 842 con:

213 874 446 929 tumelias
500 889 531 928 a
581 876 756 943 malis,
809 891 968 946 quam
1023 891 1124 946 ego
1177 877 1410 947 injuriae,
1464 879 1700 949 pertulit.
1753 879 1808 934 In

211 977 460 1038 promptu
487 968 631 1021 enim
656 980 780 1023 sunt
810 969 1025 1040 pieiatis
1053 979 1246 1024 vestra:
1278 971 1470 1026 littera:
1500 990 1513 1026 :
1545 971 1681 1025 falsa
1716 986 1812 1028 au-

214 1071 318 1116 tem
348 1076 534 1116 eorum
569 1063 772 1123 omnia,
809 1061 882 1134 (b)
911 1077 1030 1131 qua:
1062 1062 1113 1116 in
1161 1063 1411 1118 exsilium
1459 1079 1637 1118 meum
1686 1081 1811 1135 pro-

212 1165 555 1221 curaverunt,
607 1170 716 1210 non
763 1156 816 1210 in
862 1156 1094 1210 obscuro
1122 1167 1267 1211 sunt.
1301 1156 1419 1225 Ipse
1441 1172 1652 1228 quoque
1685 1159 1806 1231 (Sa-

211 1249 479 1314 turninus,
513 1249 616 1302 uid.
667 1248 759 1304 lib.
792 1249 855 1302 de
893 1249 1098 1320 Synod.
1143 1267 1194 1303 n.
1223 1249 1278 1319 2)
1303 1251 1385 1305 vel
1409 1251 1670 1317 minister,
1722 1252 1808 1325 vel

211 1352 394 1398 auctor
439 1353 715 1413 gestorum
758 1342 1023 1411 omnium,
1083 1345 1222 1398 intra
1279 1344 1417 1399 hanc
1465 1345 1652 1402 urbem
1701 1354 1802 1400 est.

213 1434 652 1492 Circumventum
729 1444 780 1490 te
836 1435 1176 1507 Augustum,
1235 1437 1562 1507 illusumqne
1629 1439 1808 1493 Cassa-

211 1546 323 1587 rem
374 1538 521 1585 tuum
581 1546 645 1586 ea
695 1531 980 1587 conlidens
1047 1532 1393 1587 consi-ientiae
1441 1549 1573 1588 mese
1617 1534 1806 1588 condi-

207 1626 350 1679 tione
382 1623 720 1694 patefaciam,
749 1633 806 1678 ut
836 1624 879 1678 si
914 1624 1188 1695 indignum
1240 1626 1438 1696 aliquid
1489 1642 1598 1680 non
1643 1626 1805 1682 modo

205 1717 440 1788 episcopi
473 1718 780 1784 sanctitate,
825 1717 920 1772 sed
961 1719 1124 1773 etiam
1167 1717 1287 1772 laici
1333 1718 1638 1790 integritate
1683 1735 1808 1790 ges-

1918 523 1978 564 se
2030 523 2245 581 semper
2291 515 2605 573 certaminis
2656 519 3124 579 circumtulerunt.
3193 523 3520 597 Oportuerat

1917 601 2085 670 enim,
2125 603 2371 660 humanm
2423 606 2750 668 infirmitatis
2795 614 3082 683 modestia,
3128 631 3292 675 omne
3335 623 3516 692 cogni-

1918 697 2078 753 tionis
2105 697 2301 754 divinte
2324 714 2722 760 sacramentum
2758 705 2862 762 illis
2913 717 3118 764 tantum
3170 713 3516 770 conscientia:

1915 805 2028 845 sum
2077 790 2273 847 ﬁnibus
2316 795 2584 851 contineri
2636 799 2832 868 quibus
2881 802 3132 870 credidit,
3181 821 3357 875 neque
3399 819 3515 878 post

1914 884 2219 941 confessam
2244 896 2295 942 et
2321 886 2554 957 juratain
2589 891 2641 946 in
2694 891 2960 963 baptismo
3011 895 3168 952 ﬁdem
3213 899 3268 953 in
3317 902 3520 955 nomine

1915 975 2094 1032 Patris
2126 989 2171 1032 et
2196 980 2294 1047 ﬁlii
2317 991 2364 1036 et
2395 980 2623 1054 Spiritus
2689 987 2875 1052 sancti,
2910 989 3208 1060 quidquam
3240 993 3384 1048 aliud
3427 996 3512 1050 vel

1913 1071 2209 1142 ambigere,
2242 1073 2325 1128 vel
2356 1073 2634 1131 innovare.
2671 1075 2777 1132 Sed
2830 1081 3186 1148 quorumdam
3235 1093 3326 1138 aut
3371 1102 3512 1156 prm-

1912 1166 2172 1234 suniptio,
2204 1175 2296 1220 aut
2324 1166 2397 1234 (ε)
2425 1167 2678 1237 facilitas,
2708 1180 2801 1226 aut
2827 1187 3002 1239 error,
3030 1166 3344 1246 apostOlicrc
3386 1180 3514 1235 doc-

1915 1257 2067 1341 trina:
2118 1257 2556 1316 indemutabilem
2604 1261 2766 1335 545
2811 1261 3502 1341 οοηεῑίΤιῙὶἷδῖιῖξίῖὶ”’ῥῇἱ·ιίιιι

1913 1337 2280 1405 fraudulenter
2305 1351 2556 1407 confessa
2586 1363 2691 1421 est,
2739 1356 2934 1424 partim
2966 1359 3223 1416 audacter
3250 1337 3468 1433 egressa
3498 1383 3511 1420 :

1911 1441 2038 1497 dum
2064 1443 2115 1496 in
2145 1442 2489 1502 confessione
2519 1447 2696 1503 Patris
2728 1457 2783 1504 et
2814 1451 2932 1505 Filii
2961 1461 3013 1507 et
3058 1452 3290 1524 Spiritus
3344 1459 3513 1512 sancti

1910 1537 2195 1592 veritatem
2238 1541 2498 1596 naturalis
2542 1541 2949 1611 signiﬁcationis
2992 1545 3179 1612 eludit,
3228 1548 3295 1622 (Ῑ)
3353 1565 3420 1605 ne
3461 1551 3510 1605 id

1909 1637 2156 1684 maneret
2186 1630 2238 1684 in
2264 1646 2450 1698 sensu,
2480 1633 2620 1703 quod
2647 1634 2697 1687 in
2724 1635 3150 1706 regenerationis
3174 1636 3515 1696 sacramento

1908 1732 1991 1779 est
2036 1724 2428 1780 conﬁtendum.
2479 1726 2561 1782 Ob
2605 1726 2708 1783 hoc
2757 1744 2921 1799 penes
2968 1732 3324 1801 quorumdam
3380 1749 3512 1789 con-

181 1811 341 1867 .sisse
366 1811 584 1878 doceat,
619 1828 723 1867 non
750 1811 865 1882 jam
896 1812 1261 1868 sacerdotium
1297 1829 1391 1884 per
1441 1815 1652 1869 veniam
1703 1830 1797 1870 ex-
1827 1821 1877 1882 B
1904 1817 2182 1874 scientiam
2237 1834 2338 1874 nec
2384 1819 2544 1875 Pater
2589 1830 2766 1890 pater,
2815 1837 2915 1877 nec
2962 1823 3128 1880 Filius
3174 1825 3337 1896 ﬁlius,
3409 1844 3508 1883 nec

202 1914 486 1975 spectem,
554 1904 648 1963 sed
707 1907 850 1961 intra
901 1907 1273 1978 paenitentiam
1331 1909 1450 1964 laici
1507 1924 1800 1965 consenes-

202 2015 342 2056 cam.

269 2091 325 2148 5.
355 2092 542 2146 Audiri
587 2101 731 2164 rogat
757 2093 926 2148 exsilii
970 2093 1053 2149 sui
1078 2102 1286 2149 auctore
1313 2105 1579 2166 praesente.
1605 2095 1794 2152 Libelli

199 2186 356 2256 lutjus
407 2199 597 2239 causa.
646 2213 717 2224 —
759 2184 890 2240 Haec
940 2194 1118 2240 autem
1171 2200 1345 2250 nunc,
1392 2186 1802 2258 dignantissime

200 2277 517 2346 imperator,
551 2277 776 2332 arbitrio
809 2286 901 2332 tuo
929 2277 1273 2348 derelinquo,
1307 2289 1576 2348 quatenus
1599 2291 1651 2336 et
1674 2295 1800 2351 quo.

197 2367 361 2440 modo
390 2383 478 2423 me
501 2369 664 2437 jubes
695 2368 861 2440 loqui,
910 2378 964 2424 et
992 2384 1054 2425 ea
1095 2385 1215 2439 qua:
1252 2371 1485 2426 maxime
1533 2380 1713 2428 tecum
1742 2373 1798 2430 in

197 2471 442 2532 tempore
465 2460 571 2516 hoc
597 2461 802 2532 agenda
832 2471 956 2516 sunt
1003 2476 1320 2532 prosequor.
1375 2463 1536 2519 Dabis
1582 2466 1796 2536 quidem

195 2554 248 2610 id
282 2556 336 2609 in
367 2569 608 2626 prtesetts
641 2556 1010 2611 instructionis
1034 2556 1100 2610 ad
1124 2571 1367 2624 causam,
1391 2569 1449 2613 ut
1475 2568 1798 2628 praesentem

195 2663 342 2713 eum,
365 2647 520 2719 cujus
546 2648 845 2704 ministerio
875 2651 1081 2718 essulo,
1119 2665 1288 2720 usque
1310 2651 1373 2704 ad
1401 2652 1798 2709 confessionem

196 2740 457 2796 falsorum
490 2757 607 2812 quze
638 2745 808 2812 gessit
828 2742 1114 2796 adducam.
1151 2742 1254 2798 Sed
1287 2743 1417 2797 nihil
1444 2743 1511 2799 de
1555 2761 1641 2813 eo,
1694 2745 1796 2801 nisi

195 2849 317 2888 cum
363 2832 617 2902 jusseris,
667 2821 881 2902 loquar.
934 2833 1084 2888 Nunc
1131 2841 1311 2888 autem
1346 2833 1444 2906 (c),
1492 2836 1616 2906 quia
1665 2836 1797 2891 mihi

194 2936 374 2983 metus
395 2937 478 2983 est
505 2928 573 2982 de
601 2927 784 2982 mundi
815 2926 1080 2998 periculo,
1109 2928 1178 2984 de
1225 2928 1426 2985 silentii
1473 2931 1576 2985 mei
1620 2941 1794 3000 reatu,

193 3021 492 3090 dejudicio
519 3019 636 3088 Dei,
660 3036 789 3076 cura
820 3033 999 3077 autem
1047 3033 1132 3078 est
1174 3022 1240 3076 de
1283 3038 1401 3094 Spe,
1447 3023 1516 3080 de
1553 3025 1683 3091 vita,
1728 3024 1797 3080 de

193 3114 606 3169 immortalitate
636 3130 743 3170 non
786 3124 892 3170 tam
944 3131 1084 3183 mea,
1135 3132 1294 3186 quam
1346 3126 1458 3182 tua,
1513 3117 1796 3173 universo-

1904 1911 2136 1981 Spiritus
2165 1920 2384 1966 sanctus
2427 1911 2649 1982 spiritus
2699 1924 2918 1970 sanctus
2947 1924 3050 1972 est.
3080 1916 3191 1973 Sub
3219 1917 3374 1989 cujus
3414 1937 3506 1975 ne-

1902 2002 2173 2057 cessitatis
2203 2001 2280 2075 (g)
2329 2013 2600 2074 tamquam
2648 2003 2992 2075 improbabili
3040 2007 3349 2078 occasione,
3377 2011 3511 2065 scri-
3563 2047 3568 2054 ο

1904 2094 2094 2150 bendte
2142 2103 2304 2167 atque
2343 2096 2668 2152 innovandse
2696 2097 2818 2152 ﬁdei
2843 2099 3038 2154 exinde
3085 2116 3215 2156 usus
3263 2101 3504 2158 inolevit.

1904 2185 2005 2255 Qui
2057 2197 2179 2258 post
2225 2203 2384 2259 quam
2429 2203 2567 2244 nova
2609 2189 2786 2260 potius
2831 2191 2996 2262 coepit
3038 2192 3292 2260 condere,
3345 2210 3503 2264 quam

1903 2291 2123 2352 accepta
2148 2281 2416 2349 retinere;
2447 2297 2545 2337 nec
2572 2291 2812 2338 veterata
2842 2283 3102 2352 defendit,
3125 2300 3224 2341 nec
3247 2287 3499 2342 innovata

1904 2375 2139 2430 ﬁrmavit
2169 2393 2183 2429 :
2213 2385 2269 2430 et
2293 2374 2432 2430 facta
2481 2385 2564 2432 est
2605 2375 2739 2432 ﬁdes
2781 2385 3086 2448 temporum
3132 2380 3310 2451 potius
3341 2397 3500 2452 quam

1907 2469 2348 2540 Evangeliorum,
2377 2470 2502 2526 dum
2533 2478 2591 2526 et
2615 2470 2909 2526 secundum
2940 2487 3112 2528 annos
3152 2472 3500 2542 describitur,

1907 2571 1964 2619 et
2011 2563 2305 2618 secundum
2355 2561 2751 2619 confessionem
2795 2564 3046 2635 baptismi
3107 2581 3212 2620 non
3261 2574 3498 2622 tenetur.

1905 2638 2463 2712 Periculi—istini’noms
2485 2655 2778 2711 admodum
2806 2667 2967 2726 atque
2996 2657 3158 2711 etiam
3191 2658 3504 2715 miserabile

1902 2757 2006 2816 est,
2051 2756 2131 2803 tot
2179 2763 2320 2803 nunc
2367 2748 2502 2803 ﬁdes
2547 2748 2829 2813 exsistere,
2884 2757 3018 2820 quot
3060 2751 3396 2817 voluntates;
3449 2760 3506 2807 et

1904 2851 1983 2897 tot
2036 2841 2190 2898 nobis
2237 2840 2512 2896 doctrinas
2543 2856 2687 2908 esse,
2719 2850 2850 2912 quot
2879 2855 3087 2909 mores;
3119 2851 3175 2898 et
3207 2852 3283 2897 t0t
3313 2857 3503 2898 causas

1903 2932 2360 3004 blasphemiarum
2390 2933 2674 3004 pullulare,
2705 2944 2834 3004 quot
2863 2934 2986 2988 vitia
3036 2943 3163 2990 sunt
3192 2951 3206 2989 :
3240 2934 3368 2990 dum
3411 2944 3504 2991 aut

1901 3029 1968 3084 ita
1999 3029 2134 3082 ﬁdes
2163 3028 2472 3082 scribuntur
2502 3034 2558 3082 ut
2587 3026 2861 3090 volumus,
2893 3037 2986 3081 aut
3014 3028 3086 3082 ita
3132 3036 3189 3082 ut
3215 3027 3292 3099 (li)
3339 3029 3497 3083 nolu-

1900 3135 2020 3176 mus
2052 3120 2442 3190 intellignntur.
2477 3117 2545 3174 Et
2588 3133 2732 3185 cum,
2781 3119 3077 3174 secundum
3118 3135 3281 3174 unum
3326 3118 3498 3175 Deum

191 3223 440 3278 rumque.
466 3208 594 3274 Quae
620 3210 740 3277 quia
771 3209 906 3263 milii
933 3225 1056 3264 cum
1090 3210 1332 3281 plurimis
1355 3212 1656 3268 communis
1687 3223 1790 3279 est,
1821 3212 1866 3276 C
1901 3225 1954 3268 et
1984 3229 2144 3267 unum
2176 3211 2461 3266 Dominum
2487 3210 2548 3283 (i)
2581 3221 2632 3266 et
2664 3227 2828 3265 unum
2853 3211 3140 3282 baptisma,
3169 3214 3328 3266 etiam
3361 3212 3500 3269 ﬁdes

191 3302 308 3357 hare
333 3319 362 3356 a
391 3319 474 3357 me
498 3303 803 3358 communis
833 3306 947 3375 spei
979 3307 1314 3375 eitSpectatio
1340 3319 1441 3361 est.

257 3393 315 3449 4.
346 3395 679 3449 Constantius
715 3405 856 3466 optat
905 3397 1063 3467 ﬁdem
1113 3399 1295 3464 audire
1338 3399 1401 3453 ab
1448 3400 1697 3472 episcopis
1746 3407 1791 3454 et

189 3505 292 3543 non
321 3489 490 3543 audit.
538 3488 695 3544 Fides
739 3490 791 3543 in
831 3489 1084 3560 baptismo
1119 3495 1322 3565 juruta.
1370 3489 1529 3547 Fides
1579 3493 1792 3548 subinde

187 3599 318 3638 nova
349 3593 398 3637 et
418 3583 540 3636 ideo
573 3583 812 3639 nulla.—
835 3583 1183 3656 Recognosce
1225 3585 1407 3651 ﬁdem,
1442 3601 1601 3656 quam
1635 3585 1785 3652 olim,

185 3682 390 3753 Optime
417 3699 479 3737 ac
510 3683 914 3752 religiosissime
949 3684 1264 3753 imperator,
1288 3684 1356 3738 ab
1399 3682 1667 3754 episc0pis
1693 3697 1790 3753 op-

185 3787 269 3833 tas
317 3778 530 3845 audire,
584 3787 640 3834 et
687 3794 794 3834 non
844 3778 1019 3834 audis.
1073 3779 1211 3834 Dum
1241 3779 1387 3836 enim
1416 3795 1448 3834 a
1491 3781 1686 3851 quibus
1723 3795 1784 3835 ea

180 3869 500 3942 requiritur,
549 3886 644 3927 sua
694 3872 957 3940 scribunt,
985 3871 1066 3944 (ά)
1116 3883 1170 3928 et
1200 3887 1305 3928 non
1353 3889 1474 3944 quae
1517 3872 1614 3930 Dei
1661 3882 1786 3929 sunt

255 4057 338 4128 (α)
371 4056 492 4111 Vat.
527 4058 645 4112 bas.
679 4073 781 4111 ms.
832 4057 1032 4112 delatis.
1078 4057 1154 4113 Ex
1184 4056 1441 4112 subnexis
1481 4055 1782 4122 conﬁcitur,

176 4129 455 4186 lulianum
486 4138 577 4182 aut
609 4129 830 4182 Bilerris
860 4129 1187 4191 interfuisse,
1213 4139 1307 4183 aut
1333 4145 1440 4182 non
1474 4130 1659 4198 procul
1692 4130 1785 4184 ab-

175 4204 374 4267 fuiSSe,
425 4217 546 4255 cum
596 4200 829 4255 Hilarius
879 4202 1002 4255 inde
1053 4203 1103 4256 in
1151 4202 1397 4255 exsilium
1450 4201 1648 4256 missus
1678 4211 1782 4255 est.

180 4273 384 4335 Porro,
440 4283 496 4326 ut
539 4288 603 4326 ex
646 4271 956 4336 Ammiano,
982 4273 1075 4327 lib.
1113 4288 1220 4338 im,
1253 4283 1482 4330 constat.
1517 4272 1782 4339 Julianus,

173 4359 327 4399 anno
359 4346 466 4400 555
505 4352 736 4398 exeunte
773 4342 956 4397 Ca-sar
999 4354 1232 4404 creatus,
1293 4344 1472 4398 statim
1507 4345 1558 4397 in
1586 4343 1786 4400 Gallias

176 4416 450 4472 Viennam
498 4416 744 4480 secessit,
794 4416 973 4484 ibique
1025 4417 1244 4480 mansit,
1290 4416 1462 4470 donec
1513 4415 1634 4469 inde
1685 4415 1783 4470 iiii-

170 4497 366 4559 graret
386 4487 860 4559 Augustodunum,
891 4504 996 4557 quo
1023 4487 1163 4542 Junii
1203 4487 1272 4542 ⁸24
1305 4487 1391 4540 die
1423 4486 1681 4553 pervenit.

280 4559 337 4626 b)
380 4557 450 4614 Ita
484 4568 594 4614 tres
619 4574 749 4613 mss.
799 4560 902 4614 Alii
951 4575 1075 4614 vere
1100 4575 1222 4614 cum
1255 4559 1503 4629 vulgatis,
1541 4559 1650 4628 qui.
1686 4557 1784 4614 llic

178 4631 395 4686 indicat
424 4631 656 4686 Hilarius
682 4645 764 4694 5e,
797 4632 1042 4698 quamvis
1070 4632 1120 4684 in
1159 4631 1340 4685 odium
1375 4631 1518 4692 tidci,
1549 4632 1649 4684 sub
1678 4631 1784 4685 alio

173 4715 368 4757 tamen
416 4702 641 4756 obtentu
685 4703 877 4758 exsilio
919 4717 1039 4757 esse
1070 4703 1350 4756 multatum
1379 4720 1390 4753 :
1421 4703 1570 4771 quasi
1620 4703 1782 4755 nimi-

171 4791 304 4830 rum
353 4774 590 4832 fecisset.
643 4774 785 4844 quod
836 4778 947 4843 ipse
979 4773 1174 4846 fatetur
1203 4774 1470 4842 indignum
1501 4773 1783 4846 nonWmodo
1812 4786 1863 4846 D

171 4847 411 4916 episcopi
437 4847 728 4911 sanctitate,
769 4847 857 4900 sed
897 4846 1046 4899 etiam
1077 4845 1196 4899 laici
1247 4847 1555 4916 integritate.
1605 4845 1786 4900 Facile

171 4929 365 4973 autem
401 4920 641 4972 veritatis
671 4919 900 4971 inimicis
933 4916 1051 4982 fuit,
1081 4933 1202 4971 eum
1237 4920 1376 4984 apud
1399 4918 1783 4985 imperatorem

169 4991 352 5045 animi
383 4990 605 5058 inquieti
637 4999 693 5044 et
717 4989 782 5042 ad
813 4988 1134 5044 seditionem
1164 4991 1334 5058 parati
1383 5004 1662 5055 accusare,
1691 5005 1786 5043 cu-

164 5062 268 5133 jus
319 5063 397 5117 rei
439 5061 550 5129 jam
598 5061 664 5115 ab
714 5076 857 5114 anno
888 5059 993 5116 555
1049 5063 1285 5133 suspicio
1315 5061 1508 5131 injecta
1545 5071 1683 5126 erat,
1731 5071 1786 5116 ut

170 5132 421 5189 uidimus
453 5133 593 5188 libro
616 5132 921 5201 superiore,
957 5149 1008 5185 n.
1043 5132 1098 5187 5.

253 5206 333 5275 (c)
385 5205 607 5274 Supple.
657 5205 856 5275 loquor.
909 5203 1042 5258 Tum
1091 5205 1142 5258 in
1189 5203 1424 5268 excusis,
1477 5204 1594 5274 quia
1625 5211 1786 5256 metus

170 5287 281 5339 est,
309 5278 515 5330 omisso
543 5277 668 5330 mihi
699 5291 716 5330 :
746 5285 801 5329 et
832 5290 976 5341 mox,
1004 5292 1102 5346 pro
1129 5293 1253 5330 cura
1283 5287 1453 5329 autem
1482 5287 1551 5330 est
1593 5276 1655 5328 de
1679 5292 1785 5345 spe,

173 5365 355 5421 prave
390 5348 668 5421 legebatur
695 5365 784 5402 cur
816 5359 986 5402 autem
1015 5357 1086 5402 est
1115 5347 1512 5421 desperandum.

261 5420 343 5490 (ά)
393 5419 447 5472 lu
475 5419 725 5474 omnibus
757 5436 911 5480 ηυδε..
955 5428 999 5472 et
1027 5435 1127 5473 non
1151 5419 1250 5474 Dei
1273 5420 1573 5490 pradicant.

254 5489 332 5565 (e)
370 5492 652 5561 Exemplar
679 5490 800 5547 Vat.
850 5492 991 5560 bas.,
1039 5501 1129 5546 aut
1176 5495 1415 5564 facultas.
1470 5489 1653 5554 Forte,
1706 5498 1794 5543 aut

172 5565 425 5637 felicitas.

258 5636 329 5709 (ί)
378 5634 493 5689 Vat.
525 5633 642 5689 bas.
675 5649 778 5689 ins.
819 5652 978 5706 neque
1017 5645 1071 5689 ut
1110 5645 1356 5691 maneret.
1391 5633 1533 5701 Alii,
1587 5650 1648 5687 ne
1676 5633 1799 5704 quid

178 5718 435 5763 maneret.

299 5778 354 5849 θ)
397 5779 571 5834 Voces
593 5820 609 5846 ,
657 5779 974 5833 necessitatis
1005 5788 1296 5850 tamquam,
1331 5781 1382 5832 in
1415 5793 1506 5833 sex
1540 5792 1668 5831 mss.
1700 5776 1797 5832 de-

200 5849 542 5911 siderantur.
579 5850 886 5926 Legendum
919 5849 1160 5918 videtur,
1191 5852 1283 5908 sub
1307 5855 1457 5930 cujus
1487 5849 1801 5906 necessitatis

1895 3322 2000 3362 una
2043 3308 2144 3372 sit.
2175 3303 2242 3379 (1)
2291 3304 2603 3360 excedimus
2650 3303 2718 3358 ab
2761 3317 2823 3358 ea
2868 3302 2974 3360 ﬁde
3003 3319 3124 3375 quae
3149 3304 3261 3358 sola
3290 3314 3373 3360 cst
3401 3321 3415 3359 :
3445 3312 3500 3361 et

1895 3405 2022 3460 dum
2056 3403 2236 3472 plures
2263 3402 2415 3469 ﬁunt,
2447 3401 2514 3455 ad
2546 3399 2597 3455 id
2624 3408 2906 3467 coeperunt
2932 3415 3075 3466 esse,
3114 3415 3181 3456 ne
3208 3400 3317 3454 ulla
3346 3401 3435 3456 sit.

1964 3497 2020 3552 5.
2066 3494 2215 3551 Unde
2241 3502 2312 3550 tot
2337 3492 2465 3564 fides
2495 3493 2805 3548 scribantur.
2857 3491 3018 3548 Fides
3045 3503 3224 3564 quater
3266 3500 3484 3548 mutata.

1899 3621 1971 3633 —-—
1997 3588 2211 3644 Conscii
2243 3589 2388 3644 enim
2421 3587 2576 3643 nobis
2614 3587 2845 3644 invicem
2885 3601 3073 3643 sumus
3093 3629 3109 3655 ,
3141 3596 3263 3657 post
3291 3587 3497 3643 Niczeni

1898 3696 2198 3742 conventus
2223 3683 2488 3756 synodum
2508 3723 2524 3750 ,
2557 3681 2692 3738 nihil
2723 3680 2869 3737 aliud
2898 3696 3058 3753 quam
3101 3681 3263 3737 ﬁdem
3306 3681 3493 3736 scribi.

1897 3780 2034 3835 Dum
2061 3780 2115 3834 in
2144 3778 2320 3834 verbis
2352 3792 2527 3849 pugna
2559 3788 2641 3833 est
2667 3817 2682 3845 ,
2709 3775 2836 3831 dum
2867 3776 2936 3831 de
2961 3775 3288 3830 novitatibus
3319 3789 3499 3846 quaes-

1895 3875 1970 3929 tio
1999 3882 2102 3939 est,
2130 3871 2260 3927 dum
2290 3869 2643 3942 deambiguis
2668 3870 2884 3926 occasio
2909 3867 2984 3940 (Ιε)
3021 3874 3124 3934 est,
3155 3865 3285 3922 dum
3334 3866 3398 3939 (ι)
3428 3865 3500 3922 de

1893 4065 2149 4127 tamquam
2181 4072 2282 4110 non
2311 4053 2660 4126 improbabili,
2691 4053 2775 4110 vel
2807 4068 2927 4110 cum
2960 4068 3064 4110 ms.
3093 4053 3332 4126 Remig.,
3359 4065 3493 4109 tam-

1891 4146 2042 4200 quam
2071 4128 2341 4200 probabili.

1963 4201 2041 4272 (h)
2071 4196 2157 4254 'lta
2190 4214 2321 4254 mss.
2365 4199 2442 4272 At
2463 4197 2593 4272 editi
2617 4239 2633 4264 ,
2662 4206 2718 4251 ut
2747 4197 3002 4272 volumus.
3034 4196 3124 4254 Sic
3163 4196 3494 4270 Hieronymo

1891 4268 2032 4327 teste
2060 4272 2186 4326 dial.
2212 4280 2399 4326 contra
2426 4268 2597 4324 Lucii.
2631 4279 2754 4338 post
2782 4269 3184 4324 Ariminensem
3218 4268 3490 4342 synodum

1890 4345 2136 4416 ingemuit
2169 4355 2302 4396 totus
2328 4342 2504 4407 Orbis,
2537 4350 2584 4395 et
2611 4344 2859 4416 Arianum
2888 4357 2941 4394 se
2975 4357 3083 4395 esse
3105 4342 3343 4416 ntiratus
3371 4353 3443 4395 est
3471 4359 3491 4396 .'

1891 4413 2019 4470 dum
2055 4416 2309 4470 nimirum
2339 4422 2488 4470 recte
2516 4414 2779 4480 sentiens,
2808 4427 2875 4467 eo
2894 4427 3002 4482 quo
3028 4413 3201 4468 noluit
3224 4414 3384 4469 modo
3413 4415 3496 4469 in-

1893 4487 2136 4542 tellectus
2167 4498 2268 4540 est.

1964 4558 2027 4632 (i)
2067 4559 2124 4613 In
2169 4560 2405 4629 quinque
2435 4572 2568 4612 mss.
2603 4555 2974 4632 hieadjicitur
3009 4563 3244 4632 etgunarn
3281 4557 3439 4632 [idem
3472 4573 3492 4612 :

1889 4629 2030 4702 quod
2066 4646 2525 4701 supervacaneum
2557 4637 2658 4685 est.
2698 4629 2808 4682 lloc
2846 4630 2990 4702 c_nim
3027 4629 3128 4682 sibi
3159 4629 3274 4702 vul_t
3307 4648 3319 4684 :
3353 4629 3492 4682 sicut

1889 4699 1958 4756 ab
1988 4699 2252 4773 Apns’tolo
2281 4703 2479 4770 Eplies.
2522 4718 2595 4766 tv,
2621 4702 2674 4766 5,
2701 4715 2838 4754 unus
2868 4699 3034 4773 Deus,
3060 4715 3198 4754 unus
3229 4699 3490 4773 Dominus

1889 4786 1942 4829 et
1969 4770 2131 4828 unum
2180 4775 2440 4843 baptisma
2469 4817 2484 4840 ,
2517 4774 2583 4827 ita
2614 4774 2773 4827 etiam
2821 4787 2928 4843 una
2959 4770 3092 4825 ﬁdes
3143 4772 3487 4842 praedicatur.

1893 4848 1972 4900 Ex
2003 4847 2194 4902 eodem
2229 4842 2471 4915 Apostoli
2522 4845 2640 4899 loco
2673 4842 2910 4898 Hilarius
2962 4843 3118 4896 initio
3170 4843 3290 4915 libri
3323 4844 3385 4898 Η
3417 4843 3486 4899 de

1891 4917 2082 4973 Ti-init.
2109 4928 2164 4972 et
2193 4919 2244 4972 in
2272 4913 2555 4973 Constant.
2582 4933 2634 4970 η.
2660 4915 2763 4982 24,
2800 4916 2998 4982 instat,
3029 4915 3172 4985 apud
3201 4913 3488 4970 haereticos

1896 4990 2050 5046 ﬁdem
2083 5006 2185 5044 non
2215 5005 2358 5044 esse.

1966 5061 2042 5135 (j)
2081 5061 2227 5132 Lips.
2262 5061 2493 5135 et_Par.,
2526 5060 2833 5135 excidimus.
2861 5057 3191 5135 Concinnius
3212 5057 3302 5114 alii
3330 5057 3483 5123 libri,

1891 5131 2204 5194 excedimus,
2241 5133 2357 5186 scil.
2389 5133 2458 5187 ab
2485 5147 2587 5186 una
2619 5131 2723 5186 fide
2752 5131 2819 5185 ad
2853 5132 3053 5200 plures.

1965 5204 2037 5276 (lt)
2080 5204 2280 5274 Supple
2299 5245 2314 5271 ,
2343 5203 2650 5274 disputandi
2673 5246 2687 5272 ,
2714 5202 3117 5258 contradicendi
3157 5209 3215 5258 et
3253 5200 3391 5258 male
3417 5201 3487 5258 de

1892 5293 1952 5331 se
1984 5278 2214 5330 invicem
2239 5275 2570 5346 suspicandi.

1967 5347 2030 5418 (Ι)
2074 5343 2380 5403 Ferrandiis
2426 5349 2566 5402 diae.
2614 5347 2699 5402 his
2727 5347 2908 5402 verbis
2959 5350 3014 5400 in
3041 5360 3194 5401 suam
3223 5346 3290 5401 ad
3329 5343 3486 5418 Pela-

1898 5416 2042 5489 gium
2073 5430 2126 5475 et
2149 5420 2454 5474 Anatolium
2481 5421 2765 5485 epistolam
2799 5419 3073 5472 translatis
3096 5459 3110 5481 ,
3142 5416 3488 5489 postmodum

1902 5488 2083 5546 monet
2115 5508 2176 5546 ea
2209 5507 2314 5546 non
2341 5507 2437 5546 sua
2468 5508 2590 5546 esse
2614 5532 2628 5555 ,
2672 5491 2759 5545 sed
2805 5490 2934 5543 beati
2962 5489 3156 5544 Hilari
3185 5490 3238 5542 in
3267 5488 3491 5544 secundo

1903 5563 2031 5618 libro
2059 5580 2204 5624 quem
2252 5566 2318 5616 ad
2350 5563 2700 5619 Constantium
2745 5563 2938 5615 scribit.
2991 5562 3046 5615 In
3091 5576 3194 5629 qua
3226 5559 3492 5615 Ferraudi

1902 5637 2132 5703 epistola
2156 5635 2348 5691 Petrus
2379 5635 2468 5690 Fr.
2493 5635 2813 5698 Cltillletius,
2850 5647 2948 5702 pro
2967 5633 3089 5686 dum
3113 5633 3176 5686 de
3197 5632 3494 5688 auctoribus

1904 5709 2110 5776 querela
2132 5718 2205 5761 est
2231 5751 2244 5772 ,
2273 5725 2337 5762 ex
2369 5723 2497 5762 mss.
2524 5705 2738 5760 Jurensi
2765 5715 2924 5774 atque
2948 5704 3277 5760 Arvernensi
3300 5705 3492 5772 edidit,

1907 5779 2028 5832 dum
2083 5779 2145 5832 de
2197 5777 2407 5833 auribus
2455 5778 2660 5847 querela
2705 5779 3222 5847 est:existimatque
3251 5787 3495 5846 apertam

1910 5796 2028 5832 aum
2083 5796 2145 5832 ae
2197 5796 2407 5833 auribus
2489 5796 2660 5832 uereta
2705 5796 3222 5847 esuexisumaiquc
3251 5796 3495 5846 aperiam

1910 5849 2010 5905 hac
2051 5850 2283 5908 lectione
2319 5796 2652 5907 ﬁerillilarii
2694 5858 2964 5916 tuentem,
3002 5849 3150 5922 quasi
3172 5849 3342 5913 dicat,
3372 5847 3497 5904 dum
