3996 6330
555 309 661 366 567

1761 305 2004 362 SANCTI
2048 304 2301 362 lllLAlill
2346 306 2648 365 l‘Il‘lSCOPl

3747 310 3832 369 £68

553 425 864 483 auctoribus
917 424 1134 497 querela
1171 432 1282 488 est,
1339 421 1468 478 dum
1510 421 1577 478 de
1631 421 1829 477 studiis
1878 430 2150 478 certamen
2182 419 2458 485 AChristi
2512 422 2633 479 ﬁde.
2691 423 3053 479 Emendamus
3084 465 3099 491 ,
3153 424 3305 495 quasi
3355 424 3430 497 (ε)
3495 425 3549 479 in
3604 424 3834 495 Spiritum

554 531 638 576 est
659 563 672 586 ,
704 520 831 576 dum
859 520 936 593 (a)
967 519 1023 575 in
1065 533 1337 575 consensu
1364 516 1654 573 difﬁcultas
1683 525 1802 584 est,
1850 516 1977 572 dum
2018 516 2156 572 alter

555 615 722 689 546
741 616 895 671 alteri
924 613 1210 670 anathema
1244 629 1364 669 esse
1386 612 1554 682 erepit
1586 630 1599 665 :
1628 627 1796 683 prope
1836 611 1946 684 jam
1996 627 2155 667 nemo

553 709 751 764 Christi
793 718 894 765 est.
949 709 1157 763 Incerto
1198 707 1341 762 enim
1386 706 1757 763 doctrinarum
1802 714 1962 760 vento
1990 721 2155 776 vaga-

561 819 681 858 tnur
711 820 725 859 :
754 812 807 859 et
836 811 929 858 aut
970 802 1097 858 dum
1139 802 1397 857 decentius
1416 842 1431 866 ,
1474 800 1880 871 perturbaums;
1909 810 1999 855 aut
2027 800 2154 855 dum

551 896 850 961 docemur,
880 911 1146 953 erramus.
1179 895 1298 952 Jam
1343 909 1476 951 vero
1526 895 1759 965 proximi
1804 894 1928 949 anni
1985 894 2153 962 ﬁdes,

548 987 802 1059 qnidjam
834 987 903 1043 de
935 988 1308 1043 immutatione
1331 988 1382 1042 in
1411 1002 1471 1042 se
1496 986 1696 1043 habet?
1724 986 1998 1054 Primum,
2032 1001 2154 1055 qua:

549 1080 872 1135 liomousion
899 1080 1143 1135 decernit
1170 1080 1335 1135 taceri
1362 1097 1377 1133 :
1402 1094 1637 1150 sequens
1668 1094 1906 1143 rursum,
1935 1093 2055 1148 qua:
2078 1076 2155 1151 (ὸ)

562 1171 882 1228 homonsiou
912 1172 1157 1228 decernit
1188 1182 1243 1227 ct
1269 1172 1525 1242 prmdicat
1558 1189 1570 1226 :
1606 1172 1822 1225 tertium
1852 1170 2109 1242 deinceps
2135 1212 2151 1238 ,

560 1280 682 1337 quae
712 1267 881 1320 usiam
914 1266 1231 1335 simpliciter
1261 1283 1289 1320 a
1324 1267 1563 1336 patribus
1593 1273 1974 1337 prtcsumptam
2005 1306 2018 1330 ,
2058 1280 2156 1337 per

557 1360 947 1431 indulgentiam
992 1371 1221 1416 excusat
1263 1371 1637 1430 :postremnm
1688 1369 1983 1429 quartum,
2035 1376 2155 1431 qua:

556 1469 663 1506 lion
696 1464 916 1507 excusat
940 1496 952 1517 .
987 1453 1084 1509 sed
1113 1455 1458 1509 condemnat.
1506 1452 1573 1508 Et.
1616 1469 1721 1522 quo
1778 1451 1989 1507 tandem
2024 1467 2153 1523 pro-

555 1546 956 1608 eessnm.est?
1003 1556 1060 1599 ut
1109 1560 1282 1617 neque
1338 1559 1505 1617 penes
1572 1560 1704 1610 nos,
1763 1560 1935 1616 neque
1991 1559 2155 1615 penes

550 1653 873 1710 qiieinqnam
919 1646 1047 1694 ante
1095 1654 1215 1703 nos,
1258 1648 1502 1694 sanctum
1535 1637 1731 1694 exinde
1760 1637 1960 1709 aliquid
1993 1647 2154 1709 atque

551 1731 861 1789 inviolabile
885 1741 1214 1803 perseveret.
1250 1732 1325 1788 De
1352 1732 1706 1788 similitudine
1735 1740 1911 1786 autem
1939 1730 2029 1786 Dei
2058 1729 2150 1785 ﬁlii

2258 530 2501 572 sanetum
2533 531 2787 589 peccasse
2814 519 2883 574 sit
2905 519 3083 573 venia.
3120 518 3229 575 Sed
3270 518 3560 589 impietatis
3585 517 3741 592 547
3766 521 3833 592 ip.

2257 610 2369 664 sius
2388 609 2513 666 hinc
2537 612 2616 667 vel
2645 612 2913 684 przecipue
2940 626 3101 666 causa
3124 622 3378 683 perpetua
3402 621 3510 677 est,
3538 612 3681 683 quod
3704 612 3767 685 (Γ)
3786 612 3837 668 εὶ.

2255 701 2379 758 dem
2425 704 2780 774 apostolicam
2832 704 3081 775 septuplo
3128 704 3497 774 proferentes,
3546 703 3650 774 ipsi
3676 692 3865 762 tame?

2259 791 2833 869 tidem-evangelium
2869 798 3119 852 nolunms
3168 797 3415 856 conﬁteri
3452 796 3622 854 :dum
3669 796 3837 867 impie-

2260 896 2398 944 tatcs
2430 898 2641 945 nostras
2673 891 2908 946 nobisin
2946 889 3157 961 populis
3208 889 3565 960 multiloquiis
3610 887 3838 945 defendi-

2257 996 2396 1044 mus,
2455 991 2508 1037 et
2539 982 3015 1054 magniloquentiae
3046 983 3282 1039 vanitate
3334 996 3495 1038 aures
3532 983 3837 1054 simplicium

2258 1074 2437 1131 verbis
2466 1073 2775 1131 fallentibus
2825 1076 3137 1142 illudimus;
3166 1075 3293 1132 dum
3321 1076 3590 1132 evitamus
3635 1077 3703 1133 de
3746 1078 3837 1133 Do-

2257 1165 2404 1221 mino
2423 1164 2641 1222 Christo
2664 1152 2730 1221 ea
2752 1166 2996 1235 credere,
3026 1183 3147 1239 qua:
3175 1168 3243 1222 de
3263 1183 3322 1223 se
3351 1166 3536 1223 docuit
3560 1167 3839 1237 credenda,

2258 1268 2312 1313 et
2335 1274 2429 1329 per
2450 1260 2752 1331 speciosum
2806 1260 2952 1330 pacis
2995 1275 3191 1315 nomen
3240 1260 3292 1314 in
3326 1261 3585 1317 unitatem
3620 1261 3835 1332 perﬁdia

2257 1353 2630 1424 subrepimus,
2683 1364 2737 1408 et
2783 1352 2884 1407 sub
2914 1352 3223 1420 rejiciendis
3269 1353 3601 1408 novitatibus
3642 1368 3839 1410 rursum

2260 1449 2357 1519 ipsi
2389 1447 2541 1503 novis
2567 1446 2635 1500 ad
2664 1446 2833 1502 Deum
2864 1445 3083 1500 vocibus
3114 1445 3461 1510 rebellanms,
3479 1453 3537 1500 et
3561 1445 3839 1515 subScrip-

2257 1552 2498 1598 turarum
2554 1541 2817 1598 vocabulo
2872 1556 2979 1595 non
3027 1540 3224 1611 scripta
3298 1541 3591 1596 mentimur
3642 1559 3661 1595 :
3711 1540 3835 1612 vagi,

2260 1634 2498 1706 prodigi,
2529 1635 2714 1705 impii,
2746 1635 2872 1690 dum
2904 1645 2955 1689 et
2988 1636 3257 1690 manentia
3287 1635 3657 1703 demutamus,
3692 1644 3744 1691 et
3767 1650 3842 1691 ac-

2257 1739 2411 1800 cepta
2443 1728 2741 1800 perdimus,
2771 1738 2827 1784 et
2848 1729 3151 1801 irreligiosa
3181 1729 3577 1801 pnesnmimus.

544 1826 613 1881 ad
646 1828 812 1884 Deum
844 1837 1049 1897 patrem
1081 1825 1224 1898 quod
1260 1825 1331 1901 (c)
1358 1827 1402 1881 si
1439 1826 1764 1882 miserabilis
1807 1825 1978 1881 nostri
2004 1834 2147 1880 'tem-
2180 1822 2226 1883 B
2327 1825 2381 1880 7.
2425 1824 2504 1878 Ad
2542 1824 2696 1894 ﬁdem
2723 1824 2774 1877 in
2805 1823 3055 1895 baptismo
3081 1826 3368 1897 confessam
3405 1824 3746 1879 redeundum.
3782 1853 3840 1866 —-

551 1921 699 1992 poris
738 1920 872 1978 fides
916 1929 1029 1985 est,
1083 1936 1150 1976 ne
1183 1936 1289 1976 non
1318 1929 1411 1975 aut
1432 1935 1498 1975 ex
1528 1927 1642 1975 toto
1664 1961 1680 1985 ,
1716 1928 1808 1974 aut
1846 1926 2051 1973 tantum
2081 1932 2151 1974 ex

545 2015 792 2084 portione
822 2015 894 2070 sit
917 2013 1139 2080 similis;
1168 2014 1373 2086 egregii
1401 2014 1608 2069 scilicet
1635 2012 1824 2069 arbitri
1846 2011 2149 2068 ctelestium

549 2119 1053 2176 sacramentorum,
1105 2110 1503 2180 conquisitores
1550 2107 1903 2163 invisibilinm
1950 2115 2150 2179 mystc-

546 2204 796 2272 riorum,
830 2202 1260 2276 professionibus
1307 2201 1376 2258 de
1429 2200 1534 2257 ﬁde
1589 2200 1681 2258 Dei
1728 2199 2146 2256 calumniantur.

545 2299 770 2352 Anttuas
814 2307 975 2365 atque
1015 2305 1322 2352 menstruas
1350 2294 1419 2351 de
1452 2296 1563 2351 Deo
1590 2294 1724 2350 ﬁdes
1759 2293 2105 2350 decernimus
2131 2335 2147 2361 ,

540 2391 777 2448 decretis
803 2392 1129 2464 ptenitemus
1148 2433 1165 2459 ,
1196 2391 1528 2462 pmtiitentes
1549 2389 1894 2446 defendimus
1918 2431 1932 2455 ,
1958 2388 2147 2444 defcno

544 2501 635 2542 sos
658 2485 1220 2549 anathematizamus;
1256 2484 1430 2539 autin
1466 2484 1666 2539 nosuis
1709 2482 1881 2538 aliena
1907 2524 1922 2549 ,
1956 2492 2050 2537 aut
2093 2482 2147 2538 in

540 2578 735 2634 alienis
757 2587 941 2633 nostra
971 2578 1326 2645 damnamus;
1361 2586 1415 2633 et
1440 2578 1522 2649 (ά)
1553 2577 1867 2634 mordentes
1892 2577 2143 2647 invicem,

531 2671 644 2744 jam
672 2672 945 2745 absumpti
972 2687 1159 2729 sumus
1188 2675 1257 2729 ab
1287 2673 1513 2729 invicem
1547 2672 1689 2747 (Gal.
1717 2690 1770 2740 v,
1804 2674 1911 2745 l5).

620 2764 675 2819 6.
720 2763 882 2820 Fides
924 2766 1216 2838 evangelica
1255 2768 1625 2838 corrumpitur.
1655 2796 1725 2807 —-
1749 2766 1911 2825 Fides
1947 2767 2144 2824 deinde

537 2857 802 2925 quieritur
833 2876 847 2913 :
874 2859 1026 2929 quasi
1059 2857 1196 2914 ﬁdes
1225 2860 1372 2915 nulla
1417 2860 1507 2915 sit.
1559 2859 1720 2917 Fides
1744 2862 2030 2918 scribenda
2062 2874 2145 2919 e~t

531 2950 683 3026 (Vid.
720 2952 757 3006 Ι.
783 2951 850 3007 de
879 2950 1013 3025 Syri.
1046 2970 1099 3008 tt.
1133 2952 1227 3024 65)
1261 2972 1273 3007 :
1302 2954 1452 3025 quasi
1486 2953 1539 3009 in
1563 2953 1727 3015 corde
1754 2969 1862 3009 non
1892 2955 1980 3011 sit.
2031 2956 2142 3012 Be-

535 3045 783 3116 generati
824 3060 921 3116 per
950 3044 1110 3103 ﬁdem
1137 3088 1152 3114 ,
1194 3061 1336 3102 nunc
1366 3046 1431 3101 ad
1461 3045 1625 3102 ﬁdem
1653 3046 1915 3104 docemur
1937 3090 1952 3115 ,
1987 3050 2141 3121 quasi

537 3139 884 3208 regeneratio
912 3138 1002 3195 illa
1031 3138 1150 3195 sine
1169 3138 1277 3195 ﬁde
1302 3138 1393 3195 sit.
1417 3137 1695 3195 Christum
1719 3150 1841 3209 post
1872 3139 2137 3211 baptisma

2256 1918 2407 1988 Quod
2435 1918 2617 1974 hieme
2658 1916 2867 1973 undoso
2913 1915 3046 1972 mari
3091 1916 3365 1973 observari
3410 1932 3439 1971 a
3478 1916 3837 1988 navigantibus

2256 2012 2487 2066 maxime
2518 2022 2689 2066 ttttum
2714 2019 2797 2066 est
2822 2053 2837 2075 ,
2866 2019 2923 2065 ut
2949 2009 3229 2082 naufragio
3258 2010 3612 2077 desmviente,
3644 2012 3698 2066 in
3725 2026 3837 2083 per.

2256 2112 2368 2159 tum
2400 2120 2466 2161 ex
2498 2119 2605 2175 quo
2625 2105 2900 2159 solverant
2929 2113 3309 2172 revertantur;
3340 2106 3425 2160 vel
3457 2103 3697 2161 incautis
3719 2105 3834 2161 ado-

2253 2198 2585 2255 lescentibus
2632 2197 2919 2265 convenit,
2976 2206 3035 2252 ut
3060 2213 3184 2255 eum
3230 2200 3281 2253 in
3312 2197 3513 2254 tuenda
3565 2198 3647 2273 (g)
3698 2198 3836 2255 domo

2252 2307 2370 2356 sua,
2404 2306 2587 2348 mores
2618 2300 2856 2363 paternae
2883 2292 3250 2349 observantia:
3277 2294 3609 2364 trangressi,
3640 2293 3833 2363 profusa

2252 2386 2505 2444 libertate
2533 2403 2629 2444 sua
2660 2389 2743 2445 usi
2772 2401 2932 2455 sunt,
2952 2390 3063 2461 jam
3094 2390 3194 2445 snh
3219 2390 3336 2462 ipso
3361 2391 3651 2447 amittendi
3689 2390 3831 2462 patri-

2252 2482 2418 2538 monii
2452 2490 2598 2538 metu
2642 2483 2791 2538 solus
2831 2482 2937 2538 illis
2967 2481 3032 2538 ad
3074 2492 3351 2553 paternam
3399 2484 3831 2541 consuetudinem

2250 2577 2589 2633 necessarius
2620 2586 2673 2631 et
2711 2584 2858 2632 tutus
2899 2591 3157 2634 recursus
3186 2577 3249 2633 sit
3278 2597 3292 2633 :
3320 2578 3391 2633 ita
3420 2577 3566 2634 inter
3590 2578 3708 2635 haec
3728 2578 3831 2634 ﬁdei

2252 2673 2559 2744 naufragia,
2608 2672 2848 2729 cmlestis
2878 2672 3186 2743 patrimonii
3229 2670 3339 2743 jam
3389 2687 3530 2744 pene
3574 2671 3831 2745 proﬂigata

2249 2765 2596 2832 batreditate,
2641 2765 2970 2821 tutissimum
3001 2765 3156 2822 nobis
3184 2774 3297 2833 est,
3335 2766 3569 2838 primam
3596 2777 3652 2822 et
3678 2766 3829 2822 solam

2247 2860 2613 2930 evangeliorum
2665 2858 2824 2914 tidem
2853 2857 3157 2914 cenfessam
3209 2858 3262 2914 in
3306 2858 3582 2930 baptismo
3611 2859 3829 2915 intellec-

2248 2962 2465 3023 tamque
2483 2953 2740 3019 retinere,
2769 2966 2869 3007 nec
2898 2951 3181 3008 demutare
3210 2951 3355 3022 quod
3377 2952 3554 3009 solum
3574 2963 3828 3024 acceptum

2244 3058 2407 3120 atque
2431 3047 2672 3103 auditum
2701 3047 2873 3103 habeo
2906 3047 3045 3104 bene
3073 3046 3302 3104 credere
3335 3063 3483 3105 :non
3518 3058 3575 3105 ut
3610 3065 3700 3117 ea,
3725 3063 3827 3121 qua:

2245 3141 2458 3214 synodo
2486 3149 2700 3217 patrum
2735 3151 3043 3197 nostrorum
3069 3141 3439 3208 continentur,
3472 3151 3744 3217 tamquam
3770 3145 3830 3199 ir-

537 3158 884 3208 rcgetteratto
912 3158 1002 3195 ιιιίι
1031 3158 1150 3195 Sine
1169 3158 1277 3195 uuc
1302 3158 1393 3195 Sil.
1417 3158 1695 3195 ωιτιειιηη
1719 3158 1841 3209 βοει
1872 3158 2137 3211 υιιριιειηει
2245 3158 2458 3214 synouo
2523 3158 2700 3196 atrum
2735 3158 3043 3197 DOSll‘Ol'Uﬂl
3069 3158 3439 3208 continentur,
3472 3158 3744 3217 tamquam
3770 3160 3824 3199 lf-

527 3230 824 3299 discimus;
865 3234 1018 3305 quasi
1068 3233 1335 3303 baptisma
1365 3231 1584 3304 aliquod
1636 3246 1760 3288 esse
1790 3232 1964 3303 possit
2014 3234 2133 3290 sine
2161 3224 2207 3289 C
2240 3227 2494 3307 religiose
2539 3242 2592 3290 et
2622 3222 2789 3305 impie
2819 3233 3018 3306 scripta
3068 3234 3372 3290 damnanda
3404 3235 3552 3305 sint,
3598 3236 3687 3294 sed
3717 3235 3824 3308 quia

2234 3398 2724 3491 prtedicatio,apud
2746 3416 3032 3491 Athanas,
3057 3416 3125 3473 de
3153 3416 3359 3491 Synod.
3396 3434 3447 3491 p.
3474 3417 3601 3486 875,
3630 3428 3822 3491 postref

2236 3489 2639 3563 mamgdeniqne
2669 3488 3047 3563 Seleuciae‘ah
3098 3490 3299 3546 Acacio
3350 3488 3647 3563 vulgatam,
3696 3489 3822 3563 apud

2233 3561 2487 3617 eumdem
2517 3561 2804 3627 Athanas,
2838 3578 2889 3631 p.
2938 3560 3042 3616 904
3069 3602 3082 3625 ,
3113 3577 3235 3631 qua:
3282 3561 3603 3618 substantia:
3642 3560 3821 3619 nomen

527 3434 631 3475 non
659 3416 842 3472 desunt
866 3460 881 3485 ,
901 3418 989 3488 qui
1016 3434 1070 3474 se
1098 3416 1270 3472 surdis
1297 3426 1581 3488 querantur
1607 3417 1872 3483 cecinisse,
1898 3418 2128 3488 adeoque

528 3488 625 3544 sibi
653 3487 804 3542 tribui
832 3487 946 3557 qua:
974 3488 1036 3542 ab
1077 3489 1183 3544 illis
1212 3505 1274 3542 ne
1301 3500 1434 3543 recte
1460 3487 1641 3543 audita
1669 3489 1909 3558 quidem,
1941 3487 2128 3545 nedum

523 3559 786 3616 intellecta
816 3561 939 3613 sint.
980 3560 1050 3615 At
1073 3574 1195 3615 cum
1226 3558 1558 3615 editionibus
1584 3559 1875 3616 Hilarionis
1899 3576 2130 3618 consen-

532 3631 791 3703 tientibus
810 3632 1062 3703 omnibus
1080 3632 1292 3703 nostris
1322 3645 1455 3703 mss.
1481 3639 1653 3703 tutum
1675 3647 1783 3687 non
1808 3641 1893 3687 est
1917 3633 1986 3688 ab
2012 3635 2130 3703 ipso

531 3703 681 3760 fonte
710 3702 778 3758 ad
803 3702 1033 3774 rivulum
1060 3701 1354 3774 declinare.
1388 3701 1647 3758 Proxime
1671 3713 1794 3758 ante
1816 3719 1973 3774 quam
2012 3701 2131 3760 haec

528 3774 795 3831 scriberet
816 3773 1053 3847 Hilarius
1082 3776 1301 3847 querela
1326 3773 1502 3829 fuerat
1524 3773 1843 3847 degauctore’
1873 3775 2128 3847 blasphe-

530 3848 799 3913 miarum,
853 3861 986 3915 quas
1036 3846 1401 3901 Seleneiensis
1441 3845 1635 3917 synodi
1686 3846 1851 3915 legati
1885 3845 2133 3904 Eudoxio

532 3917 954 3984 adscribebant,
992 3917 1265 3973 Eudoxius
1312 3928 1489 3973 autem
1523 3918 1575 3973 in
1608 3918 1823 3975 Aetium
1849 3921 2057 3990 rejecit.

603 4008 684 4085 (a)
723 4009 881 4085 Apud
936 4009 1272 4067 Ferrandum
1296 4052 1313 4079 ,
1369 4010 1433 4066 de
1476 4027 1747 4068 consensu.
1782 4011 1836 4067 In
1869 4027 1972 4068 ms.
2007 4013 2130 4071 Vat.

528 4082 674 4148 bas.,
707 4082 772 4136 de
791 4098 1052 4138 consessu.

600 4152 871 4229 (blANulla
893 4165 978 4210 est
1020 4154 1347 4229 Arianorum
1375 4152 1803 4229 ﬁdei_eonfes_sio
1824 4197 1837 4222 ,
1858 4172 2013 4229 quae
2033 4156 2132 4213 bo-

527 4224 776 4282 πιόυεὶοη
805 4226 1066 4283 decernat
1099 4240 1163 4280 ac
1185 4224 1474 4295 praedicet;
1505 4224 1609 4281 hoc
1633 4225 1782 4283 enim
1822 4224 1910 4283 ab
1933 4227 2124 4284 Hilarii

523 4312 694 4368 scepo
726 4296 941 4353 videtur
966 4296 1243 4368 alienum,
1274 4306 1333 4351 ut
1357 4298 1677 4352 homonsiou
1710 4299 1764 4353 in
1789 4297 2125 4358 Ariminensi

524 4369 760 4425 concilio
804 4368 1038 4438 primum
1082 4368 1153 4424 ab
1188 4367 1256 4423 iis
1280 4369 1370 4437 qui
1397 4383 1518 4423 cum
1543 4368 1771 4425 Valente
1811 4379 1866 4426 et
1896 4369 2126 4429 Ursaeio

529 4441 750 4513 stabant.
772 4437 1057 4513 reiectum,
1087 4454 1117 4493 a
1146 4437 1432 4513 catholicis
1462 4440 1668 4513 deinde
1684 4442 2041 4513 approbatum
2068 4454 2124 4500 et

521 4510 875 4581 praedicatum
913 4510 1084 4567 fuisse
1127 4509 1293 4565 dicat.
1324 4510 1585 4576 Quocirca
1619 4509 1914 4574 liic,'t‘orte
1956 4515 2119 4570 etiam

518 4592 699 4648 antea,
729 4597 828 4649 pro
853 4582 1181 4645 homonsiou,
1209 4581 1871 4638 substituendumvidetur
1892 4585 2120 4641 homaeu-

2236 3646 2342 3759 gon
2367 3632 2479 3703 jam
2506 3642 2768 3700 excusat,
2817 3632 2912 3689 sed
2957 3633 3278 3704 simpliciter
3316 3643 3370 3689 ct
3416 3633 3659 3691 absolute
3705 3649 3820 3690 coa-

2274 3715 2473 3759 emnat.

2274 3715 2473 3759 emnat.

2314 3776 2388 3849 (c)
2430 3775 2700 3831 Particula
2749 3776 2795 3849 si
2840 3791 2906 3830 ex
2936 3775 3124 3849 codice
3151 3776 3426 3833 Vaticana:
3455 3777 3692 3835 basilicae
3729 3777 3818 3833 hoc

2242 3847 2548 3918 revocatur.
2580 3862 2684 3918 qua
2715 3848 2945 3903 eflicitnr
2988 3847 3074 3903 hic
3116 3864 3307 3904 sensus
3353 3866 3366 3902 :
3398 3849 3443 3904 si
3470 3849 3542 3905 de
3580 3849 3816 3907 similitu-

2240 3917 2368 3973 dine
2397 3918 2517 3973 Filii
2538 3917 2609 3974 ad’
2635 3919 2847 3975 Patrem
2879 3919 2929 3974 id
2959 3936 3100 3975 nunc
3120 3920 3417 3976 sentiamus
3440 3935 3509 3977 ac
3529 3921 3812 3985 credamus,

2240 4000 2303 4063 ut
2327 3989 2499 4063 Filius
2524 4006 2629 4046 non
2656 4006 2721 4046 ex
2754 4000 2889 4053 toto.
2923 4006 3016 4063 sex
3047 4008 3110 4047 ex
3134 3991 3384 4063 portione
3413 3992 3487 4047 sit
3515 3994 3702 4049 similis
3730 3993 3816 4063 Pa-

2240 4061 2341 4126 tri;
2375 4060 2804 4136 professionihus
2836 4063 2904 4117 de
2945 4058 3172 4136 ﬁde(vel
3196 4062 3263 4118 de
3292 4064 3375 4136 se)
3407 4064 3505 4120 Dei
3534 4058 3811 4121 calumnia-

2238 4148 2360 4187 tnttr
2392 4151 2403 4186 :
2428 4134 2627 4204 egregii
2657 4134 2858 4189 scilicet
2887 4134 3112 4202 arbitri,
3137 4143 3245 4190 etc.

2309 4204 2390 4278 (ιι)
2432 4203 2603 4269 Βδάέ,
2631 4204 2723 4260 Er.
2756 4215 2805 4259 et
2829 4207 2973 4278 Min,
2999 4208 3269 4278 ittorientes
3290 4223 3493 4262 morum
3515 4208 3640 4265 vice.
3666 4208 3809 4269 Uss...

2229 4276 2504 4331 morientes
2552 4278 2683 4331 mori
2729 4276 2967 4333 inuicem.
3002 4277 3162 4335 Forte
3189 4321 3201 4347 ,
3233 4280 3528 4336 mordentes
3566 4297 3656 4337 nos
3691 4281 3807 4335 inri-

2228 4362 2358 4402 cem.
2684 4368 2689 4371 ’

2299 4420 2367 4491 (c)
2417 4420 2705 4494 Exemplar
2738 4419 2853 4494 Vat.
2910 4422 3025 4477 bas.
3055 4464 3069 4486 ,
3110 4422 3164 4477 in
3211 4419 3413 4494 Spiritu
3456 4423 3805 4480 sancto:b:cc

2226 4504 2447 4564 casuum
2481 4491 2707 4564 mutatio
2735 4491 2988 4564 frequens
3027 4503 3110 4548 est
3153 4495 3205 4549 in
3233 4491 3512 4552 veteribus
3543 4496 3702 4553 libris.
3736 4494 3804 4550 Ad

2226 4562 2635 4636 intelligentiam
2664 4562 2950 4636 liujus'loci
2971 4563 3172 4635 jnverit
3215 4581 3282 4622 ex
3300 4576 3425 4636 'cap.
3457 4583 3533 4623 stt
3559 4569 3613 4624 in
3632 4566 3802 4624 Matth.

519 4634 881 4729 ἓξὸῆξίιζὲξιυέ
900 4634 1040 4729 satis
1050 4634 1305 4729 speicum
1324 4634 1642 4729 sagina;
1671 4634 1951 4729 nenias;
1962 4634 2121 4729 lli—Ei-

2244 4634 2409 4729 i.ni7.,
2440 4635 2517 4729 inc
2526 4635 2842 4729 meritoriam
2874 4634 3155 4729 revecare,
3185 4637 3287 4729 lnge
3316 4634 3526 4729 l‘lilario
3550 4649 3802 4710 peccatum

519 4727 637 4780 rius
661 4726 783 4796 ﬁdei
810 4724 1203 4796 confessiones.
1232 4724 1369 4782 Sunt
1391 4725 1481 4795 qui
1511 4734 1731 4796 putent.
1759 4728 1990 4796 primum
2021 4727 2115 4784 de-

518 4796 724 4868 signari
754 4795 1107 4868 Sirmiensem
1148 4810 1237 4850 an.
1262 4796 1370 4868 358
1395 4796 1511 4868 ,_ll
1564 4795 1668 4851 kal.
1697 4795 1842 4854 Junii
1868 4799 2069 4854 editam
2093 4842 2108 4866 ,

517 4866 632 4923 tuin
684 4867 1076 4943 Antiochenam
1120 4882 1211 4943 an.
1240 4866 1339 4923 541
1370 4906 1385 4929 .
1419 4866 1682 4943 Seleuciae
1709 4870 2067 4943 subscriptam
2093 4916 2105 4937 ,

517 4949 707 5009 postea
721 4938 1147 5003 Ariminensem,
1180 4938 1397 4994 demum
1428 4937 1832 4996 Seleuciensem
1862 4937 1941 4995 ah"
1977 4945 2113 4997 Aca-

514 5008 692 5069 cianis
730 5012 1022 5081 vulgatam.
1060 5008 1166 5067 Sed
1191 5026 1300 5065 non
1341 5010 1443 5065 alia
1478 5011 1686 5067 videtur
1724 5012 1857 5067 fides
1884 5012 2105 5079 Sirmii,

513 5085 617 5139 alia
642 5082 870 5139 Arimini
901 5081 1068 5138 edita.
1097 5081 1302 5137 Deinde
1325 5083 1411 5137 vix
1438 5082 1661 5138 credere
1682 5094 1798 5150 est,
1828 5085 2110 5140 rliiezenio-

513 5170 634 5210 rum
661 5154 824 5211 ﬁdem
851 5154 1033 5209 denuo
1060 5153 1417 5223 subscriptam
1447 5153 1499 5209 in
1527 5170 1679 5209 nova:
1719 5154 2104 5212 demutationis

514 5227 823 5298 exemplum
865 5224 1177 5298 abgliilario‘
1215 5224 1380 5280 fuisse
1409 5225 1761 5298 aﬁerendam.
1792 5227 1899 5282 Sed
1929 5244 2102 5298 neque

509 5295 564 5350 in
590 5294 689 5353 hac
717 5296 1034 5353 homonsiou
1056 5306 1150 5350 ant
1167 5294 1505 5352 hommusion
1530 5297 1867 5366 prmdicatur.
1885 5299 1959 5356 At
1975 5294 2104 5357 vero

511 5366 560 5422 si
588 5384 747 5425 voces
777 5367 1000 5437 proximi
1030 5368 1155 5421 anni
1182 5382 1287 5422 non
1317 5368 1389 5421 ita
1411 5367 1601 5423 stricte
1645 5376 1702 5423 ut
1728 5378 1957 5435 sonant,
2004 5374 2101 5428 sed

514 5443 673 5507 paulo
721 5440 879 5494 latins
932 5440 1236 5509 acceperis,
1293 5439 1518 5509 primam
1569 5439 1876 5508 intelligere
1925 5443 2106 5499 licebit

509 5510 865 5583 Sirmiensem
913 5509 1030 5565 Osii
1060 5520 1116 5583 et
1162 5510 1391 5583 Potaniii
1444 5511 1664 5565 nomine
1704 5510 1903 5583 editam
1927 5554 1941 5578 ,
1981 5529 2103 5583 qua:

510 5596 619 5636 non
652 5583 811 5638 modo
840 5582 1158 5637 bomousion
1182 5623 1196 5649 ,
1228 5581 1324 5637 sed
1370 5590 1422 5637 et
1470 5581 1806 5638 bommusion
1857 5581 2102 5641 decernit

508 5655 709 5724 taceri;
736 5654 958 5709 alteram
988 5655 1323 5719 Ancyranam
1348 5694 1362 5718 ,
1389 5668 1509 5724 qum
1542 5653 1880 5710 liommusion
1909 5655 2100 5712 deﬁni-

508 5723 741 5780 tionibus
762 5726 819 5790 3,
844 5723 901 5788 4,
933 5725 989 5788 5,
1017 5737 1149 5785 etc..
1180 5723 1424 5781 decernit
1463 5734 1518 5781 et
1552 5724 1844 5794 prmdicat;
1881 5731 2093 5784 tertiam

508 5794 738 5870 Arimini
769 5811 839 5870 ac.
856 5795 1052 5870 deinde
1089 5796 1360 5870 Nicmaiin
1386 5795 1616 5870 Thracia
1641 5798 1870 5870 lectam,
1902 5798 1954 5853 in
1987 5815 2091 5870 qua

2224 4718 2358 4782 esse
2387 4707 2437 4782 in
2484 4704 2744 4782 Spiritum
2799 4717 3044 4782 sanctum
3070 4750 3085 4774 ,
3138 4704 3606 4782 scilicet_Christo
3640 4726 3802 4782 negare

2218 4776 2358 4854 quod
2386 4774 2539 4854 Deus
2554 4778 2620 4832 sit
2643 4789 2739 4854 ,__ct
2769 4780 3129 4854 consistentem
3157 4781 3211 4854 in
3244 4797 3303 4835 eo
3344 4780 3565 4837 Potenti
3595 4774 3801 4854 Spiritus

2218 4848 2555 4925 sub-stantiam
2599 4850 2843 4904 adimere.
2898 4850 3104 4925 Similia
3156 4853 3319 4909 habet
3366 4868 3488 4925 cap.
3522 4871 3596 4921 v,
3636 4848 3796 4910 p.15.

2215 4920 2421 4985 Quibus
2473 4931 2837 4993 consentanea
2889 4932 3015 4977 sunt
3075 4922 3189 4979 base
3262 4920 3796 4993 apud'Athanasiuui

2216 5000 2441 5070 tonui,
2481 5006 2536 5063 p.
2566 4992 2671 5047 257
2714 5009 2726 5046 :
2763 4993 3013 5070 Deitatem
3040 5010 3161 5068 ergo
3216 4992 3372 5070 Verbi
3427 4998 3542 5070 ipse
3588 4997 3799 5070 σιτ-εμπ

2217 5061 2472 5139 Spiritum
2484 5061 2988 5139 ‘sauctum_appeltot
3009 5084 3029 5121 :
3058 5061 3117 5121 ei
3136 5069 3321 5136 paucis
3346 5061 3659 5139 intérjectis,
3684 5067 3799 5123 Sic-

2214 5135 2271 5214 _ut
2314 5135 2450 5214 ,_
2490 5137 2581 5214 qui
2702 5135 3793 5214 Spiritum‘sanctum‘impingunt:qu

2208 5205 2282 5259 ita
2308 5207 2363 5260 in
2391 5204 2581 5261 Christi
2608 5208 2950 5275 divinitatem,
2982 5208 3329 5282 blasphemiae
3352 5204 3540 5268 dicint
3558 5255 3574 5281 ,
3603 5221 3704 5268 etc.

2279 5299 2353 5378 (Ι)
2396 5299 2580 5378 Fidem
2608 5303 2947 5378 apostolicam
2982 5312 3146 5378 vocat
3174 5303 3411 5378 Hilarius
3440 5305 3789 5378 apostolorum

2205 5370 2544 5445 Symbolum,
2570 5388 2675 5443 quo
2703 5374 2861 5445 longe
2889 5373 3122 5431 fusiores
3153 5376 3446 5432 ediderunt
3476 5370 3647 5433 'Ariani
3676 5376 3792 5433 ﬁdei

2207 5442 2573 5523 confessiones
2590 5442 2939 5523 ;_nec‘ta'men
2961 5448 3234 5523 retinuere
3256 5448 3415 5523 ﬁdem
3439 5449 3789 5523 euangelicum,

2208 5514 2401 5587 idest,
2446 5530 2576 5587 quae
2617 5518 2864 5587 baptismi
2894 5519 3076 5575 verbis
3122 5514 3456 5577 enuntiatur.
3489 5514 3594 5576 Hoc
3614 5522 3685 5574 ita
3712 5521 3791 5574 iu—

2205 5586 2550 5713 :rélli’gendnm
2580 5586 2701 5645 esse
2724 5590 2895 5662 magis
2913 5590 3083 5661 liquet
3102 5606 3170 5648 ex
3192 5594 3483 5663 postremis
3507 5591 3648 5664 hujus
3670 5592 3787 5647 libri

2271 5674 2299 5713 r
2341 5675 2402 5713 IS.

2201 5672 2402 5714 νει-ωε.

2280 5729 2354 5802 (9)
2391 5730 2632 5806 Quatuor
2657 5747 2788 5790 mss.
2816 5774 2831 5797 ,
2872 5733 3028 5806 Immo
3049 5750 3163 5789 sua.
3202 5734 3323 5792 Vat.
3359 5736 3472 5792 bas.
3493 5780 3510 5806 ,
3533 5736 3580 5790 in
3602 5733 3786 5789 tuende

2197 5802 2378 5884 donius
2405 5803 2599 5884 (inieris
2628 5807 2828 5884 paterni
2858 5805 3200 5864 obseruantia
3221 5802 3613 5884 transgressores
3636 5821 3781 5874 suae,

502 5859 637 5924 tisian
694 5882 725 5923 a
770 5859 1018 5925 Patribus
1062 5862 1379 5941 simpliciter
1420 5859 1759 5942 phesuniplac
1807 5859 2093 5931 eicusaitlr
2193 5878 2428 5947 profuso,
2456 5883 2587 5945 εις.)
2621 5859 2901 5935 mendose.
