3996 6330
180 310 273 366 569

1115 300 1207 355 Μ)
1245 295 1726 355 CONSTANTIUM
1765 294 2139 354 AUGUSTO.“
2178 292 2377 352 LIBER
2413 295 2474 352 ll.

3339 291 3448 350 διο
3473 360 3479 365 ,

180 445 264 498 per
296 424 639 481 temeritatem
672 421 958 477 humanam
990 429 1316 492 usurpantur
1344 418 1410 474 ad
1441 417 1750 475 contradic-
1775 425 1823 485 Α
1853 418 2047 490 quibus
2074 416 2443 488 hlaspltemat,
2475 416 2787 474 mentiatur.
2819 415 2954 471 Hinc
2984 415 3131 471 enim
3167 412 3451 471 Marcellus

180 522 358 578 tionem
388 561 402 584 ,
431 516 570 588 quod
618 515 689 570 ob
715 515 816 569 hoc
844 513 944 570 sub
973 513 1190 569 nomine
1217 511 1471 569 novitatis
1501 511 1746 582 Evangc-
1790 544 1793 546 »

176 614 289 670 lium
338 592 645 682 negaretur,
701 604 778 681 (a)
833 615 892 663 ut
938 606 1239 677 periculose
1305 613 1579 677 tamquam
1645 602 1747 658 sub

174 704 529 763 emendatione
556 702 864 757 innovatur.
896 697 1051 769 Quod
1085 697 1434 755 emendatum
1466 704 1571 761 est,
1596 710 1742 751 sem-

175 815 257 870 per
285 788 518 869 prolicit,
575 803 628 848 ιιι
685 792 811 848 dum
864 793 1042 847 omnis
1092 790 1404 848 etttendatio
1458 789 1743 860 displicet,

171 889 580 947 emendationem
604 901 819 942 onmem
847 885 1154 942 emendatio
1175 892 1465 941 consecuta
1490 873 1768 939 condcm?

171 994 251 1042 net
283 1002 294 1040 :
324 998 385 1039 ac
413 984 455 1037 si
482 982 631 1055 jam,
660 979 918 1052 quidquid
949 979 1078 1035 illud
1128 989 1242 1046 est,
1290 994 1399 1035 non
1441 976 1747 1034 emendatio

169 1079 327 1147 aliqua
356 1076 424 1131 sit
449 1072 864 1140 emendationis,
904 1072 998 1128 sed
1020 1073 1252 1142 coeperit
1280 1085 1405 1128 esse
1441 1068 1742 1127 damnatio.

226 1170 275 1227 8.
326 1167 645 1224 Audientiam
694 1174 843 1240 rogat
873 1148 1150 1234 Hilarius,
1182 1164 1338 1236 ﬁdem
1384 1180 1410 1220 e
1456 1161 1744 1233 Scripturis

167 1275 457 1320 ostensurus.
484 1292 556 1303 —
585 1262 638 1316 lu
664 1272 922 1334 quantum
954 1274 1056 1332 ego
1080 1276 1222 1315 nunc
1246 1260 1418 1315 beata:
1448 1257 1745 1328 religioszr-

167 1375 256 1429 que
283 1356 565 1411 voluntatis
607 1356 687 1426 (b)
728 1370 855 1409 vere
884 1363 936 1410 le
958 1396 972 1420 ,
1010 1353 1230 1408 domine
1261 1352 1543 1408 Coostanti
1568 1350 1743 1421 Impe-

169 1463 333 1516 rator,
382 1450 660 1515 admiror,
719 1449 878 1504 ﬁdem
925 1459 1130 1504 tantum
1161 1447 1457 1504 secundum
1502 1461 1568 1502 ea
1622 1459 1742 1515 qua:

169 1545 344 1616 scripta
372 1552 493 1598 sunt
539 1542 940 1598 desiderantem
989 1551 1088 1598 :et
1131 1540 1323 1596 metito
1369 1539 1527 1611 plane
1557 1536 1623 1593 ad
1652 1536 1742 1593 illa

168 1643 267 1713 ipsa
296 1638 544 1710 unigeniti
578 1638 674 1692 Dei
729 1635 943 1707 eloquia
977 1635 1140 1711 55.8
1175 1635 1298 1706 quia
1348 1632 1612 1711 festinans
1634 1675 1648 1700 ,
1684 1641 1743 1688 ut

167 1735 502 1806 imperatoria:
528 1729 909 1787 sollicitudinis
954 1745 1123 1800 capax
1174 1739 1365 1798 pectus
1393 1726 1558 1785 etiam
1598 1725 1737 1782 divi-

1851 511 2089 570 Verbum
2114 512 2210 568 Dei
2240 527 2361 568 cum
2405 512 2537 583 legit
2585 513 2779 569 nescit.
2812 511 2948 568 lline
2974 510 3240 568 Photinus
3271 508 3449 567 homi-

1851 620 1974 661 nem
2007 603 2191 661 Jesum
2221 602 2501 660 Christum
2534 620 2657 661 cum
2690 605 2930 677 loquitur
2960 605 3193 676 ignorat.
3222 603 3361 660 Hinc
3388 613 3448 660 et

1848 696 2118 754 Sabellius
2137 740 2150 762 ,
2180 697 2306 753 dum
2333 697 2473 768 quod
2500 714 2591 769 ego
2616 706 2663 751 et
2685 695 2843 752 Pater
2868 713 3026 752 unum
3050 712 3229 752 sumus
3260 694 3444 769 (Joan.

1847 806 1905 856 χ,
1933 789 2029 863 30)
2058 803 2167 847 non
2194 789 2476 860 intelligit,
2511 789 2630 844 sine
2654 788 2768 844 Deo
2792 797 2944 859 patre
2970 796 3027 843 et
3045 788 3167 845 sine
3197 788 3310 843 Deo
3333 787 3447 845 lilio

1847 892 1951 941 est.
1990 884 2125 940 lline
2155 892 2211 938 et
2238 882 2523 939 Montanus
2570 897 2665 952 per
2696 883 2914 939 insanas
2946 880 3173 938 feminas
3206 896 3332 938 suas
3364 878 3444 955 (tl)

1847 976 2180 1048 paracletum
2224 976 2390 1032 alium
2435 974 2696 1032 defendit.
2751 974 2888 1030 llinc
2937 983 2995 1030 et
3039 973 3365 1030 Manichacus
3390 982 3448 1032 et

1846 1074 2082 1131 Marcion
2115 1073 2290 1146 legem
2313 1073 2429 1129 odit
2462 1090 2474 1127 :
2502 1072 2623 1142 quia
2647 1071 2825 1127 littera
2858 1068 3057 1126 occidit
3087 1068 3155 1140 (Il
3186 1067 3308 1125 Cor.
3343 1085 3402 1126 ιιι
3424 1110 3441 1138 ,

1845 1166 1926 1241 6),
1949 1178 2004 1224 et
2024 1167 2211 1224 mundi
2238 1167 2487 1238 princeps
2514 1165 2765 1221 diabolus
2786 1170 2890 1220 est.
2912 1161 3117 1219 Omnes
3134 1162 3444 1233 Scripturas

1844 1260 1963 1316 sine
1990 1257 2060 1333 (e)
2089 1258 2387 1330 Scriptura:
2408 1272 2572 1315 sensu
2596 1257 2910 1333 loquuntur,
2933 1265 2985 1312 et
3012 1253 3171 1313 fidem
3193 1255 3309 1310 sine
3335 1255 3443 1312 fide

1841 1352 2206 1426 prietendunt.
2242 1352 2541 1421 Scriptura:
2587 1350 2731 1404 enim
2769 1364 2874 1404 non
2914 1347 2967 1402 in
3003 1346 3230 1419 legendo
3274 1354 3439 1414 sunt,

1810 1464 1827 1472 ί·
1844 1449 1941 1507 sed
1972 1449 2024 1504 in
2054 1448 2435 1520 intelligendo;
2470 1462 2647 1520 neque
2688 1448 2741 1504 in
2786 1446 3231 1520 praevaricatione
3271 1455 3438 1513 sunt,

1843 1544 1939 1601 sed
1968 1544 2020 1600 iit
2052 1544 2337 1602 charitate.

1916 1641 2003 1698 10.
2039 1641 2328 1709 Sermonis,
2354 1644 2505 1717 cujus
2532 1642 2682 1713 capia
2710 1648 2940 1713 rogatur,
2973 1639 3177 1695 modus.
3194 1636 3438 1707 ——Audi,

1841 1750 1973 1806 rogo
1992 1776 2009 1803 ,
2035 1749 2096 1792 ea
2128 1752 2248 1808 qum
2277 1734 2344 1792 de
2373 1733 2591 1791 Christo
2618 1743 2744 1790 sunt
2772 1733 2975 1804 scripta
3006 1749 3021 1787 :
3046 1747 3116 1789 ne
3143 1731 3246 1788 sub
3275 1734 3355 1788 eis
3375 1745 3439 1788 ea

165 1840 335 1881 norum
362 1824 629 1880 dictorum
658 1821 990 1879 conscientia
1017 1821 1239 1893 plenum
1277 1821 1365 1875 sit.
1397 1818 1507 1874 Hoc
1539 1817 1629 1890 qui
1658 1833 1745 1874 re-
1773 1827 1821 1890 Β
1847 1844 1968 1900 quae
1995 1843 2101 1884 non
2129 1830 2329 1900 scripta
2370 1839 2493 1885 sum
2522 1827 2907 1900 prmdicemur.
2944 1826 3215 1883 Submiue
3235 1824 3302 1882 ad
3332 1840 3395 1881 ea
3419 1866 3436 1893 ,

165 1920 358 1993 pudiat,
389 1917 739 1974 antichristus
770 1925 852 1972 est
878 1959 892 1982 ,
944 1924 999 1972 et
1029 1916 1117 1987 qui
1167 1914 1381 1970 simulat
1408 1956 1422 1979 ,
1452 1913 1736 1968 anathema

164 2022 252 2069 est.
279 2011 375 2068 Sed
405 2028 567 2065 unum
605 2009 708 2065 hoc
754 2024 855 2081 ego
911 2023 1011 2082 per
1063 2009 1199 2063 hanc
1246 2005 1573 2073 dignationis
1626 2013 1734 2059 tua:

165 2106 401 2162 sinceram
430 2104 759 2160 audientiam
788 2119 935 2175 rogo,
962 2114 1018 2158 ut
1048 2110 1314 2174 praesente
1337 2100 1545 2175 synodo
1571 2098 1740 2165 (Con-

165 2197 578 2272 stantinopolit.),
612 2215 732 2271 qua:
762 2214 905 2254 nunc
935 2198 1002 2255 de
1034 2197 1139 2254 lide
1181 2199 1387 2268 litigat,
1430 2210 1600 2268 pauca
1651 2209 1737 2251 me

167 2297 224 2353 de
247 2297 526 2367 Scripturis
555 2295 891 2367 evangelicis
923 2294 1164 2366 digneris
1213 2292 1399 2347 audire
1419 2333 1434 2359 ,
1468 2300 1521 2347 et
1545 2290 1739 2361 loquar

165 2399 319 2446 tecum
375 2388 550 2445 verbis
607 2388 820 2443 Dontini
873 2388 975 2444 tttei
1019 2388 1147 2443 Jesu
1181 2385 1418 2452 ChriSti,
1459 2384 1613 2457 cujus
1653 2384 1737 2441 vel

163 2482 291 2538 exsul
336 2496 447 2536 sum
471 2523 486 2547 ,
525 2480 613 2537 vel
648 2480 924 2537 sacerdos.
985 2480 1197 2536 llabcnt
1235 2480 1381 2535 enim
1404 2494 1530 2535 vasa
1565 2486 1735 2534 testea

167 2591 254 2630 non
276 2574 524 2647 ignobiles
556 2575 845 2630 thesauros
870 2592 882 2628 :
906 2584 960 2629 et
984 2573 1281 2629 infirmiora
1304 2587 1591 2644 corporum
1622 2587 1736 2627 ma-

162 2667 227 2738 gis
249 2666 526 2723 reverenda
557 2675 688 2722 sunt
716 2684 728 2722 :
764 2676 819 2722 et
844 2667 986 2738 apud
1022 2682 1120 2721 nos
1144 2666 1304 2722 modo
1332 2666 1503 2722 Deum
1530 2664 1735 2720 indocti

162 2762 421 2831 piscatores
448 2762 614 2818 locuti
648 2769 792 2818 sunt.
829 2761 1005 2833 Super
1035 2760 1293 2817 humilem
1324 2769 1379 2816 et
1409 2769 1731 2817 trementem

159 2858 296 2912 verba
314 2872 425 2916 sua.
443 2855 741 2913 secundum
769 2855 1111 2928 prophetam,
1138 2856 1281 2911 Deus
1307 2855 1531 2927 respicit
1553 2853 1727 2929 (Esai.

160 2947 386 3021 LX\1,9).
419 2949 607 3006 Fidem
638 2949 933 3020 imperator
976 2949 1175 3019 qua-ris
1208 2965 1221 3000 :
1254 2946 1377 3002 audi
1423 2961 1541 3002 eam
1565 2988 1581 3013 ,
1622 2960 1730 3001 non

159 3043 213 3099 de
233 3045 371 3099 novis
397 3043 660 3101 chartulis
689 3087 702 3111 ,
735 3043 831 3099 sed
862 3043 932 3100 de
962 3042 1058 3098 Dei
1099 3043 1273 3097 libris.
1310 3042 1459 3098 Scito
1487 3051 1543 3098 et
1572 3055 1730 3112 posse

156 3150 253 3191 eam
283 3137 330 3191 itt
377 3136 675 3194 Occidente
714 3134 938 3203 donari,
971 3134 1112 3191 unde
1158 3135 1439 3190 venientes
1477 3134 1530 3189 itt
1559 3147 1728 3204 regno

1841 1936 1962 1991 qua:
1987 1924 2054 1976 de
2083 1921 2236 1978 libris
2257 1922 2534 1979 locuturus
2556 1937 2695 1989 sum,
2721 1936 2882 1977 aures
2913 1930 3031 1976 tuas
3060 1937 3074 1974 :
3105 1919 3267 1976 ﬁdem
3291 1928 3437 1975 tuam

1840 2014 1906 2071 ad
1941 2012 2102 2088 549
2128 2016 2296 2070 Deum
2323 2016 2522 2088 erigas.
2556 2012 2865 2085 Audiquod
2896 2012 3194 2085 proficitad
3241 2011 3436 2081 ﬁdem,

1841 2108 1909 2162 ad
1945 2110 2229 2176 unitatem,
2271 2107 2338 2163 ad
2370 2107 2752 2164 aeternitatem.
2779 2107 3083 2163 Locuturus
3115 2117 3291 2163 tecum
3317 2120 3437 2162 sum

1839 2215 1960 2258 cum
1990 2201 2195 2258 honore
2217 2201 2369 2273 regni
2399 2209 2455 2258 et
2487 2200 2611 2257 ﬁdei
2642 2210 2781 2269 ture,
2811 2201 2990 2257 omnia
3018 2199 3086 2257 ad
3117 2198 3357 2256 Orientis
3381 2206 3437 2255 et

1836 2293 2145 2351 Occidentis
2182 2309 2365 2366 pacem
2411 2293 2481 2369 (ι’)
2509 2295 2875 2365 proﬁcientia,
2908 2294 3011 2350 sub
3046 2292 3259 2366 publica
3299 2307 3429 2349 con-

1837 2388 2087 2454 scientia,
2112 2388 2212 2444 sub
2240 2387 2449 2461 synodo
2477 2387 2757 2445 dissidenti
2783 2429 2797 2454 ,
2828 2388 2931 2443 sub
2960 2386 3056 2444 lite
3075 2385 3301 2442 famosa.

1911 2482 1996 2536 11.
2028 2479 2225 2553 Pignus
2247 2482 2408 2555 futuri
2435 2482 2706 2537 sermonis.
2731 2479 3184 2554 --(g)Pra:mitto
3211 2478 3432 2535 interim

1840 2576 2028 2647 pignus
2057 2573 2221 2630 futuri
2247 2574 2386 2645 apud
2418 2582 2473 2630 te
2515 2575 2789 2630 sermonis
2827 2574 2956 2630 mei.
2993 2572 3111 2630 Non
3139 2573 3317 2645 aliqua
3363 2572 3432 2629 ad

1836 2668 2148 2726 scandalum
2169 2713 2184 2738 ,
2220 2684 2396 2741 neque
2422 2685 2541 2740 qua:
2562 2678 2717 2725 extra
2742 2669 3091 2740 Evangelium
3122 2677 3248 2725 sunt
3266 2708 3282 2736 ,
3335 2666 3434 2725 de-

1836 2764 2054 2822 fendam
2092 2765 2230 2821 :sed
2258 2765 2528 2836 intelliges
2556 2780 2605 2820 ea
2634 2779 2720 2820 me
2766 2765 2818 2821 in
2865 2772 3208 2820 sacramento
3258 2762 3431 2819 solius

1836 2860 1928 2916 Dei
1962 2860 2163 2925 veri,et
2193 2876 2354 2933 quem
2387 2860 2534 2916 misit
2557 2858 2740 2916 Iesum
2774 2859 3049 2917 Christum
3067 2858 3251 2935 (Joan.
3280 2875 3422 2927 xvu,

1833 2954 1911 3024 ὅ),
1943 2954 2226 3028 prmdicari
2254 2972 2420 3012 unttm
2454 2956 2621 3011 Deum
2649 2963 2857 3026 patrem
2884 2969 2948 3010 ex
2971 2970 3080 3027 quo
3120 2954 3334 3022 omnia,
3372 2961 3429 3011 et

1833 3062 1997 3102 unum
2030 3045 2315 3102 Dominum
2343 3048 2527 3104 Jesum
2555 3045 2831 3102 Christum
2881 3060 2979 3118 per
3032 3061 3191 3117 quem
3244 3044 3426 3102 omnia

1833 3140 1877 3215 (Ι
1898 3139 2019 3197 Cor.
2047 3157 2174 3207 vnt,
2201 3142 2292 3216 6),
2317 3153 2499 3197 natum
2530 3157 2602 3197 ex
2632 3141 2774 3207 Deo,
2800 3141 2888 3212 qui
2917 3149 2999 3197 est
3025 3150 3155 3196 ante
3174 3147 3422 3211 tempora

155 3227 232 3283 Dei
272 3246 383 3284 cum
430 3229 705 3285 Abraham
754 3239 807 3285 et
853 3228 1004 3284 Isaac
1051 3238 1105 3284 et
1159 3227 1328 3284 Jacbb
1376 3228 1712 3283 rccumbent.
1742 3230 1787 3294 C
1820 3234 2106 3307 internum
2138 3233 2272 3290 Tim.
2297 3251 2349 3301 ι,
2384 3235 2464 3308 9),
2495 3241 2551 3292 et
2577 3243 2695 3291 erat
2720 3235 2776 3289 in
2806 3233 3070 3306 principio
3087 3232 3230 3303 apud
3249 3232 3419 3289 Deum

156 3318 336 3390 (JIattlt.
368 3338 478 3389 ιίιι,
508 3323 623 3393 11).
654 3321 929 3377 Memento
957 3337 1076 3377 eam
1110 3321 1185 3391 (c)
1231 3336 1337 3376 non
1360 3320 1717 3392 qutestionem

154 3415 470 3488 pltilosoltltia:
499 3432 649 3492 esse,
679 3416 775 3472 sed
808 3416 1085 3488 Evangelii
1113 3416 1438 3472 doctrinam.
1469 3414 1583 3471 Non
1609 3425 1716 3472 tam

155 3513 260 3568 mihi
287 3526 457 3571 autem
481 3531 619 3585 rogo
645 3515 1000 3583 audientiam,
1033 3532 1193 3585 quam
1227 3516 1319 3572 tibi
1349 3524 1513 3588 atque
1534 3515 1715 3573 eccle-

150 3609 227 3664 siis
252 3610 358 3668 Dei.
388 3611 502 3683 Ego
523 3610 670 3667 enim
699 3626 864 3683 penes
886 3628 974 3667 me
1003 3610 1177 3667 habeo
1200 3611 1361 3667 [idem
1385 3654 1400 3678 ,
1443 3612 1716 3670 exteriore

151 3717 236 3758 non
266 3721 387 3777 egeo
418 3724 431 3762 :
460 3705 607 3779 quod
633 3707 818 3778 accepi
850 3716 1038 3775 teneo,
1074 3721 1175 3763 nec
1196 3705 1419 3763 demuto
1442 3705 1584 3778 quod
1617 3705 1715 3763 Dei

148 3806 231 3853 et.

205 3889 250 3945 9.
288 3891 576 3965 Scripturas
617 3895 842 3951 Itwretici
889 3911 1010 3951 suas
1039 3894 1108 3948 ad
1138 3904 1309 3966 partes
1364 3893 1599 3949 trahunt.
1635 3924 1708 3936 —

148 3981 237 4038 Sed
270 3998 530 4045 memento
560 3997 738 4045 tamen
766 3968 791 4053 ,’
828 3987 1098 4044 neminem
1133 3986 1509 4042 haereticorum
1539 4000 1661 4042 esse
1685 4029 1700 4054 ,

146 4079 291 4147 quise
320 4098 456 4140 nunc
485 4098 593 4140 non
623 4082 920 4139 secundum
949 4081 1262 4153 Scripturas
1287 4080 1587 4152 praedicare
1613 4094 1699 4148 ea,

198 4195 263 4270 (α)
285 4198 353 4273 _ln
379 4202 606 4273 vulgatis
629 4244 644 4268 ,
673 4201 1033 4270 impericutose
1062 4215 1081 4254 :
1106 4197 1195 4255 ubi
1210 4211 1281 4254 ex
1304 4212 1408 4253 ms.
1438 4195 1552 4253 Vat.
1580 4195 1697 4253 bas.

144 4271 411 4344 reponimus
439 4271 491 4328 ut
516 4273 825 4344 periculose.

199 4340 264 4411 (ὁ)
302 4341 355 4399 ln
383 4340 536 4412 mssf,
568 4361 743 4400 verum
772 4355 839 4399 te.

144 4500 155 4513 ,
197 4432 260 4513 (ξ)
295 4435 458 4513 Editi,
489 4454 590 4513 non
635 4438 690 4513 in
722 4436 1007 4513 quastione
1048 4433 1391 4506 philosOphite
1418 4451 1539 4513 esse
1560 4476 1587 4513 ,_
1605 4433 1698 4490 sed

139 4502 181 4579 in
202 4502 453 4579 Evangelii
479 4510 715 4565 doctrina
734 4502 769 4564 ἐ
806 4502 1162 4564 emendantur
1186 4502 1264 4563 ex'
1280 4522 1381 4579 ms.
1418 4506 1539 4579 Vat.
1564 4502 1690 4579 bas.

143 4572 673 4671 Σέξιξίξὲςεςιιξςηιίυυξ
689 4578 1490 4671 tereretarvartlﬁbrii
1514 4576 1689 4671 999s,
1719 4610 1771 4671 ι)

139 4659 268 4727 quam
287 4649 514 4727 citat-itas
538 4671 552 4707 :
578 4654 792 4727 qualetn
810 4651 1062 4727 nimirum
1085 4652 1153 4727 in_
1170 4649 1492 4721 Martyrihus
1519 4650 1689 4727 exsti-

140 4720 242 4794 tisse
268 4720 639 4780 animadvertit
679 4722 1009 4794 Augustinus
1036 4721 1090 4776 in
1118 4722 1208 4777 Ps.
1260 4720 1371 4777 Liv
1397 4762 1413 4784 ,
1461 4737 1514 4776 η.
1570 4720 1687 4794 21;

141 4786 223 4871 Qui
236 4794 376 4861 enim,
406 4796 577 4865 inquit
595 4838 610 4862 ,
642 4786 1033 4871 tum'CItristum
1062 4793 1432 4871 praedicabant.
1464 4790 1691 4871 non‘sibi

137 4861 289 4928 quibus
323 4875 427 4921 tum
471 4861 584 4924 erat
609 4868 843 4940 cognitus
864 4907 880 4933 ,
906 4866 996 4940 sed
1043 4861 1190 4940 nobis
1214 4865 1303 4936 qui
1327 4866 1489 4940 futuri
1520 4866 1691 4940 adhuc

136 4946 302 5057 giganta
324 4979 340 5005 ,
386 4940 464 4995 uel
487 4936 802 5012 quibus'tum
821 4948 931 4994 erat
953 4938 1241 5012 incognitus
1260 4978 1275 5004 ,
1303 4936 1686 5009 prazdicabant,

190 5099 258 5171 id)
277 5102 503 5162 Priscam
530 5106 646 5162 scil.
672 5114 727 5162 et
749 5103 1122 5171 Maximillam,
1143 5116 1278 5173 quas
1302 5101 1680 5174 Hieronymus,

134 5181 202 5236 θυι
248 5189 344 5240 ttv,
393 5178 457 5232 ad
505 5177 842 5241 Marcellam,
876 5176 943 5231 ad
970 5175 1330 5231 imitationem
1362 5174 1688 5239 Hilarii.in—

134 5253 258 5298 sanas
281 5249 485 5317 [uicinas
517 5258 691 5307 vocat.
725 5248 844 5304 Vid.
869 5247 1189 5304 Tertullian.
1220 5246 1260 5304 1.
1285 5246 1354 5302 de
1377 5244 1682 5317 Monogam.

134 5324 176 5366 η.
201 5314 249 5381 2,
267 5326 321 5373 et
344 5329 528 5377 contra
553 5321 814 5378 Praxeam
846 5338 898 5375 ιι.
936 5321 987 5375 1.

180 5404 246 5488 ,(ε)
281 5409 477 5469 Nomen
506 5413 793 5488 Scriptura:
835 5413 889 5468 in
933 5412 1452 5488 vulgati_s_om_i_ssum
1476 5454 1489 5477 ,
1519 5411 1680 5488 resti-

133 5481 296 5561 ξυίξιιιιε
323 5497 420 5553 ope
467 5501 595 5561 mss.
626 5481 1069 5561 ’Sttbsequentetn
1127 5482 1308 5561 Hilarii
1353 5483 1676 5561 sententiam

134 5554 335 5630 imitatur
381 5557 713 5630 et_illustrat
765 5554 1126 5630 Hieronymus
1168 5555 1234 5611 ad
1288 5554 1672 5630 ealcengial.

1823 3329 1964 3385 Deus
1992 3327 2230 3385 Verbum
2264 3326 2443 3402 (Joan.
2474 3343 2520 3393 t,
2545 3325 2636 3398 1):
2667 3326 2758 3399 qui
2792 3338 2871 3382 est
2896 3325 3074 3398 imago
3105 3324 3200 3381 Dei
3230 3323 3420 3381 invisi-

1821 3422 1945 3479 bilis
1969 3420 2191 3498 (Coloss.
2221 3439 2278 3491 ι,
2308 3423 2421 3494 15),
2453 3424 2505 3478 in
2537 3438 2644 3495 quo
2670 3422 2875 3478 habitat
2903 3422 3081 3477 omnis
3135 3418 3419 3493 plenitudo

1821 3518 2123 3575 divinitatis
2152 3517 2507 3588 corporaliter
2547 3517 2685 3592 (Col.
2717 3533 2785 3583 tt,
2810 3517 2867 3589 9)
2897 3517 2988 3587 qui
3018 3532 3140 3573 cum
3173 3515 3336 3592 550
3361 3514 3415 3572 in

1818 3610 1989 3667 forma
2024 3611 2115 3667 Dei
2145 3620 2319 3677 esset,
2353 3610 2648 3666 humilians
2677 3626 2737 3666 se
2766 3609 2961 3667 salutis
2993 3619 3193 3665 nostrae
3215 3623 3412 3676 causa,

1822 3703 2048 3760 formam
2075 3704 2215 3760 servi
2239 3720 2304 3759 ex
2331 3713 2598 3775 conceptu
2626 3703 2858 3775 Spiritus
2909 3702 3083 3759 sancti
3109 3702 3178 3759 de
3204 3702 3413 3774 virgine

1819 3798 2060 3869 accepit,
2091 3797 2262 3853 factus
2290 3795 2551 3854 ob'ediens
2570 3812 2740 3867 usque
2764 3797 2831 3852 ad
2860 3806 3125 3863 mortem,
3171 3804 3406 3852 mortem

1815 3900 1996 3946 autem
2027 3890 2204 3945 crucis
2231 3888 2453 3960 (Philip.
2482 3905 2519 3944 tt
2539 3931 2552 3955 ,
2584 3888 2641 3960 6)
2675 3906 2687 3942 :
2719 3896 2775 3944 et
2801 3897 2925 3960 post
2951 3887 3406 3945 resurrecdonem

1815 3985 2007 4040 mortis
2034 3983 2230 4040 deinde
2268 3984 2320 4037 in
2353 3983 2671 4040 coelestibus
2709 3982 2905 4039 sedens
2939 3979 3162 4061 (Ephes.
3201 3996 3256 4049 ι,
3283 3979 3404 4055 20),
3464 4024 3473 4037 .

1812 4077 1988 4133 aderit
2009 4076 2175 4149 judex
2197 4076 2522 4133 vivorutnet
2546 4085 2882 4131 mortuorum
2911 4074 3051 4148 (Act.
3098 4089 3161 4140 κ,
3186 4073 3287 4146 42)
3304 4115 3322 4144 ,
3349 4082 3407 4130 et

1804 4193 2074 4266 gustinus',
2107 4209 2196 4266 ep.
2244 4207 2365 4266 cxx,
2404 4191 2471 4248 ad
2492 4191 2751 4266 consent.
2785 4210 2839 4247 n.
2866 4192 2953 4258 13,
2982 4192 3180 4266 quieos
3199 4191 3254 4246 in
3272 4206 3403 4246 auc-

1804 4263 2008 4320 toritate
2035 4263 2290 4333 recipiunt
2310 4305 2322 4326 ,
2347 4264 2488 4336 ipsas
2515 4265 2614 4318 sibi
2635 4265 2868 4318 videntur
2898 4264 3081 4318 sectari
3098 4305 3112 4328 ,
3129 4278 3253 4336 cum
3280 4278 3399 4318 suos

1802 4337 1975 4407 potius
1997 4344 2255 4390 sectentur
2283 4335 2518 4401 errores;
2546 4352 2606 4390 ac
2636 4351 2727 4406 per
2752 4337 2848 4391 hoc
2871 4352 2974 4391 non
3001 4335 3136 4405 quod
3156 4350 3244 4390 eas
3277 4351 3401 4391 con-

1801 4417 2062 4481 temnant,
2091 4407 2180 4461 sed
2222 4408 2358 4481 quod
2398 4423 2484 4461 eas
2523 4423 2625 4481 no_n
2649 4408 2970 4481 intelligant,
3001 4407 3227 4481 lta’retici
3255 4416 3395 4481 sunt.

1800 4480 1868 4535 Et
1892 4487 1950 4533 nt
1974 4480 2227 4533 observat
2255 4477 2543 4551 Athanas.,
2572 4477 2664 4533 0r.
2692 4495 2729 4534 tt
2751 4477 2896 4535 cont.
2928 4479 3159 4551 Arianos
3184 4494 3239 4551 p.
3264 4479 3393 4548 315,

1799 4551 2114 4622 excogitator
2138 4552 2462 4622 inventorque
2488 4550 2747 4606 Itazreseon
2774 4550 3010 4605 diabolus
3035 4592 3050 4616 ,
3100 4550 3237 4605 metu
3287 4566 3397 4606 sua!

1795 4620 2177 4693 graveolenlite,
2209 4620 2595 4689 Script’urarum
2623 4639 2767 4677 voces
2795 4632 3014 4693 usurpat
3037 4640 3054 4689 ;
3085 4631 3137 4676 ut
3165 4621 3271 4676 illis
3296 4622 3391 4676 ob-

1796 4704 1995 4767 lectusL
2013 4693 2257 4763 adsperso
2281 4709 2474 4767 geneno
2506 4710 2622 4758 suo,
2653 4693 2912 4766 simplices
2934 4694 3175 4767 decipiat.

1869 4765 1937 4840 (ι’)
1965 4764 2055 4821 Sic
2279 4764 2419 4840 [ξιμῐί
2450 4780 2580 4822 vero
2602 4762 2915 4840 profutura:
2949 4762 3149 4840 Deinde
3171 4762 3388 4840 sub-pn-

1793 4835 1926 4892 blica
1947 4835 2276 4903 conscientia,
2299 4836 2351 4891 id
2366 4845 2470 4903 est,
2487 4851 2669 4907 coram
2692 4835 2747 4893 et
2775 4837 3006 4907 publice.
3035 4837 3145 4891 l‘loc
3168 4836 3390 4892 Ambro-

1793 4910 1908 4966 sius
1952 4909 2004 4963 in
2034 4922 2185 4963 more
2216 4907 2474 4964 Ecclesia:
2512 4906 2683 4964 fuisse
2729 4906 2941 4976 innuit,
2995 4917 3053 4965 ut
3098 4908 3388 4978 episcopus

1792 4980 1847 5036 in
1892 4980 2120 5036 ecclesia
2172 4986 2228 5034 et
2288 4994 2473 5034 coram
2522 4980 2723 5050 pOpttlo
2784 4983 2853 5037 de
2901 4980 3005 5039 lide
3056 4980 3379 5049 diSputaret.

1792 5053 2003 5136 Quippe
2014 5051 2197 5121 jussus
2215 5062 2273 5111 ut
2292 5051 2718 5136 ad_i£nlt§ratpris
2744 5053 3125 5136 consistorium
3152 5052 3381 5136 veniret,

1792 5120 2001 5191 scribit,
2017 5120 2103 5196 ep.
2129 5137 2243 5196 xxi,
2276 5138 2330 5177 ιι.
2354 5124 2420 5178 17
2442 5120 2462 5176 ι
2484 5120 2766 5196 venissem,
2788 5124 3099 5196 Imperator,
3116 5124 3184 5178 ad
3199 5124 3384 5196 consis-

1792 5194 2284 5269 toriumgclementia:
2304 5203 2423 5260 tute,
2446 5206 2500 5269 ut
2530 5194 2637 5251 lucc
2656 5212 2829 5252 coram
2855 5194 3199 5269 suggererem,
3228 5194 3274 5250 si
3301 5209 3384 5269 me

1792 5267 1872 5339 uel
1917 5267 2167 5339 episcopi
2192 5266 2271 5321 vel
2324 5267 2545 5339 populus
2589 5264 2970 5339 permisissent,
3044 5268 3267 5339 dicentes
3318 5264 3383 5320 de

1794 5338 1900 5412 ﬁde
1917 5340 1971 5393 in
1989 5336 2206 5412 ecclesia
2229 5336 2402 5412 coram
2428 5336 2619 5412 populo
2647 5340 2826 5395 debere
2847 5341 3100 5412 tractari;
3117 5346 3173 5394 et
3197 5337 3376 5412 Serm.

1787 5407 1855 5466 de
1884 5409 2127 5465 basilicis
2148 5407 2508 5465 tradendis'n.
2539 5413 2604 5477 5,
2638 5420 2770 5465 ιοιιι.
2803 5428 2863 5478 tt,
2900 5432 2951 5480 ιι.
2980 5407 3087 5466 864
3134 5426 3148 5466 :
3176 5408 3257 5463 Ad
3286 5427 3378 5478 pa-

1786 5482 1971 5537 latium
1991 5481 2314 5553 imperatoris
2336 5482 2462 5537 irem
2492 5482 2729 5545 libenter,
2757 5485 2798 5537 si
2828 5486 2922 5539 hoc
2971 5491 3273 5552 congrueret
3293 5498 3375 5535 sa-

1784 5555 2006 5609 cerdotis
2032 5552 2225 5624 ofﬁcio,
2250 5560 2309 5608 ut
2328 5553 2380 5607 in
2409 5554 2602 5621 palatio
2632 5555 2797 5624 magis
2825 5565 3107 5622 certarem,
3144 5570 3298 5623 quam
3322 5554 3376 5608 in

132 5629 286 5700 contra
313 5624 557 5695 Lucifer,
589 5630 776 5686 dicens
816 5622 997 5699 :quot'l
1038 5627 1325 5697 Scriptum
1353 5645 1457 5683 non
1500 5628 1558 5682 in
1601 5626 1675 5683 le-
1780 5622 2090 5700 ecclesia....
2138 5622 2359 5681 Causam
2425 5625 2552 5695 [idei
2597 5626 2652 5681 in
2697 5622 2909 5685 ecclesia
2960 5622 3215 5700 agendam
3260 5627 3374 5697 quis

133 5692 269 5775 gendo
285 5692 554 5775 consistant
572 5743 588 5768 ,
619 5707 708 5758 sed
737 5702 791 5754 in
824 5692 1168 5775 intelligemlo
1197 5716 1215 5755 :
1242 5700 1436 5772 alioqui
1460 5700 1505 5754 si
1532 5700 1670 5775 litte-

134 5774 223 5843 gum
246 5770 487 5843 sequimur
509 5814 525 5839 ,
555 5789 827 5843 possumus
866 5782 916 5827 et
944 5769 1036 5829 nos
1074 5788 1270 5843 quoque
1298 5769 1485 5826 novum
1526 5769 1670 5827 nobis

136 5820 289 5904 'tlognt‘tl
305 5820 1034 5914 '.am..:a;:'6a7;..".as
1064 5820 1329 5917 tanta;
1337 5820 1669 5917 nataui:

1778 5701 1970 5755 abnuat
1985 5697 2012 5753 .9

1850 5768 1927 5854 (g)
1960 5768 2208 5854 antiqua:
2229 5766 2494 5854 editiones
2522 5784 2644 5854 eum
2673 5785 2803 5854 mss.
2828 5775 3166 5848 praetermitto
3186 5792 3207 5832 :
3226 5771 3371 5847 quod

1774 5856 1806 5901 a
1828 5840 2015 5918 Lipsi‘o
2038 5840 2147 5901 non
2175 5840 2318 5901 male
2346 5851 2653 5903 correctum
2686 5853 2791 5905 est.
