3996 6330
559 285 659 342 £7]

1794 286 2072 343 ιιιιιενιΑ
2119 288 2145 344 Ε

2250 283 2568 343 εηιιτιιέιιυ
3710 291 3791 343 δτι,

559 417 656 459 rex
682 400 926 457 omnium
954 409 1284 460 aeternorum
1304 400 1650 459 saeculorum.
1683 401 1778 457 Est
1799 401 1941 458 enim
1965 402 2148 472 unigc-
2177 404 2223 463 Α
2255 409 2445 455 sancto
2497 401 2565 453 ita
2592 395 2832 465 credidi,
2865 407 2922 452 ut
2956 395 3092 452 ultra
3141 394 3281 451 banc
3329 394 3392 452 de
3437 396 3640 454 Domino
3682 401 3780 456 Ji-sn

557 496 707 553 nitus
735 495 876 552 Deus
905 492 1084 567 (han.
1143 510 1191 563 ι,
1227 494 1351 565 l8),
1382 504 1438 552 et
1467 497 1608 551 Deus
1660 509 1820 551 verus
1842 535 1858 560 ,
1914 503 1971 550 et
2009 494 2152 549 Deus

559 604 808 661 magnus,
823 598 876 646 et
897 604 1063 660 super
1084 589 1264 646 omnia
1291 591 1429 648 Deus
1448 589 1622 663 (Rom.
1653 605 1704 646 ιχ
1722 629 1738 656 ,
1763 587 1820 660 5)
1849 606 1861 644 :
1893 598 1947 645 et
1975 589 2155 644 omnis

551 683 752 752 lingua
777 682 1143 750 conﬁtebitur,
1175 683 1300 754 quia
1335 684 1593 740 Dominus
1615 683 1773 739 .lesus
1802 683 2049 740 Christus
2101 683 2153 737 in

557 776 728 848 gloria
761 775 855 831 Dei
887 775 1056 845 patris
1070 775 1337 845 est(Plu'l.
1364 792 1425 840 ιι,
1451 776 1564 845 ll).
1597 775 1724 832 Haec
1749 791 1848 846 ego
1871 774 1924 831 in
1949 774 2154 844 Spiritu

2256 493 2469 550 Christo
2499 491 2658 548 fidem
2688 507 2793 547 non
2826 491 3027 562 possim
3058 489 3242 546 doceri
3275 506 3287 543 :
3322 507 3424 546 non
3456 506 3542 562 per
3569 493 3667 550 bac
3693 499 3783 550 atii-

2263 601 2416 642 mens
2444 595 2654 659 patrum
2677 585 2802 642 fidei
2833 585 3145 656 religionem
3170 629 3185 653 ,
3215 585 3310 642 sed
3339 588 3612 642 secundum
3663 605 3790 661 rege-

2265 680 2561 737 nerationis
2587 695 2722 735 mea:
2746 678 3084 751 symbolum,
3122 688 3176 734 et
3200 678 3478 734 .doctrina:
3516 683 3793 752 evangelica

2265 774 2548 829 scientiam
2570 815 2584 842 ,
2608 773 2677 828 ab
2699 788 2763 829 ea
2788 772 2939 844 juxta
2965 773 3064 828 ista
3095 788 3199 828 non
3231 773 3525 828 dissonans.

1193 1029 1924 1162 PRAEVIA
2004 1024 3222 1163 DISSE'RTATIO

927 1255 1068 1341 IN
1168 1253 1704 1339 LIBRUM
1799 1253 2351 1338 CONTRA
2449 1253 3489 1340 CONSTANTIUM.

628 1537 668 1592 Ι.
715 1535 814 1591 Hic
840 1536 967 1591 liber
991 1553 1105 1590 eum
1135 1535 1252 1589 aliis
1272 1535 1473 1589 videtur
1504 1549 1836 1607 pugnare.-—
1857 1531 2025 1601 Quam
2050 1529 2153 1585 sibi

552 1631 930 1687 sanctissimus
982 1629 1187 1685 Christi
1237 1627 1517 1683 confessor
1567 1625 1866 1682 constantis
1924 1639 1988 1678 ac
2033 1636 2152 1677 mo-

558 1724 732 1780 derati
755 1723 920 1778 animi
951 1723 1184 1794 gloriam
1225 1721 1560 1792 comparavit
1612 1720 1730 1775 aliis
1784 1719 1974 1782 libris,
2031 1731 2148 1773 eam

553 1820 659 1874 lioc
683 1834 790 1874 uno
819 1817 961 1887 apud
991 1818 1279 1889 plerosque
1314 1831 1456 1888 pene
1503 1824 1672 1871 totam
1724 1812 1924 1870 amisit.
1978 1811 2148 1867 Tanta

549 1911 694 1967 enim
718 1911 771 1966 in
797 1911 1036 1968 omnium
1067 1911 1261 1966 animis
1306 1925 1493 1980 regum
1514 1910 1813 1966 reverentia
1856 1906 2013 1964 insita
2043 1914 2147 1973 est,

542 2014 609 2059 ,ιιι
637 2004 841 2059 nullam
890 2005 988 2074 ipsi
1029 2002 1405 2059 rationabilem
1435 2017 1653 2060 causam
1703 2001 1869 2056 fuisse
1925 2008 2144 2070 putent,

549 2111 651 2152 cur
676 2098 728 2152 in
758 2095 1136 2154 Constantium
1185 2097 1539 2152 vehementer
1597 2095 1734 2151 adeo
1781 2091 2144 2149 inveheretur.

550 2190 631 2243 Eo
659 2190 810 2245 illum
840 2189 1132 2245 adductum
1165 2190 1302 2246 dixit
1333 2205 1439 2244 non
1463 2203 1622 2244 nemo
1643 2186 1950 2260 prolixioris
1972 2185 2148 2242 exsilii

548 2285 922 2355 impatientia,
957 2285 1171 2354 plurimi
1224 2283 1314 2339 alii
1361 2283 1541 2340 inuata
1593 2282 1939 2338 ferventioris
1983 2292 2148 2352 atque

548 2377 870 2434 austerioris
892 2379 1056 2434 animi
1087 2377 1294 2433 indole.
1317 2377 1451 2434 Aliis
1475 2376 1639 2432 etiam
1674 2376 1820 2431 visus
1851 2384 1933 2428 cst
1961 2372 2014 2428 in
2047 2372 2148 2431 hoc

545 2475 813 2548 Opusculo
840 2474 941 2530 sibi
972 2489 1080 2529 non
1106 2483 1390 2538 constare,
1449 2487 1513 2529 ac
1558 2473 1627 2528 de
1664 2469 2032 2528 Orientalibus
2054 2484 2150 2524 eo-

545 2583 777 2639 rumque
808 2567 931 2622 lidei
975 2566 1408 2622 confessionibus
1470 2580 1570 2622 nec
1605 2580 1711 2621 non
1765 2565 1832 2620 de
1881 2563 2148 2618 vocabulo

549 2662 889 2718 bomoeusion
912 2661 1056 2730 loqui
1077 2659 1233 2716 aliter
1253 2675 1411 2730 quam
1437 2658 1573 2714 libro
1595 2659 1662 2714 de
1684 2657 2146 2729 synodisscripse-

548 2766 631 2810 rat
663 2772 676 2808 :
705 2755 856 2825 quasi
891 2755 944 2810 in
977 2753 1080 2809 hoc
1109 2761 1296 2824 aperte
1315 2763 1531 2823 respuat
1557 2767 1622 2808 ac
1641 2753 1892 2818 damnet,
1925 2749 2067 2820 quod
2094 2751 2144 2806 in

546 2850 721 2905 altero
752 2861 843 2904 aut
868 2848 1140 2914 laudavit,
1174 2857 1267 2902 aut
1319 2849 1616 2904 excusavit.
1677 2845 1793 2901 Erit
1852 2844 1988 2900 forte
2043 2845 2146 2902 ali-

546 2945 767 3016 quando
789 2986 802 3009 ,
825 2945 913 3014 qui
945 2960 1069 3000 cum
1099 2953 1386 3013 utrumque
1416 2942 1548 2998 illud
1601 2957 1735 3012 opus
1765 2955 1871 2996 non
1904 2939 2146 3000 moribus

545 3041 719 3097 solum
757 3040 902 3111 (quia
951 3040 1072 3095 libri
1099 3039 1166 3095 de
1191 3038 1413 3110 synodis
1434 3037 1601 3094 verba
1647 3037 1827 3094 omnia
1874 3050 2142 3092 summam

547 3132 933 3188 humanitatem
955 3131 1223 3202 spirant),
1293 3129 1390 3188 sed
1440 3140 1496 3186 et
1539 3128 1826 3186 sententiis
1879 3127 2145 3184 dissidere

546 3227 816 3299 posuerit,
846 3226 1009 3282 alium
1038 3226 1106 3279 ab
1137 3225 1342 3279 llilario
1370 3224 1528 3294 hujus
1547 3233 1827 3279 auctorem
1857 3221 2140 3293 quairitet:
2171 3259 2215 3324 Ο

549 3329 804 3391 putetque
833 3319 969 3375 hanc
995 3319 1305 3387 Opinionem
1336 3332 1486 3374 suam
1509 3331 1574 3372 eo
1622 3331 1684 3371 se
1740 3329 1898 3384 posse
1938 3313 2140 3369 confir-

549 3429 729 3480 mare,
757 3412 899 3484 quod
931 3413 982 3466 in
1006 3411 1382 3481 superioribus
1433 3411 1498 3465 ad
1551 3409 2143 3470 ConSIantiumlibellis

551 3509 709 3578 longe
739 3507 896 3562 aliter
925 3522 1050 3577 erga
1079 3506 1330 3561 eumdem
1361 3504 1746 3575 Imperatorem
1776 3518 1835 3560 se
1864 3511 2034 3574 gerat.
2088 3503 2141 3556 In

551 3601 617 3656 iis
639 3613 832 3669 nempe
861 3614 1064 3654 morem
1090 3598 1227 3669 gerit
1272 3598 1373 3668 pias
1427 3597 1844 3661 consuetudini,
1893 3611 1996 3668 qua
2025 3637 2041 3663 ,
2088 3606 2144 3651 nt

549 3693 666 3762 ipse
695 3692 856 3746 tradit
879 3691 932 3746 in
958 3689 1099 3746 Psal.
1133 3706 1261 3756 xm,
1288 3706 1480 3746 num.t
1515 3691 1662 3760 :quis
1704 3689 1852 3744 verba
1887 3691 2021 3760 regis
2065 3691 2146 3743 iu-

548 3795 861 3856 terpretans,
889 3795 934 3838 et
967 3795 1221 3854 pracepta
1251 3787 1364 3858 ejus
1388 3785 1441 3838 in
1473 3800 1649 3838 aurem
1680 3784 1860 3854 pepuli
1891 3783 2145 3840 deducens

548 3889 694 3934 curat
720 3879 991 3947 diligenter
1010 3889 1056 3933 et
1079 3890 1228 3934 caute
1282 3895 1372 3947 per
1429 3877 1576 3950 o/Iicii
1629 3879 1962 3934 reuerentiam
2009 3879 2145 3951 regis

547 3975 844 4043 satisfacere
863 3971 1106 4044 dignitati
1123 4012 1137 4038 ,
1165 3981 1219 4026 ut
1242 3988 1357 4026 cum
1384 3973 1578 4026 honore
1601 3989 1660 4025 ac
1687 3971 1932 4045 religione
1971 3973 2144 4026 omnia

547 4075 593 4118 et
647 4064 938 4134 relegantur
1010 4073 1056 4118 et
1079 4063 1383 4118 audiantur.
1435 4063 1572 4118 Cum
1628 4072 1806 4118 autem
1861 4077 1967 4118 non
2017 4078 2150 4116 con-

547 4158 840 4214 suetudine
891 4159 1108 4225 solum,
1165 4157 1260 4213 sed
1304 4167 1358 4214 et
1407 4173 1468 4213 ca
1495 4159 1658 4214 etiam
1717 4158 1962 4219 ratione.
2006 4158 2148 4228 quod

546 4269 696 4308 omne
751 4268 966 4324 regnum
1015 4269 1046 4306 a
1102 4249 1212 4307 Deo
1238 4253 1338 4318 sit,
1372 4251 1708 4323 potissimam
1738 4249 1850 4322 regi
1891 4265 2147 4306 reveren-

548 4346 675 4400 tiam
723 4345 905 4399 deberi
964 4345 1286 4415 Fragmenta
1334 4360 1352 4400 ι
1398 4387 1412 4412 ,
1441 4361 1590 4400 num.
1623 4346 1686 4411 5,
1739 4343 2044 4415 approbet,
2083 4359 2147 4400 ac

545 4453 726 4493 sermo
790 4438 958 4507 ipsius
1012 4437 1272 4493 doctrina:
1322 4436 1448 4493 huic
1481 4438 1680 4509 ubique
1708 4438 1991 4503 coneinat;
2022 4453 2146 4494 eum

547 4540 660 4588 tum
719 4531 900 4589 subito
975 4542 1237 4588 mutatum
1292 4546 1415 4588 esse
1480 4548 1625 4606 a‘gre
1677 4531 1781 4588 sibi
1854 4531 2148 4604 persuade-

545 4627 646 4684 bit.

2258 1545 2485 1596 vocare,
2519 1547 2735 1588 errores
2755 1531 3030 1603 ipsorum,
3063 1542 3322 1604 quantum
3367 1535 3512 1590 licuit
3553 1535 3701 1591 illmsa
3737 1554 3806 1592 ve-

2260 1627 2450 1690 ritate,
2503 1633 2560 1682 et
2603 1626 3044 1684 dissimulavitet
3083 1631 3384 1684 excusavit.
3439 1629 3530 1686 Ubi
3577 1647 3692 1686 vero
3729 1647 3804 1702 spe

2252 1715 2364 1787 jam
2395 1717 2719 1786 frustratus,
2751 1718 2927 1774 timuit
2973 1735 3041 1774 ne
3091 1719 3411 1776 dissimulati
3461 1723 3510 1776 in
3557 1723 3803 1791 perniciem

2260 1811 2384 1867 fidei
2409 1821 2719 1868 crescerent
2745 1854 2760 1879 ,
2784 1812 3007 1870 eosdem
3031 1823 3084 1868 et
3109 1814 3401 1884 publicavit
3428 1814 3591 1885 palam
3637 1827 3684 1868 et
3725 1816 3804 1869 im-

2255 1905 2520 1975 probavit.
2553 1905 2888 1976 Quamquam
2914 1916 2971 1961 ut
2995 1911 3046 1960 in
3079 1907 3217 1962 libro
3241 1906 3308 1961 de
3335 1907 3564 1981 Synodis
3598 1907 3806 1964 Orienta-

2253 2000 2332 2055 les
2360 2000 2616 2057 Ecclesite
2642 2000 2962 2056 conciliandi
2985 2002 3165 2057 studio
3189 2018 3294 2057 non
3321 2006 3392 2057 ita
3420 2003 3660 2072 abreptus
3699 2016 3790 2069 e~t,

2253 2101 2310 2150 ut
2333 2094 2474 2164 quod
2508 2095 2558 2148 in
2587 2095 2664 2150 cis
2695 2102 2840 2150 esset
2864 2095 3372 2164 reprehendendum
3421 2107 3613 2151 taceret
3647 2099 3745 2151 :sic
3763 2107 3807 2152 et

2251 2187 2304 2244 in
2332 2186 2435 2241 ltoc
2458 2186 2642 2242 libello
2667 2187 2735 2240 ita
2764 2202 2824 2242 se
2853 2195 3146 2258 temperat,
3173 2198 3233 2243 ut
3259 2203 3380 2243 cum
3431 2204 3612 2244 otnnes
3652 2205 3802 2244 eorum

2252 2279 2377 2334 fidei
2405 2279 2770 2350 professiones
2787 2280 3075 2352 improbet,
3096 2296 3186 2335 eas
3204 2289 3384 2336 tamen
3401 2297 3504 2338 non
3525 2295 3668 2352 neget
3693 2284 3806 2337 vitiis

2247 2387 2436 2429 carere
2450 2373 2713 2444 potuisse.
2734 2371 3090 2429 Luculentum
3104 2385 3186 2430 est
3202 2374 3332 2430 illud
3350 2391 3497 2431 num.
3517 2374 3608 2430 24:
3629 2376 3808 2431 Etimnn’

2249 2465 2402 2520 iit/tis
2434 2465 2671 2520 omnibus
2710 2465 3192 2540 (COnfessionibus)
3235 2469 3367 2522 nihil
3401 2469 3627 2524 vitiorum
3668 2471 3807 2530 subia-

2250 2574 2364 2613 cere
2393 2559 2710 2629 afﬁrmetur;
2755 2576 2855 2614 non
2886 2570 3058 2614 tamen
3081 2578 3237 2615 causa
3287 2561 3542 2634 religiosa:
3576 2563 3806 2616 voluntatis

2249 2653 2432 2708 inesset
2449 2654 2599 2723 :quia
2625 2654 2748 2708 mali
2761 2655 3022 2709 meditatio
3041 2667 3114 2710 est
3128 2658 3375 2710 bonorum
3398 2658 3680 2712 demutatio.
3697 2656 3807 2711 llnr-

2249 2764 2370 2805 sum
2394 2765 2516 2805 cum
2543 2766 2690 2804 num.
2731 2750 2833 2816 25,
2863 2749 3129 2818 affirmet,
3163 2751 3380 2808 Nic-aena
3433 2753 3534 2808 fide
3561 2754 3804 2815 fundatas,

2249 2840 2584 2896 Antiocltena
2616 2851 2705 2896 aut
2733 2841 3038 2898 Sardiccnsi
3088 2855 3178 2899 ant
3223 2845 3503 2901 Sirmiensi
3525 2862 3622 2902 non
3639 2861 3802 2917 cgere;

2251 2937 2394 2991 ultro
2445 2945 2621 2990 tamen
2668 2935 2956 3002 concedit,
2998 2937 3244 3008 qu:edam
3296 2939 3349 2994 in
3412 2939 3491 2995 bis
3521 2955 3634 2996 esse
3675 2939 3807 2992 verba

2251 3029 2467 3085 Arionis
2492 3028 2876 3092 inimicissima,
2908 3045 3138 3100 quorum
3202 3032 3540 3102 professione
3582 3033 3811 3088 Constan-

2250 3121 2356 3178 tius
2381 3135 2503 3176 sese
2534 3121 2676 3192 pium
2700 3123 2840 3192 apud
2885 3120 3264 3179 Occidentales
3315 3126 3684 3182 mentiebatur.
3728 3123 3810 3178 Nc-

2249 3232 2353 3288 que
2391 3217 2553 3270 etiam
2585 3214 2950 3284 hommusion,
2979 3219 3242 3287 quamvis,
3270 3236 3423 3274 num.
3452 3220 3540 3287 9.5,
3571 3220 3662 3275 sibi
3685 3218 3741 3272 ad
3763 3219 3811 3284 ti-

2251 3309 2364 3364 dem
2389 3311 2608 3364 otiosum
2637 3320 2846 3365 asserat
2870 3353 2882 3375 ,
2912 3326 3133 3382 prorsus
3157 3311 3404 3382 respuit;
3463 3313 3553 3368 scd
3579 3329 3632 3368 ea
3661 3312 3810 3365 omni-

2248 3417 2318 3455 no
2366 3401 2607 3467 ratione,
2651 3417 2755 3472 qua
2789 3401 2925 3456 libro
2973 3401 3039 3456 de
3079 3401 3345 3474 Synodis,
3407 3403 3532 3458 illud
3577 3402 3806 3473 approbat

2250 3509 2396 3548 ntnn.
2425 3493 2521 3556 2‘2,
2557 3495 2644 3548 ubi
2677 3497 2749 3548 ait
2784 3517 2797 3550 :
2831 3492 2962 3548 Mihi
2992 3497 3197 3566 quidem
3219 3497 3538 3562 similitudo,
3573 3515 3632 3552 ne
3658 3497 3807 3550 unioni

2249 3583 2397 3639 detur
2416 3586 2652 3651 occasio,
2708 3598 2885 3642 sancta
2939 3599 3033 3642 est.
3079 3587 3212 3656 Quis
3265 3588 3503 3660 denique
3550 3607 3662 3645 cum
3705 3604 3807 3658 erga

2248 3677 2580 3745 Orientales,
2613 3679 2700 3750 qni
2731 3678 3070 3737 bomoeusion
3096 3685 3537 3752 propugnabant,
3566 3685 3708 3738 aliter
3747 3679 3806 3734 af-

2249 3773 2446 3829 fectum
2476 3775 2775 3841 existimet;
2804 3792 2962 3848 quem
2994 3794 3098 3834 non
3127 3779 3294 3836 semel
3340 3782 3492 3837 audit
3538 3778 3811 3837 Constantio

2247 3868 2664 3937 exprobrantem
2690 3871 2831 3939 quod
2845 3871 2949 3925 vim
2967 3871 3045 3926 eis
3072 3871 3285 3941 fecerit,
3312 3884 3370 3928 ut
3387 3875 3656 3946 pristinam
3680 3873 3809 3928 fidem

2249 3964 2602 4020 desererent?
2631 3963 2751 4020 Non
2776 3966 3008 4022 obscure
3037 3969 3250 4037 quidem
3278 3972 3546 4038 significat
3578 3985 3709 4024 num.
3740 3967 3810 4024 li.

2251 4055 2350 4112 sibi
2379 4074 2482 4111 non
2504 4058 2635 4113 satis
2663 4058 2940 4130 probatam
2973 4077 3156 4117 eorum
3189 4062 3348 4118 fidem
3381 4082 3394 4130 ;
3427 4065 3496 4119 ibi
3544 4071 3705 4118 tamen
3746 4075 3810 4114 eo-

2253 4167 2370 4207 rum
2421 4152 2633 4222 aliquos
2663 4153 2922 4208 nonnulla
2961 4155 3045 4224 pie
3078 4157 3256 4211 verbis
3311 4159 3566 4228 prcherre
3607 4152 3814 4210 testiﬁca-

2252 4253 2338 4298 tur
2369 4262 2380 4297 :
2407 4243 2459 4298 in
2487 4245 2849 4316 vituperando
2874 4261 2980 4303 non
3010 4249 3223 4315 minus,
3258 4264 3423 4320 quam
3476 4252 3528 4306 in
3582 4245 3813 4305 laudando

2251 4337 2583 4392 moderatus.
3041 4387 3062 4399 κ

2323 4429 2411 4487 lll.
2437 4429 2631 4488 Innata
2653 4431 2849 4490 Hilarii
2884 4434 3071 4489 lenitas
3119 4436 3408 4492 vindicatur
3457 4453 3520 4491 ex
3562 4433 3813 4492 testimonio

2250 4536 2493 4581 ueterum.
2521 4555 2594 4568 —~
2629 4525 2880 4583 Pluribus
2905 4543 3042 4598 Opus
3070 4544 3193 4585 esse
3244 4545 3350 4585 non
3396 4532 3729 4594 arbitramur,
3770 4534 3814 4580 ut

2252 4618 2486 4688 vulgaris
2511 4617 2873 4688 ruatopinio,
2911 4634 3012 4688 qua
3060 4619 3319 4675 llilarinm
3346 4622 3450 4676 boc
3494 4622 3626 4676 libro
3642 4629 3813 4674 retrac-

617 4719 682 4777 ll.
717 4719 843 4774 Cum
873 4720 1004 4777 libro
1031 4721 1095 4776 de
1124 4721 1353 4794 Synodis
1374 4721 1700 4777 conciliatur.
1720 4751 1792 4763 --
1823 4721 2021 4777 Verum
2050 4734 2144 4777 ne-
2172 4684 2227 4746 D
2255 4684 2396 4764 ῑτιεέθ
2442 4725 2505 4764 ac
2545 4684 2830 4766 revocasse
2861 4684 3050 4782 putant
3070 4754 3083 4777 .
3107 4711 3250 4783 quod
3277 4713 3416 4768 libro
3447 4712 3516 4768 de
3543 4707 3811 4786 Synndisiﬂ

547 4829 637 4870 mo
663 4814 933 4870 obtinebit
965 4830 1250 4886 umquam,
1287 4823 1344 4870 ut
1373 4813 1593 4872 libellus
1642 4815 1691 4871 is
1720 4813 1930 4870 Hilario
1949 4813 2149 4883 eripia-

547 4915 655 4973 tur,
689 4923 849 4978 quem
881 4907 1024 4962 inter
1060 4923 1224 4979 opera
1259 4908 1404 4963 illius
1455 4917 1705 4964 recenset
1746 4907 2144 4977 Hieronymus,

545 5014 818 5071 quemque
875 5000 973 5070 ipsi
1016 4998 1300 5055 Facundos
1366 4999 1771 5055 Hermianensis
1811 4997 1903 5053 lib.
1957 5005 2144 5052 contra

542 5093 880 5160 Mocianum,
909 5108 1010 5150 nec
1043 5109 1147 5148 non
1175 5093 1448 5150 Vaticanae
1469 5092 1707 5151 basilicre
1728 5092 1899 5148 codex
1956 5105 1984 5144 a
2008 5091 2144 5147 duo-

542 5187 714 5244 decim
741 5203 879 5259 pene
921 5189 1135 5243 saeculis
1159 5199 1413 5246 exaratus
1440 5231 1454 5256 ,
1481 5199 1534 5245 et
1562 5205 1750 5245 omnes
1783 5204 1916 5244 mss.
1945 5203 2140 5259 magno

541 5297 810 5338 consensu
840 5281 1175 5337 adscribunt.
1206 5282 1390 5354 Neque
1445 5297 1576 5337 vero
1600 5282 1712 5337 ulla
1738 5291 1821 5338 est
1846 5282 1988 5337 illius
2015 5295 2137 5336 cum

541 5373 680 5430 libro
705 5375 772 5430 de
795 5375 1018 5447 synodis
1047 5389 1254 5446 pugna;
1285 5375 1379 5432 sed
1404 5376 1546 5444 quod
1577 5375 1629 5431 in
1681 5390 1788 5432 uno
1855 5375 2030 5429 minus
2057 5373 2138 5428 dl-

543 5477 687 5524 sorte
714 5483 777 5524 ac
799 5469 1144 5539 paucioribus
1168 5469 1381 5532 verbis,
1410 5469 1461 5523 in
1485 5469 1656 5524 altero
1685 5468 1857 5524 fusius
1903 5475 1957 5521 et
1980 5481 2139 5532 aper-

542 5560 650 5615 tius
675 5561 1001 5616 declaratur.
1025 5561 1185 5617 Certe
1232 5563 1283 5615 in
1315 5573 1543 5632 utroque
1575 5561 1842 5629 llilarius,
1870 5560 2054 5614 animo
2077 5573 2140 5614 ac

544 5656 812 5711 sententia
844 5670 947 5709 non
978 5665 1213 5712 mutatus
1237 5699 1252 5723 ,
1278 5664 1481 5712 mutata
1512 5673 1690 5713 rerum
1715 5659 1849 5712 facie
1872 5655 2140 5711 diversam

548 5749 647 5806 init
670 5751 974 5807 disserendi
1001 5755 1286 5810 rationem.
1314 5753 1419 5816 Ubi
1442 5755 1585 5810 enim
1613 5753 1850 5827 speravit
1895 5749 2145 5807 Orienta-

548 5843 629 5901 les
656 5845 723 5901 ad
751 5859 934 5903 veram
966 5846 1128 5906 tidem
1153 5857 1210 5908 et
1231 5850 1511 5909 catholicae
1533 5849 1789 5912 Ecclesiae
1835 5845 2014 5907 sinum
2060 5860 2147 5906 rei

2249 4803 2478 4874 gratiam
2499 4801 2850 4860 Orientalium
2881 4804 3232 4860 ilisseruerat.
3271 4805 3559 4862 Difﬁcilius
3587 4808 3710 4860 forte
3730 4804 3813 4858 erit

2249 4896 2466 4953 satisiis
2497 4896 2699 4966 facere,
2728 4900 2819 4970 qui
2852 4898 3041 4954 immiti
3067 4915 3190 4954 eum
3222 4899 3406 4955 animo
3435 4900 3600 4955 fuisse
3643 4914 3704 4953 ex
3733 4897 3813 4948 hoc

2249 4992 2390 5048 libro
2412 5003 2676 5064 arguunt,
2717 4993 3023 5049 antsaltem
3073 4992 3126 5049 in
3176 5009 3242 5050 eo
3283 4996 3540 5067 ingenita:
3593 4991 3814 5048 bonitatis

2249 5097 2412 5158 atque
2439 5086 2675 5142 lenitatis
2697 5103 2820 5142 esse
2845 5087 3095 5144 oblitum.
3132 5087 3243 5144 Illis
3271 5098 3449 5144 tamen
3479 5087 3647 5158 primo
3675 5097 3816 5156 oppo-

2245 5183 2422 5238 nimus
2438 5181 2690 5237 Rufinum
2730 5181 2842 5253 (lib.
2872 5198 2888 5238 ι
2920 5180 3056 5238 Hist.
3082 5183 3235 5248 eccl..
3275 5201 3392 5252 cap.
3418 5182 3544 5256 5|).
3598 5196 3696 5260 non
3739 5193 3814 5232 so-

2245 5275 2352 5330 lum
2412 5276 2689 5345 conceptis
2735 5276 2916 5331 verbis
2963 5284 3250 5332 testantem
3297 5277 3438 5346 quod
3487 5286 3667 5330 natura
3711 5268 3816 5326 lenis

2243 5381 2350 5427 erat
2381 5381 2428 5425 et
2453 5372 2723 5443 placidus,
2786 5371 2879 5426 sed
2924 5380 2978 5427 et
3003 5371 3164 5426 verba
3210 5385 3303 5425 sua
3353 5387 3416 5426 ex
3465 5371 3628 5441 gestis
3676 5367 3816 5435 ipsius

2243 5466 2879 5524 confirniantem.Rarns
2925 5478 3074 5523 certe
3133 5469 3270 5535 erit,
3332 5467 3474 5538 apud
3527 5481 3681 5538 quem
3727 5475 3814 5516 non

2245 5562 2472 5618 multum
2520 5563 2696 5618 valeat
2744 5564 3116 5619 testimonium
3168 5574 3274 5618 tam
3329 5563 3588 5633 insigne:
3631 5569 3681 5614 at
3721 5555 3818 5612 nul-

2243 5654 2326 5708 lus
2368 5669 2490 5708 esse
2541 5655 2723 5721 debet,
2756 5670 2916 5726 quem
2963 5671 3072 5710 non
3117 5665 3333 5711 moveat
3392 5654 3611 5724 antiqua
3657 5648 3816 5706 Erulo—

2246 5753 2339 5807 site
2409 5752 2781 5819 consuetudo,
2835 5766 2940 5824 qua
3005 5752 3130 5807 olim
3208 5752 3262 5807 in
3335 5753 3450 5824 ipso
3515 5741 3818 5804 sacrosancti

2252 5844 2503 5912 sacrittcii
2568 5845 2653 5908 sui
2722 5843 3075 5922 meditullio,
3135 5845 3190 5912 in
3254 5843 3578 5908 Praefatione
3636 5838 3820 5902 scilicet
