3996 6330
348 314 450 343 me:

342 334 454 373 ἑ)ἰῦ

1432 308 1495 365 ΙΝ
1534 306 1791 366 LIBRUM
1821 306 2099 366 CONTRA
2139 307 2640 369 CONSTAN'I‘IUM.

3538 316 3642 371 57-5

341 442 476 488 ante
528 429 805 487 Canonem
829 469 846 497 ,
895 426 1155 483 llilarium
1207 442 1407 483 morum
1463 428 1673 484 lenitate
1741 427 1943 500 pollen-
1971 427 2026 493 Α
2049 439 2215 491 vere,
2245 425 2348 484 hoc
2371 436 2493 495 est,
2522 442 2651 487 num
2681 430 2887 499 pastori
2915 428 3134 489 licuerit
3175 431 3642 501 lupum‘latentem

342 535 446 584 tem
474 523 819 583 decnntabat.

422 617 512 677 iV.
546 612 833 674 Constantii
863 614 1078 687 palliata
1123 614 1359 685 impietas
1408 630 1470 669 ac
1517 615 1718 687 nefaria
1769 632 1943 687 persc-

338 711 599 766 cutio.--
622 708 828 779 Quibus
852 721 984 763 vero
1014 707 1081 763 de
1113 707 1232 777 ipso
1265 705 1506 763 liicliber
1534 706 1697 763 aliam
1726 716 1948 765 senten-

343 805 478 861 tiam
512 801 730 871 injecit,
762 799 1174 873 expendendum
1206 808 1288 855 est
1318 800 1494 870 primo
1522 799 1740 871 quando
1774 801 1947 871 scrip-

342 906 435 953 tus
465 898 556 953 sit.
587 894 860 966 Scriptum
914 909 1075 965 porro
1108 893 1384 948 invenient
1438 900 1562 963 post
1599 890 1948 949 Seleuciense

338 989 675 1055 Concilium,
703 1001 768 1042 eo
796 988 912 1057 ipso
940 993 1187 1056 tempore
1216 1000 1325 1058 quo
1344 1027 1360 1053 ,
1384 984 1691 1042 Sozomeno
1723 995 1882 1053 teste,
1904 985 1944 1043 ι.

336 1098 423 1150 Iv,
445 1097 565 1155 cap.
596 1080 690 1149 25,
740 1097 914 1137 omnes
963 1080 1149 1152 ubique
1205 1079 1462 1139 Ecclesias
1511 1082 1747 1152 quedam
1802 1082 1949 1151 quasi

232 1234 239 1243 ,
338 1174 631 1247 persecutio
659 1173 956 1247 occupavit,
986 1172 1283 1247 cujusmodi
1304 1173 1429 1228 olim
1461 1172 1555 1228 sub
1579 1172 1801 1229 ethnicis
1849 1175 1951 1229 int-

341 1267 674 1340 peratoribus
706 1276 940 1339 grassata
968 1270 1160 1339 (iterm.
1213 1267 1346 1323 Tum
1388 1267 1476 1324 ubi
1527 1267 1945 1339 perspexerint,

340 1364 679 1436 prmcipuum
723 1361 1115 1434 persecutionis
1189 1360 1354 1433 hujus
1435 1373 1713 1420 auctorem
1782 1362 1950 1420 fuisse

342 1456 763 1524 Constantium,
812 1457 1205 1529 persecutionis
1226 1472 1396 1529 genus
1436 1458 1735 1515 attendant.
1787 1456 1948 1516 Certe

341 1552 444 1609 ille
465 1552 607 1609 dolis
630 1553 801 1624 magis
823 1568 983 1624 quam
1015 1565 1203 1623 aperta
1233 1553 1283 1607 vi
1313 1559 1530 1611 tentans
1556 1553 1714 1611 (idem
1746 1555 1952 1613 essun-

339 1661 548 1718 guere,
581 1645 791 1700 animas
814 1652 965 1701 tanto
989 1645 1170 1714 plures
1201 1644 1482 1701 occidebat
1501 1688 1517 1713 ,
1550 1656 1753 1713 quanto
1780 1646 1950 1719 magis

338 1740 605 1812 parcebat
632 1739 974 1808 corporibus.
1008 1738 1266 1807 Quamvis
1291 1740 1437 1794 enim
1460 1739 1637 1810 lupus,
1692 1739 1810 1795 ovis
1869 1748 1952 1795 ta-

2047 520 2331 591 detegere,
2386 538 2516 577 num
2568 521 2793 579 Praesuli
2841 523 3052 583 hostem
3128 524 3253 585 lldel
3301 524 3642 583 insidiantem

2046 613 2367 671 Christianis
2391 615 2734 675 manifestum
2758 618 2957 675 facere.
2995 617 3158 675 Certe
3203 634 3329 676 eum
3376 618 3646 683 Constant.

2048 709 2190 776 tius,
2224 709 2298 764 uti
2329 718 2688 765 monstratum
2741 720 2858 777 est,
2918 710 3113 781 pellem
3167 710 3380 769 ovinam
3427 725 3537 781 prae
3585 725 3646 766 se

2047 802 2252 867 ferret,
2285 812 2340 860 et
2386 804 2624 858 animum
2656 802 2939 873 lupinum;
2988 806 3308 864 alterutrum
3363 802 3648 864 videbatur

2048 900 2250 957 amanti
2300 895 2560 957 Ecclesia}
2601 897 2818 968 praesuli
2872 900 3181 957 necessario
3235 899 3644 970 praestandum,

2049 1001 2144 1046 aut
2172 992 2291 1061 ipse
2320 989 2579 1046 nimirum
2612 990 3024 1061 persuadendus
3052 1000 3108 1046 ut
3137 992 3379 1062 lupinum
3405 992 3647 1051 animum

2050 1084 2470 1156 deponeret,aut
2499 1083 2824 1141 admonendi
2852 1085 3032 1155 populi
3052 1100 3120 1141 ne
3150 1085 3299 1156 ipsos
3325 1084 3465 1155 pelle
3490 1086 3649 1145 ovina

2050 1178 2348 1248 deciperet.
2374 1176 2616 1235 Primum
2642 1176 2811 1243 illud,
2840 1176 2987 1247 quod
3011 1175 3292 1232 moderato
3325 1177 3443 1233 viro
3473 1178 3646 1248 magis

2050 1283 2507 1337 consentaneum,
2539 1271 2716 1342 primo
2742 1270 2908 1328 etiam
2940 1271 3167 1328 tentavit
3196 1270 3434 1328 Hilarius
3455 1313 3471 1338 ,
3526 1286 3648 1331 cum

2053 1366 2234 1423 libello
2256 1366 2385 1422 dato
2432 1364 2762 1420 audientiam
2793 1365 2860 1419 ab
2892 1366 3222 1436 imperatore
3268 1364 3652 1422 reverentissi—

2051 1476 2140 1518 me
2169 1460 2449 1531 poposcit,
2474 1459 2875 1535 spoponditque
2902 1474 2995 1527 se,
3023 1459 3071 1517 si
3095 1459 3253 1529 copia
3310 1458 3379 1517 de
3428 1458 3534 1515 lide
3558 1473 3654 1517 co-

2051 1571 2167 1613 ram
2197 1556 2317 1627 ipso
2343 1555 2659 1627 disputandi
2688 1556 2792 1613 sibi
2822 1554 3010 1622 ﬁeret,
3065 1557 3181 1624 pari
3236 1553 3542 1611 reverentia
3576 1553 3654 1609 lo-

2051 1659 2324 1707 cuturum.
2355 1649 2426 1707 At
2445 1666 2553 1707 non
2580 1649 2810 1709 obtinuit
2827 1648 2981 1716 illud,
3002 1663 3110 1720 quo
3132 1648 3343 1709 nutanti
3361 1647 3646 1716 Ecclesiae,

2055 1742 2226 1805 illaesa
2282 1742 2510 1813 Augusti
2582 1743 2830 1806 nomine,
2895 1742 3205 1799 consultum
3290 1749 3650 1813 peroptasset.

308 1906 321 1913 _
339 1850 475 1892 men
503 1834 693 1891 audire
719 1847 783 1889 ac
805 1833 976 1891 videri
994 1834 1302 1906 appetebat.
1332 1833 1445 1891 Nec
1470 1834 1660 1891 deerat
1687 1832 1831 1891 unde
1855 1833 1951 1889 dc-
1982 1836 2028 1901 B
2058 1834 2317 1893 Restabat
2339 1836 2500 1906 igitur
2526 1833 2791 1902 alterum,
2825 1844 2883 1889 ut
2910 1849 3033 1893 cum
3088 1836 3272 1905 lupum
3327 1850 3520 1891 arcere
3558 1842 3653 1893 aut

337 1928 588 2000 ciperet,
613 1927 706 2000 qui
724 1928 906 1985 verbis
930 1928 1200 1995 utebatur,
1228 1928 1471 1986 veritatis
1509 1930 1749 2000 speciem
1800 1944 1952 1985 men-

343 2023 642 2090 tientibus,
675 2036 862 2092 pacem
894 2029 952 2081 et
976 2022 1237 2079 unitatem
1292 2020 1657 2089 obtendebat,
1698 2031 1755 2078 et
1809 2020 1953 2077 inter

340 2098 525 2171 minas
544 2129 609 2170 ac
629 2113 890 2186 supplicia
906 2113 1190 2184 jactitabat
1221 2129 1342 2170 sese
1367 2113 1726 2169 conciliorum
1749 2112 1951 2187 placita

337 2206 648 2263 vindicare.
677 2205 757 2262 Eo
774 2214 954 2261 autem
974 2205 1330 2276 periculosior
1347 2213 1467 2260 erat
1486 2204 1579 2261 illa
1618 2204 1946 2276 persecutio,

337 2297 491 2371 quod
522 2299 796 2372 episcopis
826 2299 958 2369 ipsis
990 2297 1242 2354 utebatur
1287 2297 1640 2357 Constantius
1667 2298 1814 2353 velut
1841 2297 1946 2354 mi-

338 2394 536 2452 nistris
556 2435 572 2461 ,
602 2410 710 2464 quo
740 2390 1019 2451 omnesad
1052 2392 1301 2450 haeresim
1351 2407 1510 2464 quam
1540 2391 1949 2464 amplexabatur

338 2494 650 2553 attraheret
678 2511 693 2548 :
724 2499 783 2549 ut
808 2507 933 2553 vere
963 2490 1034 2548 de
1078 2490 1267 2547 eadem
1317 2492 1694 2562 persecutione
1729 2490 1948 2546 institu-

346 2597 468 2645 tum
493 2600 802 2647 sermonem
830 2596 1164 2655 prosequens
1188 2582 1524 2640 Sozomcnus
1574 2582 1772 2638 dixerit
1823 2599 1836 2635 :
1884 2580 1948 2637 Et

338 2683 398 2739 si
429 2682 568 2750 lucc,
590 2681 728 2752 quod
744 2679 950 2754 quidem
970 2679 1039 2733 ad
1059 2678 1321 2735 cruciatus
1341 2677 1555 2742 attinet,
1587 2674 1848 2731 remissior
1879 2674 1952 2731 ui-

344 2773 589 2841 debatur,
619 2773 957 2846 prudentibus
986 2781 1156 2827 tamen
1177 2771 1300 2827 viris
1327 2778 1536 2843 propter
1560 2768 1838 2842 infamiam
1870 2768 1952 2823 ri-

340 2884 416 2923 sa
438 2876 509 2922 est
535 2866 781 2923 acerbior.
821 2864 1034 2935 Utrique
1086 2864 1260 2930 enim,
1312 2873 1356 2917 et
1400 2863 1445 2918 is
1488 2862 1576 2934 qui
1622 2860 1958 2932 persequeba-

342 2969 458 3022 tur,
482 2968 528 3014 et
572 2958 663 3015 ille
687 2959 773 3030 qui
800 2957 1207 3030 persecutionem
1245 2954 1561 3022 sustinebat,
1607 2970 1671 3011 ea:
1721 2951 1957 3010 Ecclesia

345 3061 522 3111 erant.

428 3146 491 3203 V.
566 3145 1145 3218 Pseudoepiscoporum
1226 3145 1526 3201 adulatione
1595 3144 1827 3201 laudata.
1881 3171 1957 3185 --

2058 1936 2267 1985 mutare
2295 1942 2403 1983 non
2427 1927 2669 1992 valeret,
2703 1942 2833 1984 oves
2852 1926 3282 1984 adversusillius
3309 1925 3533 1983 insidias
3545 1926 3652 1988 sal-

2056 2028 2164 2077 tem
2189 2020 2721 2079 munireeonaretur.
2752 2018 2801 2077 Is
2822 2026 2908 2079 est
2934 2029 3079 2078 totus
3107 2021 3266 2091 hujus
3290 2019 3411 2076 libri
3435 2035 3649 2093 scopus;

2054 2117 2206 2177 illum
2228 2117 2408 2187 enim,
2442 2133 2551 2175 non
2575 2118 2642 2174 ad
2672 2116 3051 2177 Constantium
3074 2118 3371 2175 insultandi
3418 2119 3471 2173 ei
3525 2132 3655 2174 eau-

2055 2227 2113 2271 sa
2137 2253 2154 2281 ,
2176 2213 2270 2270 sed
2296 2212 2363 2271 ad
2394 2212 2698 2269 catholicos
2714 2212 3017 2271 inatrueudi
3047 2222 3103 2269 et
3130 2210 3456 2269 exhortandi
3478 2214 3653 2283 gratia

2057 2307 2322 2367 directum
2344 2322 2469 2365 esse
2493 2307 2626 2363 intra
2652 2305 3166 2369 demonstrabimus.

2130 2399 2241 2459 VII.
2277 2399 2542 2459 Sermonis
2568 2399 2873 2459 vehementis
2894 2398 3051 2457 ratio.
3072 2424 3145 2441 κο
3171 2397 3243 2453 At
3269 2410 3452 2454 sermo
3480 2396 3646 2453 vehe-

2054 2492 2328 2551 mentior?
2356 2491 2605 2563 Frigidus
2637 2490 2776 2549 l‘orte
2801 2490 2936 2549 nihil
2981 2490 3340 2561 proiceisset,
3390 2487 3482 2545 ubi
3532 2502 3648 2559 per-

2055 2586 2266 2645 secutio
2293 2584 2662 2645 incaleseebat
2691 2602 2705 2637 :
2734 2598 2837 2641 nec
2866 2583 2985 2641 sine
3008 2583 3248 2640 clamore
3274 2582 3492 2639 auditus
3522 2580 3657 2638 luis-

2055 2681 2228 2736 setah
2255 2678 2355 2746 iis,
2410 2695 2639 2750 quorum
2697 2679 2911 2739 animos
2955 2679 3068 2748 jam
3095 2677 3411 2749 pertubarat
3462 2676 3655 2747 ingens

2056 2774 2358 2835 edictorum
2384 2773 2683 2830 Constantii
2705 2772 2985 2841 strepitus.

2129 2866 2268 2929 VIII.
2302 2868 2401 2934 Qui
2429 2866 2785 2922 Constantium
2804 2863 3162 2921 anticltristum
3209 2871 3352 2921 vocet
3387 2861 3648 2918 Hilarius.

2055 2989 2129 3002 -—
2158 2959 2213 3016 Si
2234 2970 2418 3017 autem
2441 2958 2735 3015 vehemens
2752 3000 2765 3025 ,
2792 2974 2899 3013 non
2923 2956 3113 3015 debuit
3131 2962 3282 3015 certe
3309 2970 3434 3013 esse
3460 2963 3656 3012 contu-

2060 3054 2362 3110 meliosus:
2396 3069 2496 3111 nec
2523 3052 2787 3110 moderati
2838 3051 3005 3109 animi
3058 3066 3184 3109 esse
3234 3059 3456 3122 putant,
3509 3050 3653 3121 quod

2059 3144 2434 3205 Constantium
2465 3146 2520 3203 in
2562 3161 2629 3207 eo
2656 3162 2761 3205 non
2811 3146 2982 3205 semel
3036 3145 3219 3216 legant
3270 3144 3653 3209 antichristum

343 3240 809 3312 Pseudoepiscopi
839 3241 937 3308 illi,
974 3248 1031 3295 ut
1057 3240 1225 3296 moris
1252 3250 1333 3299 est
1356 3239 1421 3295 iis
1445 3238 1537 3310 qui
1550 3252 1728 3299 causa:
1757 3236 1954 3309 iniqua:
1983 3237 2029 3301 C
2060 3240 2411 3314 appellatum.
2447 3241 2559 3298 Hoc
2581 3242 2835 3299 nimirum
2866 3254 3062 3296 nomen
3094 3241 3317 3299 horrent
3340 3240 3443 3310 pias
3469 3253 3653 3305 aures,

341 3334 728 3391 assensionem
776 3334 977 3392 elicere
1030 3340 1277 3400 tentant,
1331 3330 1636 3389 Constantii
1692 3331 1947 3397 neruine,

340 3430 711 3495 auctoritate,
744 3428 1032 3487 virtutibus
1062 3429 1177 3485 sive
1220 3427 1364 3486 veris
1419 3428 1533 3485 sive
1579 3428 1750 3495 lictis,
1801 3427 1952 3486 omni

340 3521 590 3592 denique
620 3522 831 3577 ratione
859 3536 965 3594 qua
991 3529 1275 3593 poterant,
1307 3516 1494 3581 l‘ucum‘
1547 3520 1728 3579 facere
1781 3536 1951 3579 cona-

338 3614 567 3671 bantur.
595 3614 748 3671 Alius
780 3615 991 3686 itaque,
1016 3625 1278 3686 quantum
1306 3629 1375 3670 ex
1400 3613 1505 3669 hoc
1545 3614 1685 3671 libro
1715 3615 1953 3673 subede-

304 3776 309 3779 ι
342 3703 464 3761 rari
490 3712 606 3772 est,
636 3705 929 3761 extollebat
953 3704 1257 3763 Constantii
1278 3704 1333 3760 in
1354 3705 1602 3762 ecclesiis
1632 3716 1954 3763 construen-

341 3797 440 3853 dis
468 3808 521 3854 et
545 3797 873 3855 adornandis
900 3797 1359 3870 magniﬁcentiam
1385 3840 1400 3864 ,
1425 3797 1564 3854 alius
1591 3800 1953 3859 reverentiam

340 3908 481 3965 erga
506 3892 794 3966 episcopos
823 3892 1096 3950 laudabat.
1129 3892 1225 3953 Ille
1250 3894 1304 3949 in
1333 3892 1758 3963 comprimendis
1789 3893 1955 3951 bare-

344 3986 511 4045 sibus
537 4028 553 4052 ,
585 3986 676 4043 hic
706 3987 759 4043 in
786 3986 1042 4059 cogendis
1069 3986 1295 4059 synodis
1322 3986 1562 4043 studium
1592 4000 1657 4043 ac
1689 3986 1955 4043 sedulita-

345 4089 465 4137 tem
498 4080 551 4137 in
579 4079 762 4137 medio
788 4081 1040 4151 ponebat.
1072 4078 1193 4151 Ipse
1219 4078 1381 4137 etiam
1403 4079 1755 4137 Constantius
1783 4079 1954 4152 (quod

344 4172 575 4231 Lucifer
602 4173 773 4230 fusius
794 4171 1163 4246 prosequitur)
1194 4187 1305 4229 non
1343 4171 1508 4230 modo
1552 4171 1805 4245 pietatis,
1855 4171 1953 4231 sed

339 4276 415 4326 et
449 4266 710 4324 doctrina:
740 4266 967 4337 gloriam
990 4264 1093 4321 sibi
1121 4264 1428 4334 arrogabat.
1453 4262 1737 4320 Condebat
1755 4263 1916 4320 tidem
1934 4303 1955 4334 ,

343 4360 442 4418 cui
471 4360 539 4416 ab
566 4361 834 4431 episcopis
875 4358 1340 4427 subscriberetur,
1402 4357 1526 4415 illos
1578 4356 1956 4415 lubentissime

343 4450 675 4515 auscultans
698 4461 1102 4521 assentatores,
1132 4453 1220 4525 qui
1265 4467 1391 4509 cum
1422 4450 1694 4523 episcopis
1723 4451 1956 4515 Arimini

344 4553 520 4622 lapsis
545 4552 648 4624 ipsi
670 4552 1068 4620 reseriberent,
1098 4549 1373 4612 Inlustrati
1406 4550 1609 4621 pietatis
1637 4558 1738 4606 tua:
1784 4548 1953 4620 scrip-

2058 3349 2167 3404 quo
2195 3332 2454 3403 quidquid
2482 3331 2871 3389 exsecrandum
2903 3330 3011 3387 dici
3041 3340 3135 3387 aut
3158 3330 3340 3387 animo
3384 3328 3513 3400 litigi
3555 3344 3653 3399 po-

2059 3427 2488 3498 test,cogitant.
2518 3426 2983 3485 AtConstantium
3034 3426 3244 3497 vulgari
3289 3425 3382 3481 illa
3432 3425 3656 3481 notione

2057 3535 2157 3577 nec
2185 3520 2437 3590 dixitnec
2457 3520 2629 3579 sensit
2678 3518 2914 3581 Hilarius
2965 3517 3342 3581 antichristum
3394 3535 3410 3574 :
3456 3517 3554 3575 sed
3593 3532 3658 3573 ea

2059 3623 2264 3672 tantum
2289 3616 2534 3682 ratione,
2564 3630 2669 3686 qua
2721 3614 2962 3675 Joannes
3005 3613 3269 3683 scripsit,
3313 3610 3658 3671 Antichristtts

2046 3710 2163 3779 jam
2193 3710 2347 3775 venit,
2368 3717 2414 3764 et
2439 3724 2574 3763 nunc
2593 3706 3042 3762 antichristimulti
3072 3705 3198 3776 facti
3217 3706 3318 3760 sint
3341 3703 3387 3774 (Ι
3408 3703 3568 3761 Joan.
3596 3718 3654 3771 lt,

2057 3798 2174 3872 I8).
2197 3798 2350 3870 Quod
2370 3799 2600 3859 subinde
2622 3799 2902 3870 explicans
2924 3838 2940 3867 ,
2976 3796 3074 3853 llic
3117 3805 3221 3864 est,
3282 3796 3491 3866 inquit,
3524 3794 3660 3851 anti-

2055 3889 2305 3956 christus,
2327 3891 2416 3959 qui
2446 3899 2593 3961 negat
2621 3888 2838 3945 Patrem
2857 3897 2904 3944 et
2951 3884 3152 3944 Filium
3196 3885 3361 3961 (Ibid.
3386 3928 3402 3955 ,
3443 3886 3563 3958 22).
3594 3885 3658 3959 lit

2058 3985 2203 4041 enim
2229 3994 2447 4041 notatur
2468 3992 2657 4041 contra
2686 3984 2927 4041 Auxent.
2964 3999 3113 4041 num.
3144 3982 3209 4048 2,
3243 3982 3466 4045 nominis
3519 3980 3652 4035 anti-

2059 4078 2236 4137 christi
2260 4078 2546 4151 proprietas
2575 4087 2684 4143 est,
2710 4076 2913 4135 Christo
2941 4093 3049 4135 esse
3075 4077 3410 4134 contrarium.
3463 4077 3533 4130 At
3563 4090 3657 4133 ve-

2059 4186 2121 4229 ro
2149 4169 2529 4231 Constantium
2556 4169 2773 4229 Christo
2798 4170 3130 4229 contrarium
3178 4170 3301 4241 quis
3327 4169 3519 4240 neget?
3554 4167 3658 4233 Ne-

2058 4280 2163 4338 que
2187 4263 2349 4321 aliter
2378 4277 2502 4323 eum
2533 4278 2561 4317 a
2592 4277 2654 4319 se
2675 4262 3052 4321 antichristqu
3082 4263 3264 4321 vocari
3291 4277 3398 4323 non
3428 4261 3657 4321 obscure

2057 4355 2327 4431 significat
2377 4355 2620 4417 Hilarius
2650 4355 2736 4421 bis
2765 4372 2918 4417 num.
2950 4357 2981 4411 7
3013 4354 3190 4421 verbis
3240 4372 3254 4404 ε
3307 4352 3658 4415 Christianum

2058 4458 2106 4506 te
2152 4449 2381 4505 mentiris
2439 4464 2457 4505 :
2507 4446 2699 4505 Christi
2750 4466 2909 4509 novus
2962 4447 3123 4505 hostis
3168 4463 3255 4514 es,
3305 4447 3658 4509 critic/aristam

2060 4545 2313 4617 praevenis
2332 4585 2348 4612 ,
2376 4553 2421 4599 et
2450 4558 2760 4605 arcanorum
2787 4549 2899 4620 ejus
2920 4544 3165 4618 mysteria
3209 4543 3465 4616 operaria.
3515 4542 3659 4600 Sane

347 4654 423 4708 tis
448 4652 697 4708 maximas
726 4648 835 4704 Deo
864 4649 1135 4707 retulimus
1162 4657 1208 4704 et
1234 4648 1507 4720 referimus
1558 4647 1785 4719 gratias,
1814 4644 1955 4718 quod
1981 4640 2036 4705 D
2062 4639 2152 4711 qui
2181 4637 2561 4697 antichristum
2593 4639 2887 4711 prmvenil,
2916 4639 3055 4699 alius
3095 4638 3164 4693 ab
3208 4650 3276 4694 eo
3323 4636 3395 4693 sit
3436 4649 3659 4693 necesse

345 4759 450 4799 nos
467 4742 718 4809 beaveris,
751 4742 992 4797 intimans
1020 4742 1165 4798 nobis
1186 4742 1311 4808 illa,
1346 4756 1461 4813 qua:
1486 4756 1603 4795 cum
1632 4740 1955 4796 discursione

345 4836 558 4909 pietatis
580 4844 681 4891 tute
708 4840 879 4907 facere
905 4835 1203 4893 deberemus
1223 4831 1467 4909 (Fragor.
1495 4850 1570 4901 rx,
1597 4851 1653 4889 η.
1682 4834 1757 4905 1).
1779 4833 1957 4890 Pluri-

346 4929 430 4986 mi
462 4929 695 5000 denique
718 4928 805 4985 ubi
829 4927 1132 4983 Constantii
1165 4927 1579 4998 benignitatem,
1610 4926 1952 4999 religionem,

348 5021 618 5095 pietatem
663 5020 1145 5086 commendarent,
1192 5019 1481 5076 sumebant
1526 5035 1632 5075 non
1671 5033 1954 5089 passurum

345 5112 525 5171 fuisse
558 5114 756 5180 Deum,
782 5123 952 5169 utres
990 5122 1096 5167 tam
1126 5112 1246 5182 pius
1296 5122 1510 5184 tamque
1558 5111 1842 5183 religiosus
1898 5113 1961 5166 Ii-

346 5206 479 5264 dem
515 5214 754 5262 tueretur
782 5221 886 5261 non
920 5214 1157 5271 rectam;
1191 5220 1289 5262 nec
1316 5204 1491 5259 levem
1522 5202 1713 5274 reipsa
1737 5203 1956 5273 optimae

347 5300 503 5357 illius
521 5300 644 5356 ﬁdei
671 5316 795 5358 esse
825 5308 1006 5359 notam
1052 5310 1216 5371 atque
1262 5302 1525 5364 fructum,
1583 5297 1954 5354 incredibilem

348 5393 527 5465 ipsius
556 5393 707 5462 regni
735 5393 1172 5464 prosperitatem.
1219 5391 1380 5451 Multa
1432 5390 1535 5447 alia
1575 5390 1948 5461 praeterimus,

349 5501 474 5557 qua:
496 5485 722 5557 populos
744 5484 937 5542 edictis
959 5527 973 5551 ,
1008 5485 1167 5540 minis
1192 5527 1206 5552 ,
1234 5484 1512 5557 suppliciis
1549 5484 1770 5540 territos
1790 5525 1804 5552 ,
1836 5484 1956 5555 pal-

347 5575 536 5633 liatam
566 5575 866 5635 Constantii
899 5577 1184 5649 perﬁdiam
1206 5588 1342 5652 .tum
1395 5577 1810 5648 deprehendere
1836 5592 1948 5636 non

354 5670 764 5744 permittebant.

432 5764 522 5822 VI.
544 5764 625 5822 An
651 5780 768 5823 vero
795 5764 1003 5823 Pastori
1045 5765 1426 5829 dissimulanda
1471 5769 1648 5843 fuerit.
1697 5797 1771 5810 —
1802 5766 1963 5837 Quae-

356 5857 588 5923 rendum
624 5858 711 5923 hic
739 5861 917 5934 venit,
948 5877 1076 5925 num
1104 5859 1312 5925 Hilario
1336 5862 1551 5927 licuerit
1572 5862 1793 5941 pallium
1808 5877 1963 5931 anto-

2063 4743 2165 4793 est.

2132 4825 2227 4882 IX.
2261 4825 2502 4882 Nontam
2532 4826 2681 4881 illum
2726 4842 2970 4897 carpere,
3012 4842 3168 4895 quam
3197 4822 3482 4879 Ecclesium
3528 4823 3660 4878 tueri

2062 4919 2267 4975 vult.——
2287 4919 2441 4975 Illum
2467 4920 2626 4989 igitur
2653 4927 2710 4974 ut
2760 4918 3010 4984 hostem,
3056 4933 3117 4975 se
3157 4933 3289 4976 vero
3329 4926 3386 4974 ut
3433 4917 3658 4973 militem

2061 5010 2265 5069 Christi
2289 5013 2584 5083 respiciens
2601 5052 2616 5077 ,
2642 5011 2921 5085 indignum
2947 5011 3156 5083 putavit
3177 5021 3235 5067 ut
3274 5008 3661 5067 commilitoni-

2065 5105 2165 5162 bus
2188 5122 2294 5161 non
2350 5106 2642 5177 proderet,
2685 5121 2848 5175 quem
2891 5105 3111 5161 latendo
3162 5104 3409 5176 pluribus
3456 5116 3655 5159 nocere

2062 5212 2221 5269 posse
2276 5198 2627 5269 praevidebat.
2677 5198 2833 5267 Quod
2887 5197 2959 5254 ita
3025 5196 3230 5263 efﬁcit,
3263 5207 3321 5252 ut
3366 5211 3395 5251 a
3443 5193 3657 5250 caeteris

2058 5292 2357 5350 Constantii
2389 5295 2532 5351 vitiis
2553 5294 2841 5366 carpendis
2870 5308 2993 5350 sese
3018 5293 3357 5366 temperarit.
3395 5289 3660 5347 Caesarea:

2059 5388 2206 5447 enim
2241 5389 2505 5461 majestati
2528 5430 2543 5457 ,
2573 5398 2834 5460 quantum
2855 5387 2909 5444 in
2937 5402 2999 5443 se
3028 5396 3176 5452 erat,
3221 5384 3351 5441 nihil
3407 5390 3656 5454 ereptum

2063 5482 2284 5549 volens,
2315 5482 2443 5538 dum
2475 5481 2742 5538 divinitati
2767 5479 3145 5537 Christisuum
3170 5478 3260 5550 jus
3304 5486 3359 5533 et
3390 5476 3655 5534 honorem

2066 5575 2332 5647 integrum
2355 5584 2411 5631 et
2438 5575 2666 5631 illaesum
2687 5572 3094 5630 servareunice
3121 5570 3516 5635 contendebat;
3557 5568 3661 5627 hoc

2069 5679 2278 5729 tantum
2304 5672 2524 5744 indigne
2555 5671 2708 5733 tulit.
2732 5668 2875 5741 quod
2903 5669 2972 5724 de
2997 5666 3120 5738 jure
3163 5664 3366 5721 Christi
3393 5664 3662 5722 sublatum

2074 5765 2312 5827 videbat.
2338 5765 2578 5837 Denique
2608 5778 2732 5821 cum
2760 5761 3141 5823 Constantium
3173 5759 3430 5816 Ecclesia:
3460 5756 3663 5830 Christi

2068 5878 2176 5927 non
2206 5864 2384 5927 minus
2409 5861 2662 5925 infestum
2694 5859 3066 5931 existimaret,
3093 5872 3255 5933 quam
3279 5855 3406 5919 olim
3454 5854 3666 5917 luerunt
