3996 6330
531 302 638 360 575

1475 299 1752 358 PlUEVlA
1801 300 2112 358 DISSEHT.
2158 300 2219 356 IN
2262 300 2391 356 LIB.
2433 299 2632 357 CONT.
2673 300 2913 358 CONST.

3690 308 3776 364 576

532 419 762 485 Decius,
787 418 1147 475 Maximianus
1175 415 1379 489 aliique
1409 417 1658 489 tyranni;
1689 416 1910 487 dignum
1965 416 2132 486 ipsius
2159 420 2213 479 Α
2237 416 2509 488 singulare
2555 417 2843 487 singularis
2873 417 2972 472 viri
3017 416 3217 472 factum
3263 417 3346 487 pie
3387 421 3616 477 venerari
3646 423 3785 481 tutius

531 511 847 568 fortitudine
877 511 1184 579 videbatur,
1213 520 1271 566 ut
1314 509 1560 582 martyrii
1616 524 1714 580 spe
1763 523 2025 564 accensus
2067 523 2134 563 eo

532 623 641 680 quo
664 615 875 678 poterat
905 605 1066 662 modo
1085 605 1347 662 Ecclesiae
1369 604 1700 660 consuleret.

605 699 677 757 Χ.
708 699 858 755 Nihil
883 715 946 754 ea:
969 699 1252 755 uehementi
1280 714 1512 754 sermone
1529 705 1706 752 contra
1725 697 1956 751 innatant
2002 696 2134 751 leui-

539 803 697 849 lateat
719 793 926 864 conﬁci.
957 823 1029 833 —
1050 791 1104 848 Si
1133 791 1254 863 quis
1277 807 1492 847 rursum
1526 790 1630 845 hoc
1667 781 1805 846 eum
1841 789 2136 846 vehemen-

535 885 661 940 tiori
685 899 940 942 sermone
965 885 1281 956 praestitisse
1307 883 1487 951 volet,
1545 883 1612 938 ad
1657 884 1974 938 memoriam
2020 884 2138 954 qui-

531 982 656 1040 dem
684 982 1001 1051 revocabit,
1021 981 1166 1054 quod
1195 981 1488 1053 Gregorius
1540 980 1820 1045 Nazianz.,
1875 979 1972 1036 Or.
2008 996 2134 1046 ut,

540 1093 689 1135 num.
721 1078 792 1134 55
813 1121 827 1143 ,
859 1077 927 1133 de
953 1077 1158 1133 sanctis
1179 1077 1308 1131 viris
1331 1075 1422 1130 illa
1467 1083 1789 1145 tempestate
1831 1074 2140 1129 exsistenti-

541 1171 644 1228 bus
673 1170 991 1227 memoravit
1017 1188 1030 1224 :
1062 1170 1165 1238 Qui
1192 1169 1393 1223 tametsi
1447 1168 1640 1240 alioqui
1667 1167 1836 1240 pacati
1861 1183 1922 1221 ac
1974 1167 2142 1221 mode-

535 1266 637 1320 rati
668 1269 798 1331 sint,
832 1265 930 1320 hac
947 1274 1118 1318 tamen
1147 1265 1198 1318 iu
1226 1280 1280 1318 re
1309 1264 1444 1318 lenes
1462 1273 1508 1316 et
1537 1263 1714 1334 faciles
1757 1279 1866 1317 esse
1895 1278 1997 1316 non
2024 1279 2140 1316 sus-

540 1361 702 1413 tinent
724 1399 738 1423 ,
767 1375 883 1411 cum
914 1375 1004 1426 per
1025 1358 1285 1412 silentium
1313 1367 1361 1411 et
1382 1358 1598 1423 quietem
1650 1356 1743 1409 Dei
1793 1373 1948 1410 causa
1974 1355 2143 1426 prodi-

540 1462 657 1518 tur;
683 1468 858 1508 verum
885 1451 1161 1506 admodum
1189 1451 1402 1505 bellaces
1443 1459 1560 1505 sunt
1590 1461 1740 1520 atque
1775 1449 1830 1503 in
1869 1449 2144 1521 confligen-

538 1544 605 1598 do
623 1561 766 1600 acres
791 1554 839 1599 et
863 1549 1058 1616 feroces
1081 1560 1100 1599 :
1127 1552 1182 1598 at
1202 1542 1344 1613 apud
1365 1557 1548 1613 tequos
1576 1557 1757 1596 rerum
1781 1541 2145 1597 aestimatores

544 1653 840 1709 numquam
869 1635 1100 1702 efficiet,
1149 1645 1207 1691 ut
1235 1650 1358 1692 eum
1389 1651 1497 1706 prae
1530 1635 1694 1690 nimia
1719 1650 1930 1690 morum
1961 1643 2144 1690 auste-

542 1731 702 1787 ritate
758 1729 925 1786 animi
992 1730 1342 1801 impotentem
1409 1729 1754 1792 existiment,
1819 1742 1979 1797 quem
2028 1741 2144 1779 mo-

2237 521 2342 574 ost,
2373 526 2534 583 quam
2561 521 2764 568 temere
2793 511 3210 581 reprehendere.
3239 512 3295 567 Si
3324 515 3462 568 enim
3485 513 3548 568 ob
3569 531 3786 585 asperum

2237 619 2542 660 sermonem
2568 604 2829 660 Hilarium
2865 606 3027 659 animi
3057 605 3280 660 immitis
3300 621 3517 675 arguere
3540 606 3710 675 liccat;
3732 610 3789 665 li-

2237 700 2377 755 cebit
2405 698 2542 755 forte
2571 710 2621 755 et
2651 698 3010 769 Stephanum,
3043 698 3130 753 ubi
3166 700 3216 753 in
3248 698 3461 754 Judtros
3492 708 3590 754 tam
3619 703 3788 760 acerbe

2237 793 2530 861 invehitur,
2578 795 2778 865 pariter
2828 794 2950 849 bilis
2989 794 3362 849 commotioris
3400 809 3678 863 accusare;
3720 799 3790 853 sui

2239 904 2453 959 quoque
2492 889 2816 960 impotentes
2862 888 3029 944 fuisse
3073 899 3366 959 urguentur
3408 889 3685 960 prophetae,
3719 893 3792 963 qui

2243 982 2543 1053 principum
2578 983 2705 1038 vitia
2737 992 2882 1038 tanta
2916 983 3164 1039 libertate
3191 983 3673 1054 reprehenderunt;
3713 1001 3796 1042 nec

2242 1086 2495 1144 parcetur
2525 1075 2626 1145 ipsi
2655 1076 3087 1130 mansuetudinis
3128 1077 3420 1147 exemplari
3449 1077 3662 1132 Domino
3689 1093 3796 1134 nos-

2244 1177 2348 1233 tro,
2382 1175 2435 1222 et
2463 1166 2530 1219 ab
2564 1167 2744 1221 innata
2775 1166 2958 1222 cordis
2986 1167 3208 1222 lenitate
3249 1167 3513 1223 videbitur
3541 1168 3794 1238 excidisse,

2245 1262 2333 1315 ubi
2368 1261 2668 1316 l‘barisaeos
2695 1271 2800 1316 tam
2836 1278 3020 1317 amare
3050 1272 3267 1333 tamque
3294 1263 3487 1317 acerbe
3517 1263 3797 1332 increpavit.
3827 1257 3840 1263 “

2244 1355 2383 1423 Quin
2417 1358 2595 1427 potius
2632 1357 2772 1427 quod
2815 1358 2880 1413 de
2928 1358 3204 1428 Stephano
3247 1361 3418 1413 sensit
3464 1374 3525 1414 ac
3563 1359 3685 1413 dixit
3713 1362 3800 1415 Au-

2245 1453 2491 1523 gustinus
2521 1453 2597 1521 (in
2639 1451 2783 1507 Psal.
2817 1469 3019 1518 cxxxu,
3055 1472 3106 1510 n.
3139 1455 3218 1525 8),
3262 1454 3423 1521 Quasi
3462 1455 3677 1509 serviebat
3705 1454 3802 1510 Ste—

2247 1543 2474 1618 phanus;
2502 1544 2737 1600 swvicbat
2775 1562 2882 1615 ore,
2911 1547 3060 1601 corde
3099 1547 3341 1617 diligebat
3368 1562 3385 1600 :
3411 1546 3510 1600 hoc
3550 1547 3804 1602 sentiamus

2247 1654 2312 1694 ac
2354 1639 2599 1695 dicamus
2630 1641 2696 1694 de
2727 1640 2932 1696 Hilario
2971 1650 3178 1707 nostro,
3224 1641 3387 1707 Quasi
3420 1641 3641 1696 swviebat
3675 1640 3803 1696 Hila-

2247 1736 2378 1801 rius;
2407 1737 2642 1790 sa’viebat
2667 1735 2888 1801 calamo,
2921 1736 3072 1791 corde
3094 1736 3357 1807 diligebat.

541 1842 659 1882 rum
705 1826 912 1882 lenitate
943 1825 1215 1896 pollentem
1263 1834 1375 1880 tum
1419 1823 1753 1893 antiquitatis
1801 1821 2144 1889 testimonio,
2177 1821 2223 1882 Β
2328 1827 2470 1882 XIII,
2501 1826 2740 1899 ΕρῑειοΙα
2766 1838 2841 1882 ρει
2870 1827 3169 1895 Cal/colicis,
3202 1845 3304 1881 non
3331 1826 3625 1883 Constantio
3658 1827 3809 1882 inscri-

545 1927 656 1976 tum
687 1918 852 1974 totius
875 1919 1000 1973 vita:
1021 1918 1188 1990 gestis
1215 1916 1522 1972 didicerint.
1548 1915 1684 1970 Eum
1707 1915 1942 1986 Spiritus
1967 1913 2141 1970 sancti

549 2011 779 2082 impulsu
809 2010 995 2081 potius
1013 2051 1028 2076 ,
1053 2024 1211 2081 quam
1235 2009 1360 2065 bilis
1385 2008 1761 2064 commotioris
1801 2007 2005 2077 impetu
2031 2048 2046 2071 ,
2074 2005 2141 2060 ad

550 2105 658 2162 hoc
679 2121 818 2176 opus
837 2103 1128 2161 adductum
1154 2101 1410 2170 credent,
1433 2103 1586 2174 cujus
1607 2103 1819 2158 animus
1842 2103 2148 2174 quinquen-

549 2203 603 2256 ni
622 2198 815 2255 e‘ssilio
843 2197 1015 2254 nihilo
1036 2197 1276 2268 segnior,
1301 2195 1396 2252 sed
1423 2195 1698 2267 probatior
1741 2205 1904 2268 atque
1955 2195 2146 2250 fortior

549 2292 722 2348 factus
747 2307 870 2348 esse
897 2290 1022 2347 inde
1050 2290 1377 2358 ostenditur,
1405 2289 1547 2362 quod
1573 2290 1722 2346 brevi
1775 2297 1960 2359 postea
2002 2287 2146 2342 illius

546 2401 654 2458 0pc
705 2395 810 2440 tam
859 2385 1054 2442 uberes
1105 2384 1159 2440 in
1191 2384 1488 2440 Ecclesiam
1521 2382 1724 2438 fructus
1771 2381 2146 2439 redundarint.

550 2478 684 2546 Quis
710 2479 854 2534 enim
889 2479 1097 2534 nesciat
1123 2477 1420 2548 prudentia:
1450 2478 1567 2549 ejus
1589 2519 1605 2544 ,
1651 2493 1811 2547 quam
1861 2475 2150 2547 singularis

554 2585 764 2626 morum
795 2571 992 2626 lenitas
1021 2570 1346 2640 condiebat,
1381 2586 1482 2627 nos
1527 2570 1727 2626 debere
1775 2568 1940 2625 totius
1987 2582 2152 2639 prope

553 2663 866 2720 Occidentis
897 2664 1433 2721 reconciliationem?
1462 2665 1610 2719 Hane
1656 2663 1855 2734 quippe
1903 2661 2152 2732 proxime

555 2765 678 2830 post
709 2757 852 2812 hunc
884 2756 1080 2812 librum
1103 2773 1421 2829 aggressus,
1452 2756 1660 2813 felicem
1693 2756 1907 2811 tandem
1945 2755 2010 2810 ad
2039 2757 2154 2812 exi-

558 2862 668 2907 tum
702 2851 969 2922 perdnxit.
1001 2851 1057 2907 Si
1105 2853 1249 2907 enim
1291 2852 1587 2921 Sulpicium
1629 2849 1908 2905 audiamus
1968 2869 1980 2903 :
2021 2850 2154 2904 illud

556 2947 700 3018 apud
718 2963 893 3002 onmes
916 2946 1176 3011 constitit,
1209 2947 1364 3000 unius
1426 2943 1618 2999 Hilarii
1664 2943 1909 3013 beneﬁcio
1951 2941 2156 2996 Gallias

555 3054 758 3098 nostras
790 3042 997 3114 piaculo
1020 3041 1230 3096 hmresis
1258 3039 1496 3095 liberatas
1523 3039 1752 3110 (Sulpic.
1801 3037 1838 3091 l.
1867 3045 1949 3108 ll).
1996 3035 2152 3104 Quod

555 3151 736 3195 autem
768 3137 1040 3208 Sulpicius
1071 3135 1264 3192 Galliis
1312 3133 1547 3199 nostris,
1592 3133 1696 3187 hoc
1737 3147 1860 3187 eum
1925 3131 2153 3186 Rufinus

2250 1924 2432 1978 benda.
2461 1953 2534 1963 —
2561 1923 2672 1979 Hoc
2700 1939 2835 1994 opus
2876 1925 2927 1978 in
2951 1937 3082 1978 mss.
3115 1920 3432 1978 Colbertiuo
3461 1933 3509 1978 et
3536 1921 3809 1978 Martiniano

2251 2015 2468 2085 epistola
2500 2030 2605 2069 non
2637 2015 2775 2070 male
2805 2022 3174 2085 nuncupatur;
3214 2014 3459 2086 quamvis
3497 2029 3597 2070 non
3637 2014 3810 2085 placeat

2250 2106 2391 2180 quod
2418 2109 2468 2162 in
2495 2108 2685 2164 iisdem
2711 2108 2778 2162 ad
2799 2106 3157 2164 Constantium
3179 2110 3533 2178 imperatorem
3555 2108 3809 2162 transmissa

2252 2199 2480 2255 subinde
2523 2209 2756 2256 notetur.
2813 2201 2892 2255 Ad
2940 2215 3035 2256 eos
3075 2202 3216 2256 enim
3263 2201 3491 2272 epistola
3541 2202 3810 2256 transmissa

2254 2293 2520 2348 censenda
2547 2303 2650 2360 est,
2695 2308 2832 2364 quos
2871 2294 3015 2349 illius
3056 2296 3289 2365 scriptor
3331 2294 3387 2348 in
3423 2293 3672 2365 principio
3706 2292 3812 2346 allo-

2255 2386 2454 2455 quitur,
2486 2400 2590 2440 nou
2621 2385 2685 2440 ad
2713 2401 2850 2457 quos
2881 2385 3075 2441 deinde
3110 2402 3205 2457 per
3226 2387 3550 2442 locutionem
3572 2387 3809 2457 figuratam

2255 2495 2564 2535 sermonem
2593 2479 2876 2535 convertit.
2909 2480 3046 2535 Toto
3077 2491 3258 2536 autem
3298 2480 3463 2552 hujus
3488 2479 3666 2552 Operis
3685 2494 3813 2535 exor-

2256 2573 2347 2628 dio
2374 2573 2664 2644 alloquitur
2691 2573 2926 2629 Hilarius
2961 2573 3205 2641 Fratres,
3247 2575 3312 2628 ad
3357 2588 3493 2646 quos
3526 2574 3674 2628 etiam
3701 2570 3813 2627 redit

2258 2683 2410 2724 num.
2446 2667 2533 2735 l2,
2563 2676 2668 2723 etc.
2696 2668 2777 2722 Ad
2808 2668 3183 2723 Constantium
3222 2669 3387 2738 igitur
3417 2682 3522 2722 non
3555 2674 3634 2722 est
3668 2679 3813 2722 sermo

2259 2762 2359 2816 nisi
2391 2761 2650 2832 figuratus
2684 2781 2696 2814 :
2728 2777 2830 2832 qua
2873 2763 3040 2831 figura
3067 2760 3374 2818 Orientales
3405 2760 3496 2817 diu
3534 2761 3812 2830 copioseque

2257 2855 2553 2925 alloquitur
2576 2859 2625 2910 in
2656 2857 2793 2911 libro
2825 2857 2892 2911 de
2924 2855 3180 2928 Synodis,
3211 2857 3458 2923 quamvis
3487 2871 3590 2911 non
3619 2854 3677 2910 ad
3697 2853 3812 2919 illos,

2258 2949 2352 3003 sed
2377 2951 2440 3003 ad
2463 2947 2773 3006 GallicanttS
2798 2949 3082 3019 episcopos
3105 2948 3395 3005 destinato.
3423 2948 3536 3004 Non
3565 2956 3642 3004 est
3664 2951 3810 3016 itaque

2258 3040 2966 3108 assentiendumChiflletio,
2997 3043 3084 3112 qui
3111 3042 3274 3114 (notis
3307 3042 3362 3097 in
3387 3040 3635 3117 Eerrand.
3661 3039 3677 3112 )
3700 3039 3816 3095 hunc

2258 3138 2454 3194 librum
2491 3139 2655 3194 autin
2679 3136 3035 3193 Constantium
3060 3146 3152 3192 aut
3179 3137 3246 3191 ad
3275 3135 3626 3192 Constantium
3645 3133 3819 3190 indide-

555 3235 668 3307 (lib.
695 3251 712 3292 ι
738 3234 874 3290 Hist.
903 3234 1027 3289 eccl.
1073 3250 1120 3289 c.
1161 3233 1254 3302 51)
1299 3231 1464 3285 Italite
1490 3245 1603 3285 suae
1633 3238 1794 3297 atque
1815 3228 2030 3301 Illyrico
2054 3243 2160 3283 non
2188 3235 2233 3299 ρ
2265 3240 2452 3287 rentcr
2479 3231 2695 3287 inscribi
2727 3245 2886 3301 posse
2908 3231 3098 3286 voluit.

557 3331 735 3386 minus
759 3344 967 3383 morum
998 3328 1222 3384 lenitate
1250 3341 1408 3396 quam
1438 3324 1686 3378 doctrina
1703 3324 2028 3394 praestitisse
2048 3334 2156 3378 tes-

558 3423 812 3479 tilicatur.
846 3422 924 3477 Eo
951 3422 1116 3478 etiam
1148 3429 1306 3492 pacto
1334 3434 1654 3491 progressus
1680 3421 2013 3490 compescuit
2055 3420 2161 3475 Lu-

561 3513 1168 3581 ciferianischismatis,
1195 3513 1391 3584 quoda
1436 3513 1601 3568 nimia
1644 3512 1956 3568 austeritate
2004 3528 2163 3567 exor-

562 3617 701 3676 tum,
726 3609 968 3664 coerceri
993 3608 1096 3663 nisi
1125 3607 1396 3663 contraria
1426 3606 1594 3662 animi
1616 3605 1906 3661 affectione
1933 3620 2039 3660 non
2069 3605 2164 3661 de-

567 3702 707 3759 buit.

637 3796 728 3853 XI.
760 3795 928 3852 Plura
955 3797 1321 3853 moderationis
1355 3795 1554 3850 Hilarii
1575 3795 1808 3868 exempla
1835 3811 1897 3850 ea:
1917 3795 2014 3850 hoc
2036 3794 2165 3849 libro

561 3894 887 3965 deprompta.
915 3922 985 3932 —
1016 3891 1094 3946 lie
1112 3907 1234 3947 vera
1263 3891 1549 3947 Facundus
1570 3897 1759 3946 contra
1784 3889 2087 3946 Mocianum
2110 3890 2164 3943 in

567 3986 832 4042 llilarinm
862 3985 1007 4040 velut
1034 3984 1087 4040 in
1126 3985 1516 4041 moderationis
1558 3983 1836 4054 exemplar
1861 3982 2054 4053 reSpici
2084 3982 2169 4052 ju-

564 4079 676 4147 bet,
707 4089 760 4135 et
791 4095 910 4150 quae
941 4079 993 4133 in
1042 4077 1144 4133 hoc
1189 4079 1305 4148 ipso
1335 4077 1474 4134 libro
1517 4077 1723 4148 prmhct
1757 4076 1970 4131 virtutis
2011 4077 2168 4147 hujus

565 4175 838 4246 exempla,
876 4172 1208 4229 adversariis
1229 4173 1360 4238 suis,
1391 4187 1527 4243 quos
1554 4171 1673 4226 zelo
1706 4169 2016 4226 ferventiori
2046 4184 2169 4239 pec-

563 4285 693 4326 care
713 4270 1006 4336 existimat,
1031 4266 1284 4322 imitanda
1309 4269 1578 4338 proponit.
1607 4266 1672 4321 Et
1691 4273 1839 4320 certe
1863 4279 1891 4318 a
1917 4263 2170 4319 Facundo

569 4360 865 4416 moderatus
893 4377 953 4414 ac
976 4360 1200 4431 prudens
1232 4359 1478 4415 Ecclesia:
1515 4359 1824 4430 gubernator
1848 4373 1915 4414 ex
1942 4372 2006 4412 eo
2032 4357 2172 4413 libro

570 4453 860 4523 approbari
886 4453 1082 4509 merito
1113 4461 1315 4522 potest,
1339 4451 1468 4507 dum
1498 4451 1706 4507 duobus
1729 4451 1972 4507 tribusve
2000 4451 2173 4506 haere-

574 4563 701 4604 seos
729 4543 1028 4602 fautoribus
1057 4554 1250 4616 negata
1274 4545 1680 4610 communione,
1705 4546 1921 4601 caneris
1951 4545 2174 4615 resipis-

2331 3325 2473 3381 XIV.
2515 3324 2639 3379 Vivo
2679 3299 2984 3380 Constantio
3011 3324 3234 3395 scriptus
3260 3299 3336 3380 Est
3379 3325 3463 3380 Itic
3495 3325 3632 3381 liber.
3661 3352 3724 3364 -
3752 3321 3820 3376 ln-

2261 3417 2518 3474 scribitur
2540 3418 2595 3472 in
2629 3418 2949 3487 perantian
2974 3417 3210 3472 basilicae
3240 3416 3298 3473 S.
3329 3415 3478 3472 Petri
3499 3418 3692 3480 codice,
3713 3424 3758 3468 ut
3781 3419 3822 3467 et

2261 3513 2314 3568 in
2351 3512 2682 3577 Telleriano,
2718 3511 2846 3565 liber
2883 3509 2937 3564 in
2973 3508 3334 3564 Constantium
3373 3512 3749 3578 imperatorem;
3781 3506 3820 3557 in

2263 3607 2384 3661 aliis
2408 3614 2588 3660 autem
2620 3619 2750 3659 mss.
2786 3606 2914 3659 liber
2943 3616 3124 3660 contra
3145 3605 3510 3661 Constantium
3536 3604 3822 3676 Augustum:

2263 3697 2458 3770 quibus
2484 3712 2605 3752 cum
2628 3705 2835 3753 temere
2855 3696 3450 3763 addidissetErasmus,
3460 3697 3572 3768 jam
3595 3699 3686 3750 vita
3708 3693 3824 3764 {unc-

2265 3801 2405 3858 tum;
2436 3792 2827 3862 posterioribus
2872 3801 3050 3848 tamen
3097 3791 3428 3847 editiouibus
3450 3789 3720 3860 castigatus
3742 3801 3824 3841 non

2267 3887 2387 3940 fuit.
2433 3886 2659 3941 Errandi
2698 3887 2914 3941 occasio
2956 3887 3004 3942 ei
3049 3895 3173 3940 nata
3222 3894 3306 3940 est
3343 3900 3413 3940 ex
3456 3886 3630 3941 verbis
3669 3881 3821 3937 Hiero~

2271 3983 2438 4049 nymi,
2469 3980 2610 4034 inter
2643 3978 2827 4034 Hilarii
2854 3994 3017 4050 opera
3042 3979 3240 4034 librum
3269 3979 3321 4034 in
3345 3977 3708 4034 Constantium
3733 3979 3826 4044 post

2272 4082 2505 4129 mortem
2539 4073 2703 4142 ipsius
2730 4074 2990 4143 scriptum
3027 4073 3388 4128 recenseatis.
3421 4073 3488 4128 Et
3515 4072 3825 4140 Hieronymus

2271 4167 2488 4239 quidem
2527 4182 2646 4221 cum
2688 4169 2901 4221 unicum
2946 4167 3134 4221 Hilarii
3180 4167 3377 4222 librum
3421 4169 3473 4223 in
3505 4163 3827 4223 Constantium

2273 4271 2559 4327 memoret,
2599 4279 2829 4334 cumque
2873 4278 2937 4317 ex
2981 4263 3085 4318 hoc
3131 4263 3295 4329 libro,
3338 4262 3432 4334 qui
3476 4278 3584 4334 prae
3627 4256 3828 4333 manibus

2273 4367 2377 4425 est,
2434 4359 2596 4414 verba
2650 4358 2920 4429 quaedam,
2970 4358 3048 4413 uti
3095 4357 3204 4428 jam
3255 4359 3663 4422 annotavimus,
3700 4351 3826 4425 epist.

2275 4471 2425 4511 xxvn
2453 4454 2518 4509 ad
2544 4453 2898 4510 Eustochium
2927 4456 3194 4524 exprimat
3218 4470 3232 4519 ;
3274 4454 3485 4509 nullum
3520 4453 3624 4509 fere
3650 4447 3828 4505 dubium

2280 4557 2386 4613 est,
2417 4547 2542 4618 quin
2570 4547 2711 4600 hunc
2741 4547 2917 4616 ipsum
2955 4550 3074 4616 poSt
3119 4554 3349 4600 mortem
3382 4538 3830 4606 Constantiiscrip-

573 4639 730 4696 cendi
791 4637 1097 4693 facultatem
1152 4635 1531 4707 indulgendam
1577 4635 1854 4703 decernit;
1895 4637 2022 4692 dum
2073 4637 2172 4693 hoc
2200 4634 2254 4695 D
2281 4653 2390 4699 tum
2433 4641 2746 4698 crediderit.
2806 4641 2926 4711 Ipse
2955 4649 3134 4696 tamen
3165 4639 3426 4707 Hilarius,
3473 4656 3615 4695 num.
3658 4636 3706 4703 2,
3732 4646 3831 4688 con-

577 4735 856 4792 decretum
884 4748 1042 4789 suum
1069 4730 1446 4789 confessorum
1479 4729 1687 4802 judicio
1724 4745 1788 4786 ac
1818 4731 2016 4800 placito
2048 4746 2170 4802 per-

578 4832 774 4898 mittit;
800 4831 925 4885 dum
957 4828 1156 4884 nullam
1189 4828 1396 4898 respuit
1427 4826 1678 4884 ineundae
1719 4828 1865 4899 pacis
1893 4827 2174 4883 honestam

578 4924 974 4988 conditionem;
997 4921 1126 4988 dum
1151 4921 1252 4978 etsi
1280 4921 1463 4992 iniqua
1488 4923 1719 4979 factione
1740 4923 2029 4992 relegatus,
2061 4929 2176 4975 toto

581 5028 762 5074 tamen
791 5015 966 5072 exsilii
997 5016 1077 5072 sui
1102 5024 1346 5087 tempore
1368 5015 1499 5070 nihil
1525 5027 1712 5072 contra
1741 5015 2024 5070 hmreticos
2046 5015 2179 5070 scri-

581 5113 663 5169 bit
695 5111 961 5167 famosum
997 5119 1092 5166 aut
1122 5108 1478 5175 maledicum;
1511 5109 1636 5164 dum
1659 5109 1920 5166 Seleucia:
1951 5117 2005 5163 et
2031 5107 2179 5163 Con-

582 5204 936 5275 stantinopoli
993 5203 1063 5258 ita
1109 5219 1228 5260 cum
1272 5203 1524 5258 omnibus
1564 5203 1769 5258 urbane
1807 5219 1867 5258 se
1907 5203 2077 5272 gerit,
2123 5211 2183 5257 ut

581 5298 859 5354 Anomoeis
901 5299 1088 5363 etiam,
1135 5313 1165 5352 a
1213 5298 1405 5368 quibus
1441 5295 1790 5352 vehementer
1829 5295 2180 5362 abhorrebat,

582 5393 791 5450 facilem
809 5391 876 5448 ad
904 5406 963 5448 sc
983 5391 1185 5448 aditum
1211 5391 1471 5462 praebeat,
1496 5405 1558 5445 ac
1580 5389 1787 5460 placide
1811 5398 1867 5444 et
1893 5389 2183 5458 tranquille

583 5489 948 5563 hlaspbemias
977 5505 1168 5546 eorum
1195 5488 1496 5553 auscultet;
1523 5487 1650 5542 dum
1673 5485 1906 5554 denique
1932 5499 2183 5541 sermone

587 5601 784 5642 usurus
815 5583 1228 5650 vehementiori,
1270 5583 1336 5639 ad
1374 5584 1425 5639 id
1469 5597 1526 5638 se
1557 5597 1663 5638 non
1705 5595 1799 5638 sua
1845 5581 1940 5637 sed
1979 5579 2183 5637 Christi

583 5693 746 5736 causa
798 5678 1088 5737 adductum
1139 5693 1263 5737 esse
1309 5686 1458 5736 tanta
1506 5693 1636 5734 cura
1691 5684 1948 5747 tantoque
2002 5672 2184 5731 studio

589 5779 990 5844 prmmonstrat.

657 5864 770 5922 ΧΠ.
818 5865 1082 5938 Apologia:
1127 5865 1408 5922 conclusio.
1467 5893 1538 5906 -
1589 5861 1722 5934 Quae
1768 5877 1890 5920 cum
1936 5860 2010 5919 ita
2053 5861 2178 5928 Sint,

2279 4739 2451 4808 ccptis
2475 4737 2654 4793 verbis
2689 4745 2933 4804 testatur,
2968 4752 3091 4792 eum
3122 4752 3180 4792 se
3203 4737 3393 4808 quinto
3419 4752 3560 4793 anno
3591 4741 3699 4806 post
3719 4726 3831 4784 exsi-

2280 4831 2351 4886 lia
2376 4832 2615 4898 Eusebii,
2640 4830 2870 4885 Lucileri
2899 4839 2953 4885 et
2971 4829 3234 4902 Dionysii,
3261 4830 3364 4886 hoc
3389 4840 3494 4895 est,
3517 4821 3830 4901 quinquennio

2283 4933 2406 4995 post
2449 4924 2736 4980 concilium
2777 4923 3181 4979 Mediolanensc
3223 4922 3351 4978 anni
3391 4923 3520 4988 555,
3554 4917 3831 4993 proindeque

2283 5032 2427 5073 anno
2465 5018 2594 5084 560,
2641 5031 2748 5071 uno
2799 5027 2926 5072 ante
2962 5014 3265 5071 Constantii
3308 5027 3537 5072 mortem
3578 5011 3829 5084 scripsisse.

2283 5111 2471 5179 Neque
2520 5109 2899 5178 ambigendum
2949 5109 3187 5175 videtur,
3235 5112 3362 5182 qttin
3412 5110 3560 5165 illum
3604 5097 3834 5173 scripserit

2284 5220 2406 5261 cum
2447 5202 2914 5272 Constantinopoli
2956 5215 3286 5270 versaretur,
3336 5212 3612 5274 postquam
3657 5197 3714 5252 de
3755 5189 3834 5246 ﬁde

2286 5313 2468 5354 coram
2503 5295 2814 5367 disputandi
2853 5304 3175 5367 potestatem
3217 5296 3317 5352 sibi
3360 5295 3475 5352 fieri
3502 5293 3649 5350 enixe
3678 5297 3834 5361 popos-

2289 5391 2473 5455 cisset,
2506 5403 2604 5445 nec
2647 5391 3011 5460 impetrasset,
3073 5390 3182 5446 imo
3233 5387 3394 5444 etiam
3437 5400 3556 5461 post
3593 5397 3732 5456 quam
3760 5375 3834 5431 ibid

2291 5485 2416 5540 dem
2445 5483 2752 5538 inchoasset
2781 5481 3150 5538 Seleuciensis
3179 5491 3340 5553 atque
3368 5476 3706 5537 Ariminensis
3729 5484 3831 5525 con-

2290 5578 2398 5633 cilii
2431 5577 2735 5632 historiam.
2767 5576 2968 5632 Verum
3003 5586 3224 5649 propter
3264 5575 3428 5632 verba
3468 5564 3749 5640 llieronymi
3786 5559 3832 5614 li-

2289 5672 2481 5730 benter
2507 5671 2869 5728 assentiemur
2901 5671 2990 5740 iis,
3029 5671 3119 5742 qui
3155 5671 3298 5726 hunc
3327 5670 3450 5725 licet
3487 5675 3606 5723 ante
3641 5667 3828 5718 mortem

2290 5768 2586 5825 Constantii
2618 5769 2913 5840 scriptum,
2942 5768 3145 5826 editum
3179 5777 3358 5825 tamen
3384 5766 3564 5824 volent
3599 5757 3832 5818 dumtaxat

2291 5865 2412 5933 pbst
2441 5872 2669 5921 mortem
2699 5864 2868 5936 ipsids
2899 5881 2912 5920 :
2943 5864 3175 5923 mutuae
3207 5864 3328 5922 ‘cum
3353 5861 3504 5934 paulo
3535 5859 3644 5930 post
3672 5839 3832 5910 ΗὶΙπτίο
