3996 6330
216 307 310 364 577

745 307 806 364 S.
848 302 1100 363 lllLARll
1142 302 1356 363 EPISC.
1399 301 1600 361 LIBER
1641 301 1917 360 CONTRA
1954 303 2438 364 CONSTANTIUM
2478 304 2998 364 IMPERATOREM.

3405 306 3514 364 578

218 423 264 476 itt
292 419 637 478 Occidentem
682 423 945 480 redeundi
983 423 1122 480 facta
1162 433 1456 495 potestate,
1493 424 1716 480 facultas
1746 425 1794 480 ei
1825 431 1878 488 Α
1904 433 2014 478 tum
2039 424 2159 494 quia
2193 427 2304 478 tota
2329 425 2478 481 abest
2501 441 2532 480 a
2557 423 2774 481 laudato
2794 424 2850 482 S.
2880 423 3023 481 Petri
3050 421 3236 481 codice
3262 424 3506 482 omnium

218 515 327 570 daza
357 515 428 570 sit
470 516 569 571 hoc
613 517 752 588 apud
781 533 911 573 suos
948 520 1104 588 longe
1143 517 1352 574 facilius
1382 529 1543 588 atque
1585 519 1804 574 liberius

215 625 305 682 per
333 626 393 666 se
425 613 730 682 praestandi,
763 614 903 684 quod
930 628 1023 684 per
1052 612 1192 669 hunc
1233 615 1426 670 librum
1460 615 1634 671 facere
1672 629 1799 685 pro.

217 717 486 776 posuerat.

282 881 398 938 XV.
441 882 560 938 Non
609 893 684 940 est
733 884 1085 958 imperfectus,
1130 888 1220 942 sed
1258 907 1291 943 a
1328 905 1484 944 manu
1539 889 1812 962 peregrina

217 988 408 1032 auctus.
436 1009 505 1018 —
533 979 764 1033 Rursum
797 981 1002 1036 Erasmi
1029 982 1290 1052 opinioni,
1317 999 1421 1053 qua
1452 982 1591 1038 hunc
1613 983 1808 1039 librum

216 1071 582 1141 imperfectum
615 1073 963 1141 existimavit,
992 1075 1366 1144 subscripsere
1396 1085 1658 1146 quotquot
1689 1085 1809 1148 post

217 1181 333 1222 eum
369 1165 553 1221 llilarii
579 1166 753 1236 Opera
779 1167 1084 1222 ediderunt.
1112 1167 1276 1224 Nobis
1299 1179 1484 1224 contra
1515 1185 1619 1224 non
1651 1169 1811 1225 modo

216 1258 418 1331 integer
444 1267 500 1314 et
519 1258 827 1327 absolutus,
857 1260 952 1316 sed
976 1271 1027 1317 et
1058 1261 1125 1316 ab
1155 1249 1526 1318 alienamanu
1554 1277 1622 1318 ex
1662 1263 1810 1320 libris

215 1353 278 1412 de
307 1354 572 1410 Trinitate
602 1369 706 1409 non
734 1354 1083 1410 mediocriter
1118 1363 1308 1411 auctus
1337 1365 1597 1426 apparet;
1623 1372 1810 1412 eorum

215 1447 434 1503 forsitan
483 1463 668 1517 opera,
712 1449 802 1518 qui
858 1464 924 1503 ex
979 1449 1143 1503 variis
1184 1450 1501 1505 eorumdcm
1545 1450 1812 1506 librorum

215 1542 532 1600 centonibus
549 1541 730 1614 .libros
760 1541 828 1596 de
857 1541 1034 1596 Patris
1063 1551 1116 1597 et
1148 1541 1268 1597 Filii
1315 1544 1521 1597 unitate
1541 1584 1554 1608 ,
1602 1558 1812 1599 necnon

213 1636 277 1693 de
303 1636 538 1716 essentia
561 1634 733 1690 Patris
755 1643 807 1690 et
828 1634 945 1688 Filii
977 1644 1392 1690 contexnernnt.
1424 1635 1550 1690 llaec
1573 1625 1814 1692 accessio

211 1731 428 1800 antiqua
458 1728 673 1799 quidem
708 1736 814 1796 est,
843 1744 964 1783 cum
992 1729 1153 1783 etiam
1188 1729 1240 1783 in
1272 1746 1372 1785 tus.
1404 1730 1713 1785 Colbcrtino
1744 1731 1812 1786 ab

1909 517 2069 587 longe
2099 516 2409 572 veterrima.

1980 609 2121 667 XVI.
2155 611 2434 683 Synopsis.
2468 642 2538 652 —
2568 611 2763 668 Totum
2798 611 2901 669 hoc
2932 628 3068 683 opus
3100 612 3154 668 in
3184 628 3278 669 sex
3325 623 3509 684 partes

1909 706 2155 762 distribui
2176 707 2459 763 commode
2485 717 2680 778 potest.
2713 708 2890 764 Prima
2923 707 3182 764 orationis
3205 718 3316 764 tam
3344 709 3509 765 velte-

1911 803 2108 858 mentis
2137 803 2376 858 rationes
2413 803 2710 874 praemittit.
2744 803 3066 877 Perstringit
3104 805 3338 862 secunda
3383 822 3509 877 per-

1910 895 2243 950 secutionem
2270 937 2286 963 ,
2314 911 2474 967 quam
2506 897 2852 952 Constantius
2879 912 2909 952 a
2937 897 3172 954 concilio
3203 898 3510 955 Arelatensi

1911 1003 2082 1059 usque
2110 989 2176 1044 ad
2214 989 2578 1055 Ariminense,
2609 989 2724 1047 sive
2767 989 3044 1047 blanditiis
3070 1006 3134 1047 ac
3171 992 3515 1050 simulatione

1911 1097 2067 1138 ovem
2097 1098 2157 1138 se
2198 1083 2487 1150 mentiens,
2534 1083 2654 1139 sive
2703 1083 2867 1139 minis
2907 1099 2971 1140 ac
3004 1085 3286 1156 suppliciis
3327 1087 3509 1158 lupum

1911 1187 2079 1246 agens
2107 1175 2382 1230 excitavit.
2413 1175 2577 1231 Gesta
2609 1175 2978 1232 Seleucicnsis
3026 1178 3218 1250 synodi
3253 1179 3401 1234 tertia
3430 1188 3514 1236 at-

1915 1269 2089 1340 tingit.
2108 1267 2337 1325 Concilii
2370 1269 2612 1340 ejusdem
2647 1270 2840 1337 fidem,
2871 1286 2974 1340 qua
3013 1269 3218 1326 Filium
3253 1272 3401 1328 Patri
3430 1290 3513 1330 se-

1913 1364 2140 1420 cundum
2195 1365 2497 1435 Scripturas
2547 1366 2770 1421 similent
2826 1365 3148 1432 definierat,
3203 1366 3516 1439 dictumque

1912 1458 2233 1525 Constantii,
2274 1458 2414 1514 Nolo
2442 1476 2556 1528 qua:
2585 1476 2688 1515 non
2715 1460 2911 1528 scripta
2950 1469 3065 1515 sunt
3113 1461 3219 1514 dici
3256 1475 3276 1515 :
3307 1461 3515 1532 Sigillat

1911 1561 2105 1622 quarta
2135 1561 2296 1622 atque
2340 1551 2608 1620 confutat,
2656 1551 2779 1608 Filii
2821 1562 2873 1609 et
2916 1553 3091 1609 Patris
3133 1553 3515 1610 demonstrans

1913 1647 2299 1718 :equalitatem.
2329 1647 2522 1716 Quinta
2553 1649 2878 1704 Arianorum
2906 1648 3181 1720 ipsiusque
3211 1648 3514 1706 Constantii

1915 1741 1969 1794 in
1993 1739 2095 1795 fide
2123 1741 2536 1795 inconstantiam
2564 1749 2936 1810 repraesentat.
2958 1740 3234 1796 Postrema
3257 1740 3513 1812 denique,

210 1825 367 1880 anuis
402 1823 620 1880 circiter
647 1823 753 1880 600
798 1834 1051 1891 exarato,
1083 1836 1138 1881 et
1179 1826 1498 1882 Martiniano
1538 1828 1628 1899 qui
1666 1826 1809 1884 hunc
1840 1824 1886 1884 B
1914 1833 1960 1888 si
1989 1844 2168 1889 tamen
2204 1834 2325 1889 libri
2354 1833 2510 1906 hujus
2539 1849 2666 1906 pars
2696 1833 2798 1889 dici
2834 1843 3034 1905 potest.
3063 1851 3183 1904 qua:
3213 1834 3341 1891 licet
3371 1835 3517 1890 llila-

210 1919 527 1991 antiquitate
549 1928 788 1989 superat,
814 1933 1025 1974 necnon
1058 1919 1110 1974 in
1135 1920 1256 1975 aliis
1280 1929 1487 1990 septem
1511 1931 1718 1988 exstet;
1739 1922 1806 1976 ab

207 2025 428 2071 auctore
458 2024 634 2068 tamen
660 2013 878 2068 minimc
905 2014 1171 2084 prodiisse
1203 2013 1359 2070 facile
1380 2014 1672 2086 judicatnr,
1698 2027 1808 2071 tum

205 2109 326 2180 quia
375 2106 692 2178 fragmentis
721 2115 935 2162 constat
970 2106 1110 2162 inter
1136 2122 1195 2163 se
1239 2107 1464 2164 omnino
1505 2108 1807 2174 dissolutis,

1917 1927 1978 1983 rii
2010 1927 2190 1983 verbis
2220 1936 2452 1994 constet,
2484 1944 2512 1982 a
2551 1928 2833 1999 peregrina
2876 1937 3054 1984 tamen
3088 1925 3250 1984 man‘lt
3295 1928 3514 1987 adtexta

1915 2028 2020 2086 cst,
2050 2018 2224 2075 Patris
2249 2029 2497 2075 naturam
2526 2029 2582 2075 et
2609 2029 2865 2076 atternam
2901 2019 3020 2076 Filii
3053 2021 3384 2078 nativitatem
3415 2021 3515 2077 hu-

1915 2111 2060 2165 mani
2091 2111 2288 2182 ingenii
2316 2112 2459 2167 vires
2498 2127 2757 2184 superare
2777 2113 3036 2169 declarat.

207 2223 3482 2257 Μ

204 2308 557 2383 561-562

1063 2321 1786 2472 SANCTI
1880 2325 2673 2472 HILARII

521 2563 1032 2723 00NTRA
1150 2561 2091 2720 (illNS’l‘AN'l‘IUlll
2227 2564 3196 2726 IMPERATllREM

1406 2807 1812 2882 LIBER

1931 2809 2296 2887 UNUS.

1503 2945 1512 3012 ζ
1555 2942 1828 3014 (semprth
1852 2957 1992 2998 anno
2019 2942 2178 3014 560.)

276 3146 327 3202 i.
391 3141 698 3199 Exhortatio
715 3139 782 3196 ad
822 3139 1118 3194 certandum
1164 3155 1258 3211 pro
1301 3138 1420 3210 ﬁde.
1475 3169 1545 3179 ——
1573 3138 1811 3211 Tempus

203 3248 284 3296 est
326 3236 619 3308 loquendi:
664 3233 791 3306 quia
828 3235 941 3303 jam
990 3235 1249 3305 praeteriit
1303 3243 1516 3303 tempus
1576 3234 1806 3289 tacendi.

204 3332 459 3387 Christus
487 3337 860 3397 exspectetur:
894 3327 1017 3396 quia
1054 3325 1129 3398 (a)
1159 3323 1390 3379 obtinuit
1437 3324 1808 3383 antichristus.

203 3423 456 3480 Clamcnt
491 3433 770 3494 pastores:
804 3422 926 3492 quia
969 3419 1286 3475 mercenarii
1321 3419 1588 3491 fugerunt.
1635 3421 1806 3477 Ponat

206 3536 328 3575 mus
358 3519 571 3574 animas
601 3533 697 3588 pro
721 3517 912 3571 ovibus
951 3533 964 3568 :
998 3516 1119 3584 quia
1153 3514 1299 3570 fures
1352 3514 1712 3582 introierunt,
1760 3525 1816 3570 et

202 3615 290 3671 leo
319 3614 558 3671 smvicns
605 3611 819 3666 circuit.
875 3609 953 3665 Ad
999 3609 1317 3680 martyrium
1369 3623 1462 3677 per
1514 3609 1612 3663 has
1654 3623 1816 3664 voces

202 3722 494 3769 exeamus,
522 3705 643 3776 quia
668 3704 890 3774 angelus
912 3710 1112 3757 satante
1133 3699 1527 3771 transligttravit
1551 3716 1609 3757 se
1635 3702 1684 3756 in
1707 3703 1817 3756 An-

201 3803 390 3873 gelum
422 3799 576 3854 lucis.
623 3797 890 3853 lntremus
922 3812 1017 3866 per
1052 3794 1454 3865 januam:quia
1494 3809 1650 3850 nemo
1670 3793 1819 3849 vadit

202 3893 270 3949 ad
299 3893 523 3949 Patrem
559 3889 662 3945 nisi
713 3905 807 3959 per
836 3887 1032 3942 Filium
1064 3885 1245 3958 (Joan.
1304 3901 1423 3952 XIV,
1450 3883 1529 3957 6).
1567 3883 1818 3940 Manifes-

203 3997 392 4042 tentur
422 3985 475 4040 in
507 3999 636 4055 pace
661 3999 754 4038 sua
791 3981 1308 4053 pscudOprophctaz:
1344 3981 1469 4050 quia
1517 3980 1570 4034 in
1620 3979 1814 4035 Incresi

202 4079 589 4136 etschismatc
636 4074 1127 4130 manifestabuntur
1185 4073 1417 4143 probati.
1480 4072 1818 4128 Stt5tineatur

203 4174 528 4238 tribulatio,
561 4171 735 4242 qualis
777 4186 882 4225 non
925 4169 1024 4224 fuit
1073 4186 1102 4224 a
1159 4170 1545 4225 constitutione
1598 4167 1815 4224 mundi:

201 4269 301 4326 sed
338 4267 714 4337 intelligantur
745 4263 1022 4320 breviandi
1064 4262 1179 4318 dies
1226 4273 1450 4333 propter
1492 4263 1696 4318 electos
1729 4262 1817 4316 Dei

204 4360 433 4434 (Matth.
467 4375 590 4414 xxtv
617 4399 631 4426 ,
662 4357 777 4430 22).
825 4357 1045 4428 lmpleta
1096 4366 1179 4412 cst
1229 4355 1506 4428 prophetia
1539 4398 1554 4425 ,
1601 4355 1816 4412 dicens:

202 4453 325 4507 Erit
362 4463 602 4524 tempus,
635 4449 843 4520 quando
907 4465 1088 4503 sanam
1127 4448 1412 4502 doctrinam
1456 4465 1558 4504 non
1602 4448 1822 4503 sustine-

201 4548 356 4611 bunt,
400 4546 489 4600 sed
512 4546 581 4599 ad
609 4561 701 4598 sua
731 4542 989 4598 desideria
1026 4543 1398 4598 coacervabunt
1418 4543 1513 4597 sibi
1551 4543 1822 4614 magistros

200 4643 500 4710 sculpentes
521 4654 702 4695 aures:
731 4649 775 4693 et
802 4656 834 4692 a
856 4638 1063 4692 veritate
1077 4639 1280 4708 quidem
1305 4637 1540 4691 auditum
1570 4645 1820 4703 averterit,

203 4736 274 4789 ad
297 4735 514 4806 fabulas
561 4743 729 4788 autem
757 4740 1114 4787 convertentur
1161 4729 1229 4803 (ll
1265 4728 1397 4784 Tim.
1429 4746 1480 4785 tv
1512 4772 1527 4796 ,
1580 4730 1671 4799 5);
1725 4729 1822 4785 sed

202 4836 564 4902 exspectetur
592 4825 879 4897 promissio
919 4824 1271 4894 protestantis
1296 4865 1311 4889 ,
1361 4823 1507 4878 Beati
1533 4824 1670 4888 estis,
1706 4838 1822 4876 cum

203 4943 294 4981 vos
341 4923 655 4980 maledicent
678 4965 693 4990 ,
722 4930 769 4975 et
798 4926 1160 4993 persequentur
1185 4959 1198 4982 ,
1238 4927 1288 4972 et
1329 4917 1498 4972 dicent
1527 4934 1676 4973 omne
1718 4934 1826 4970 nta-

203 5019 315 5074 lum
339 5017 617 5072 adversum
663 5029 750 5068 vos
782 5021 992 5083 prapter
1011 5011 1290 5081 justitiam.
1325 5009 1552 5066 Gaudete
1580 5020 1630 5066 et
1657 5011 1828 5066 exsul-

279 5161 368 5231 (a)
398 5157 456 5212 In
474 5156 658 5231 tribus
676 5167 806 5208 mss.
837 5149 1063 5231 obticuit.
1082 5147 1301 5231 Rectius
1321 5149 1384 5231 ‘i‘n
1409 5147 1812 5231 aliis,_obtinnit,

202 5220 434 5306 supple,
465 5227 750 5297 Imperium
771 5265 785 5289 ,
819 5233 910 5277 aut
939 5221 1066 5292 quid
1096 5221 1289 5275 simile.
1315 5220 1689 5306 Constantium
1719 5236 1817 5306 an:

206 5291 450 5360 tic'h'risti
493 5291 883 5371 priecnrsorem
914 5291 1096 5371 coram
1141 5307 1332 5347 vocare
1354 5291 1822 5371 noutrepidarnnt

204 5362 977 5436 Romzinas'Ecclesitelegati.
1026 5362 1154 5436 Cum
1180 5374 1226 5416 te
1255 5405 1268 5427 ,
1319 5364 1396 5418 ait
1423 5363 1490 5418 ad
1530 5363 1822 5436 ipsutnmet

205 5447 438 5504 Lucifer
465 5444 556 5499 lib.
588 5458 602 5496 :
649 5456 745 5511 pro
788 5434 1085 5511 Athanasio
1121 5477 1134 5502 ,
1183 5451 1503 5511 urgerentus“
1529 5451 1621 5488 nos
1670 5434 1823 5511 legati

203 5520 382 5575 beata?
426 5506 701 5577 Ecclesia},
753 5520 939 5564 sectam
991 5507 1337 5560 damnandam
1389 5506 1540 5569 Arii,
1577 5515 1624 5558 et
1676 5507 1824 5559 illaut

203 5591 402 5646 dixisti
436 5589 596 5660 magis
625 5599 733 5638 esse
757 5582 1095 5645 catholicam;
1131 5579 1583 5649 prtenuntitwimus
1612 5587 1660 5632 te
1686 5578 1825 5632 anti-

204 5663 400 5718 cltristi
429 5662 584 5729 fuisse
603 5669 987 5732 prtecursorent.
1131 5721 1142 5732 .
1348 5722 1360 5732 .
1601 5721 1666 5732 ﬂ

284 5735 371 5808 (b)
408 5719 685 5786 Paulinum
711 5725 788 5808 _ab
847 5721 1143 5808 thelatensi
1192 5722 1570 5808 synodo-anno
1731 5719 1827 5808 de-

203 5792 438 5865 εἰηόιίιιε
462 5821 492 5858 e
512 5817 610 5857 sua
631 5798 760 5854 sede
782 5797 991 5867 pulsum
1021 5809 1140 5848 esse
1165 5792 1377 5867 constat
1411 5805 1519 5867 tum
1542 5808 1607 5849 ex
1642 5792 1826 5847 libello

208 5896 226 5939 ι
250 5879 326 5936 ad
352 5873 757 5940 CullSL‘ltlliillll,
784 5865 844 5923 it.
867 5870 921 5936 8,
939 5877 1049 5922 tum
1079 5865 1312 5926 maxime
1341 5882 1407 5924 ex
1431 5865 1756 5936 Fragmenta
1785 5881 1820 5931 ι,

2121 3071 2401 3086 *ψ

1915 3151 2036 3208 tate,
2069 3143 2310 3213 quoniam
2366 3160 2555 3199 merces
2581 3153 2747 3199 vestra
2790 3145 2998 3216 capiosa
3035 3154 3110 3202 est
3137 3147 3191 3201 in
3245 3147 3390 3204 cazlo.
3425 3147 3518 3205 Sic

1914 3237 2050 3290 enim
2097 3239 2348 3306 persecuti
2387 3248 2573 3292 suntet
2624 3239 2900 3308 prophetas
2941 3239 3029 3309 qui
3077 3250 3225 3294 erant
3277 3249 3396 3296 ante
3432 3257 3519 3297 ros

1915 3326 2134 3400 (Matth.
2163 3345 2216 3398 v,
2246 3331 2302 3386 Η
2337 3373 2351 3398 ,
2408 3330 2520 3404 19).
2566 3332 2783 3387 Stemus
2812 3342 2935 3389 ante
2968 3332 3177 3403 judices
3206 3344 3257 3390 et
3281 3342 3520 3406 potesta-

1839 3460 1884 3523 Ο
1915 3431 1998 3479 tes
2042 3439 2140 3494 pro
2170 3423 2370 3480 Christi
2399 3425 2651 3481 nomine:
2679 3424 2802 3496 quia
2857 3425 3048 3481 beatus
3095 3436 3178 3482 est
3221 3427 3310 3498 qui
3350 3442 3520 3498 uSquc

1919 3515 1972 3570 in
2023 3516 2182 3572 finem
2237 3520 2666 3588 perseveraverit
2719 3517 2936 3588 (Matth.
2985 3536 3060 3586 χ,
3113 3519 3230 3593 22).
3295 3520 3408 3576 Non
3455 3523 3525 3576 ti-

1919 3622 2165 3663 meamus
2187 3625 2308 3664 eum
2335 3610 2424 3680 qui
2449 3620 2622 3681 potest
2650 3625 2847 3682 corpus
2867 3610 3138 3688 occidere,
3165 3612 3399 3668 animam
3427 3628 3522 3668 au-

1921 3711 2026 3757 tem
2061 3717 2166 3758 non
2197 3714 2368 3775 potest
2395 3722 2406 3757 :
2439 3705 2530 3760 sed
2561 3704 2848 3761 timeamus
2889 3723 3011 3762 ettm
3036 3749 3052 3774 ,
3083 3709 3170 3777 qui
3200 3716 3374 3779 potest
3401 3723 3522 3764 cor-

1921 3812 2023 3868 pus
2046 3808 2098 3852 et
2115 3798 2349 3852 animam
2376 3799 2624 3855 occidere
2647 3800 2698 3854 in
2721 3799 3022 3870 gehennam
3050 3799 3236 3872 (Ibid,
3268 3801 3382 3873 28).
3407 3801 3518 3860 Nec

1919 3887 2138 3944 solliciti
2171 3889 2239 3957 de
2289 3890 2444 3945 nobis
2488 3891 2689 3946 simus:
2719 3893 2840 3962 quia
2888 3892 3066 3961 capilli
3111 3894 3301 3963 capitis
3347 3893 3520 3950 nostri

1921 3980 2184 4035 numerati
2214 3989 2340 4035 sunt
2369 3980 2557 4053 (Ibid,
2588 3981 2704 4051 50).
2739 3985 2803 4038 Et
2837 3999 2931 4054 per
2965 3983 3222 4054 Spiritum
3271 3995 3519 4044 sanctum

1920 4087 2210 4143 sequamur
2232 4074 2545 4130 veritatem:
2577 4090 2644 4131 ne
2688 4092 2780 4144 per
2821 4076 3067 4144 Spiritum
3098 4078 3300 4133 erroris
3326 4079 3520 4134 creda-

1921 4182 2042 4222 mus
2071 4167 2376 4224 mendacio.
2409 4169 2474 4222 Et
2501 4171 2925 4224 commoriamur
2944 4171 3162 4226 Christo
3187 4213 3200 4236 ,
3232 4173 3524 4231 utCliristo

1921 4273 2335 4330 conregnemus.
2371 4259 2606 4317 Ulterius
2632 4263 2774 4318 enim
2810 4273 2988 4320 tacere
3021 4306 3062 4330 ,_
3085 4264 3399 4321 diffidentiae
3451 4267 3527 4322 si-

1933 4369 2096 4426 gnum
2123 4363 2225 4419 est,
2259 4368 2366 4410 non
2398 4356 2678 4411 modestia:
2713 4355 2885 4423 ratio,
2930 4358 3052 4428 quia
3080 4372 3184 4413 non
3233 4359 3411 4416 minus
3433 4375 3528 4433 pe-

1922 4443 2078 4500 riculi
2107 4453 2190 4499 est
2232 4461 2450 4517 semper
2479 4447 2732 4514 tacuisse,
2756 4462 2914 4518 quam
2938 4465 3250 4521 numquam.

1992 4538 2047 4591 2.
2079 4536 2146 4593 Ut
2182 4536 2416 4594 Hilarius
2441 4539 2494 4594 in
2527 4541 2716 4595 tuenda
2745 4540 2848 4610 ﬁde
2873 4559 3072 4615 semper
3102 4545 3218 4614 paci
3243 4544 3524 4601 studuerit.

1929 4631 1996 4688 Ut
2019 4632 2315 4688 modestiam
2335 4650 2450 4688 cum
2490 4633 2802 4688 adversariis
2840 4639 3080 4690 servarit.
3111 4667 3183 4678 —
3211 4636 3327 4708 Ego
3350 4679 3364 4702 ,
3397 4637 3530 4695 Fra-

1928 4735 2074 4794 tres,
2103 4736 2164 4783 ut
2188 4727 2318 4783 mihi
2357 4743 2568 4792 omnes,
2595 4729 2684 4799 qui
2715 4744 2804 4785 me
2825 4729 2911 4785 vel
2933 4730 3154 4787 audiunt
3186 4733 3270 4788 vel
3301 4733 3532 4790 familia-

1929 4822 2088 4878 ritate
2107 4823 2384 4893 cognitum
2409 4821 2628 4887 habent,
2664 4830 2832 4878 testes
2860 4833 3014 4892 sunt,
3056 4827 3433 4896 gravissimum
3463 4827 3530 4883 fi-

1931 4915 2018 4973 dei
2048 4916 2344 4986 periculum
2369 4916 2526 4986 longe
2552 4924 2712 4973 antea
2738 4918 3062 4988 praevidens,
3083 4929 3204 4992 post
3222 4932 3530 4980 sanctorum

1931 5010 2172 5066 virorum
2198 5008 2390 5066 exsilia
2419 5009 2495 5080 (b)
2526 5008 2734 5064 Paulini
2768 5050 2784 5078 ,
2829 5011 3084 5080 Eusebii,
3118 5014 3372 5084 Luciferi,
3409 5017 3536 5073 Dio-

1920 5163 1974 5225 n_.
2009 5147 2064 5225 ti;
2101 5144 2408 5225 Luciferum
2463 5153 2642 5225 autem
2668 5185 2714 5225 ,u
2731 5143 3018 5225 Eusebium
3049 5151 3455 5225 ac'Dionysinm
3499 5173 3530 5214 a

1917 5217 2438 5290 Mediolanensian.
2491 5214 2626 5290 555.Δ
2671 5215 2854 5288 Neque
2900 5219 3163 5290 ignoravit
3203 5214 3531 5284 Athanasius

1918 5289 2046 5367 quid
2073 5302 2297 5367 utraque
2327 5287 2419 5367 illa
2459 5287 2672 5367 synodo
2688 5287 3050 5367 gestum'sit,
3073 5295 3142 5350 de
3172 5298 3366 5367 quibus
3395 5301 3557 5364 scri—_

1919 5360 1997 5416 bit
2021 5360 2430 5443 ad‘Solitarios,
2453 5375 2576 5443 pag:
2608 5360 2744 5443 8:29:
2767 5363 2896 5443 Cu-m
2918 5373 3084 5443 autem
3111 5360 3239 5443 esset
3269 5360 3533 5443 (Impera?

1932 5432 2040 5503 tor)
2067 5432 2273 5487 Arelate
2302 5443 2348 5487 et
2375 5431 2680 5495 Mediolani,
2711 5434 2882 5486 omnia
2927 5453 3021 5504 pro
3052 5431 3402 5495 Ittcreticornm
3432 5444 3531 5498 ad-

1935 5505 2143 5587 hortatu
2173 5505 2596 5587 suggestioneqtte
2623 5505 2883 5587 faciebatl."
2903 5507 2981 5559 vel
3003 5511 3173 5587 potius
3194 5512 3272 5564 illi
3291 5513 3394 5582 ipsi
3411 5531 3535 5587 age-

1935 5575 2054 5651 bant
2083 5574 2578 5651 insultabantqueiu
2620 5590 2792 5651 attines
2842 5574 3063 5651 Ca'saris
3115 5574 3364 5651 potestate
3413 5574 3533 5642 εἶρα

1935 5649 2106 5726 cincti.
2128 5650 2264 5726 Quia
2299 5643 2866 5726 tanten_ille,Ap9log_._
2885 5663 3003 5726 pag.
3027 5643 3153 5726 692,
3181 5658 3533 5726 quemadmo-

1934 5719 2060 5775 dum
2088 5720 2174 5776 hic
2201 5727 2389 5775 noster
2415 5718 2682 5783 Hilarius,
2716 5718 2927 5774 Paulini
2961 5718 3228 5782 exsilium
3275 5745 3378 5784 una
3408 5745 3531 5788 cum

1935 5793 2141 5848 exsiliis
2173 5792 2422 5867 Eusebii,
2457 5788 2687 5867 Lue_i_f_eri
2721 5805 2784 5845 ac
2826 5791 3063 5867 Diottysii
3092 5811 3383 5867 memorat;
3426 5802 3534 5858 fac-

1937 5873 2060 5925 tum,
2082 5873 2164 5922 est
2189 5871 2248 5920 ut
2274 5864 2547 5931 Socrates,
2565 5857 2658 5916 lib.
2693 5877 2752 5931 tt,
2775 5879 2895 5938 cap.
2917 5857 3009 5936 56,
3033 5877 3088 5926 et
3118 5857 3531 5944 Rufinus,'lib.7|
