3996 6330
552 302 660 389 itm

1734 322 1977 385 SANCTl
2021 298 2278 385 nuntur
2316 298 2627 384 EPlSCOPl

3703 308 3789 386 380

555 444 712 518 nysii,
744 442 933 517 quinto
953 441 1149 500 abhinc
1174 456 1317 499 anno
1348 484 1363 509 ,
1390 456 1417 498 a
1459 442 1731 500 Saturnini
1761 450 1814 498 et
1845 441 2051 500 Ursacii
2095 450 2147 498 et
2175 442 2230 519 Α
2253 444 2523 517 colloqui,
2550 452 2643 500 aut
2670 454 2932 513 suspensa
2978 440 3106 498 licet
3124 438 3511 497 communionis
3533 443 3786 513 soi-ictam,

556 538 793 594 Valentis
839 538 1221 593 communione
1271 552 1355 593 me
1385 551 1507 592 cum
1556 536 1848 592 Gallicanis
1885 536 2153 606 episcopis

554 630 823 701 separavi,
852 629 1056 685 indulta
1087 628 1301 685 caneris
1343 629 1685 685 consortibus
1714 644 1902 685 eorum
1933 628 2152 700 resipis-

554 724 709 781 cciidi
751 727 1037 781 facultate:
1091 730 1149 780 nt
1175 739 1276 781 nec
1326 727 1472 794 pacis
1531 722 1749 779 abesset
1772 724 2019 778 voluntas
2050 765 2066 790 ,
2099 729 2155 778 et

555 817 929 888 principalium
960 816 1274 872 morborum
1312 815 1498 874 fmtida
1518 858 1532 883 ,
1580 823 1636 872 et
1664 816 1717 871 in
1749 815 2150 887 cerruptionem

554 913 718 967 totius
738 912 983 981 corporis
1007 910 1246 967 membra
1279 909 1357 985 (a)
1383 910 1715 981 proficientia
1744 911 2150 974 desecarentur:

553 1005 598 1058 si
629 1015 809 1060 tamen
833 1004 938 1060 hoc
960 1003 1136 1076 ipsum
1166 1002 1493 1059 beatissimis
1521 1002 1926 1059 conl'essoribus
1952 1000 2153 1058 Christi

552 1096 758 1153 editum
788 1097 1067 1153 decretum
1113 1097 1188 1170 (ὑ)
1216 1104 1327 1151 tum
1360 1114 1387 1149 a
1419 1096 1575 1153 nobis
1597 1110 1815 1152 manere
1836 1095 2150 1169 placuisset.

552 1189 713 1264 563
746 1192 819 1265 (ε)
850 1192 949 1259 Qui
979 1201 1168 1264 postea
1198 1206 1294 1260 per
1328 1189 1618 1247 factionem
1664 1204 1850 1246 eorum
1888 1186 2154 1260 pseudoa.

555 1286 887 1353 postulorum
914 1283 981 1339 ad
1012 1284 1377 1341 Biterrensem
1400 1284 1666 1357 synodum
1693 1283 2033 1355 compulsus,
2060 1297 2155 1339 co-

552 1380 851 1449 gnitionem
879 1379 1418 1449 (d).demonstrand:e
1448 1378 1608 1449 hujus
1639 1378 1910 1433 luereseos
1946 1377 2020 1449 (ε)
2050 1376 2152 1432 ob-

555 1471 674 1526 tuli.
701 1471 806 1527 Sed
834 1471 887 1525 hi
910 1471 1163 1526 timentes
1191 1470 1417 1541 puhlica:
1448 1470 1796 1526 conscientiae
1815 1510 1829 1533 ,
1856 1468 2046 1525 audire
2073 1469 2155 1523 in.

553 1574 701 1635 gesta
755 1579 784 1619 a
824 1578 911 1619 me
966 1563 1287 1619 nolueiunt:
1334 1570 1587 1634 putantes
1655 1576 1717 1619 se
1787 1560 2152 1619 innocentiam

552 1674 706 1715 suam
732 1658 949 1714 Christo
999 1673 1161 1729 posse
1208 1658 1445 1725 mentiri,
1475 1659 1523 1713 si
1573 1657 1816 1713 volentes
1847 1656 2151 1723 nescirent,

476 1818 479 1821 ν
553 1754 693 1823 quod
753 1754 956 1825 gesturi
1015 1752 1358 1825 postmodum
1410 1760 1596 1809 essent
1658 1753 1914 1808 scientes.
1976 1754 2153 1821 Atque

2256 539 2513 594 orationis
2540 537 2759 594 domum
2810 534 2959 592 adire
2984 578 2998 601 ,
3045 545 3138 591 aut
3176 535 3296 607 paci
3325 535 3546 605 optanda
3572 552 3792 608 sperare;

2255 632 2383 687 dum
2412 632 2613 689 erroris
2644 630 3032 703 indulgentiam
3056 674 3071 696 ,
3105 630 3173 687 ab
3201 627 3513 686 antichristo
3549 629 3610 685 ad
3645 630 3801 687 Chris‘

2256 734 2369 781 tum
2419 724 2495 799 (g)
2541 740 2843 791 recursum,
2895 741 2993 797 per
3019 722 3388 795 paenitentiam
3419 736 3800 793 pricpsraremtts

2255 818 2404 890 (Vid.
2438 819 2477 874 ι.
2509 818 2572 872 de
2601 819 2802 891 Synod.
2834 835 2888 874 n.
2917 816 2951 871 4
2974 829 3025 873 et
3046 814 3123 888 8).

2327 914 2379 969 5.
2412 915 2561 983 Quod
2574 916 2709 988 jam‘
2734 914 2968 968 dicturus
2998 924 3071 967 est
3090 954 3104 977 ,
3150 926 3251 967 non
3279 919 3355 966 est
3382 909 3703 980 iinpatientite,
3728 911 3799 967 sed

2257 1002 2506 1061 libertatis
2534 1006 2845 1061 cliristian‘w.
2890 1035 2961 1047 —
2991 1005 3049 1062 Si
3089 1004 3211 1076 quis
3242 1003 3401 1074 igitur
3419 999 3643 1073 prudens
3668 1002 3804 1058 ratio-

2256 1110 2380 1153 nein
2413 1097 2612 1153 silentii
2646 1100 2750 1153 mei
2788 1097 3051 1168 percipit,
3100 1095 3344 1167 profecto
3372 1107 3455 1150 me
3491 1108 3649 1165 usque
3688 1106 3804 1150 nunc

2254 1191 2489 1247 recentis
2515 1190 2727 1262 injuria:
2774 1188 3124 1246 acerbitatem
3178 1187 3543 1252 moderatum,
3577 1200 3703 1240 nunc
3726 1183 3805 1241 de-

2255 1296 2404 1337 mum
2429 1278 2573 1338 fideli
2602 1283 2655 1337 in
2680 1280 2897 1339 Christo
2930 1279 3177 1337 libertate
3201 1276 3284 1352 (li)
3327 1282 3573 1341 testante,
3606 1291 3701 1331 noii
3726 1275 3808 1331 sli-

2255 1391 2361 1447 quo
2384 1376 2515 1431 vitio
2544 1374 2794 1431 humana:
2816 1371 3240 1445 perturbationis
3265 1412 3281 1438 ,
3310 1370 3376 1425 ad
3407 1368 3522 1426 bzec
3559 1369 3805 1425 scribenda

2255 1479 2445 1539 arguet
2471 1468 2769 1525 incitatum.
2805 1467 2986 1539 Neque
3013 1467 3158 1521 enim
3204 1464 3490 1519 immature
3519 1461 3706 1531 loquar,
3732 1458 3806 1530 qui

2256 1561 2348 1617 diu
2374 1562 2547 1625 tacui,
2601 1575 2699 1617 nec
2743 1561 2864 1616 sine
2909 1557 3176 1614 modestia
3238 1556 3415 1619 tacui,
3448 1555 3532 1624 qui
3563 1552 3808 1623 aliquando

2251 1654 2360 1726 jam
2391 1655 2609 1726 loquor:
2640 1669 2816 1725 neque
2844 1650 3091 1723 injuriam
3137 1664 3360 1721 queror,
3392 1647 3481 1719 qui
3510 1645 3806 1701 dissimulavi

2256 1758 2562 1816 recentem,
2591 1756 2646 1803 et
2665 1748 2776 1819 qui,
2813 1761 2881 1803 ne
2927 1744 3055 1817 quid
3096 1759 3161 1799 ex
3189 1758 3351 1798 causa
3386 1755 3503 1798 mea
3546 1740 3676 1810 loqui
3693 1738 3812 1794 exis-

551 1848 745 1904 exinde
775 1855 890 1903 toto
922 1848 1024 1903 hoc
1056 1860 1301 1918 tempore
1342 1846 1395 1902 in
1426 1848 1620 1903 exsilio
1661 1846 1913 1902 detentus
1936 1888 1950 1911 ,
1975 1858 2152 1917 neque
2181 1854 2230 1919 Β
2259 1843 2514 1909 timarer,
2546 1840 2608 1914 (ἱ)
2642 1850 2848 1896 tantum
2894 1838 3116 1895 adhibui
3156 1837 3223 1893 ad
3251 1833 3523 1892 silentium
3568 1832 3806 1902 temporis.

550 1938 923 1997 decedendum
982 1940 1113 1996 mihi
1161 1954 1283 1995 esse
1311 1939 1380 1996 de
1429 1939 1629 1995 Christi
1684 1939 2026 1995 confessione
2051 1938 2151 1994 de-

549 2036 716 2100 crevi,
742 2046 917 2103 neque
939 2031 1218 2087 honestam
1248 2032 1480 2102 aliquam
1513 2046 1577 2086 ac
1602 2031 1934 2102 probabilem
1965 2031 2150 2085 ineun-

550 2123 631 2177 da:
676 2124 893 2179 unitatis
938 2126 1202 2180 rationem
1253 2124 1415 2179 statui
1466 2122 1845 2194 respuendum.
1886 2122 2150 2194 ~Deniquc

550 2216 744 2273 exinde
788 2217 922 2273 nihil
967 2216 1037 2289 (Ῑ)
1068 2218 1122 2271 in
1178 2227 1422 2285 tempora
1465 2216 1809 2271 maledictum
1844 2259 1858 2283 ,
1903 2215 2039 2271 nihil
2092 2214 2147 2269 in

548 2329 691 2379 eain,
714 2329 833 2384 qum
853 2324 965 2368 tum
988 2329 1047 2368 se
1067 2312 1269 2368 Christi
1294 2311 1580 2369 ecclesiam
1600 2311 1981 2376 mentiebatur,
2006 2322 2151 2364 nunc

549 2419 726 2463 autem
754 2407 1058 2462 antichristi
1089 2415 1173 2463 est
1194 2420 1464 2478 synagoga
1489 2446 1504 2470 ,
1542 2409 1803 2460 taiiiosuin
1834 2418 1898 2459 sc
1924 2404 2150 2474 dignum

549 2500 788 2570 ipsorum
821 2503 1095 2573 impietate
1122 2499 1313 2570 scripsi
1345 2540 1361 2565 ,
1404 2509 1497 2551 aut
1530 2497 1738 2551 locutus
1778 2511 1897 2550 sum
1924 2513 1937 2548 :
1972 2511 2149 2566 neque

549 2594 764 2650 interim
789 2592 1033 2648 criminis
1054 2593 1175 2647 loco
1215 2588 1348 2648 duxi
1370 2630 1384 2657 ,
1413 2600 1740 2663 quemquam
1792 2600 1884 2644 aut
1912 2604 2036 2645 cuni
2062 2588 2147 2646 his

551 2733 686 2789 liist.
719 2732 866 2787 Eccl.
896 2748 945 2786 e.
972 2731 1059 2795 i9,
1094 2731 1371 2786 l’auliuiiin
1403 2746 1525 2785 cum
1556 2730 1769 2785 caneris
1803 2727 1871 2784 ab
1910 2744 2011 2783 una
2050 2745 2141 2801 sy-

550 2806 691 2859 iinilu
718 2804 1003 2859 Mediolan.
1031 2804 1081 2856 in
1107 2802 1353 2857 exsilium
1387 2812 1593 2856 trusum
1616 2816 1736 2856 esse
1758 2802 2138 2856 existimarint.

550 2878 662 2932 lino
708 2875 790 2929 liis
837 2875 982 2930 addit
1024 2874 1251 2929 Ruliiius
1282 2873 1543 2928 Hilarium
1590 2882 1752 2942 atque
1801 2871 2139 2928 Hodanium:

546 2950 637 3017 qui
664 2965 691 3002 a
717 2948 957 3017 Sulpicio
987 2946 1189 3002 Severo
1212 2947 1413 3016 puriter
1440 2943 1811 3017 superioribus
1837 2944 2143 3015 adjungund-

548 3014 652 3075 tur.
688 3014 839 3076 Unde
866 3018 1177 3073 Bluudellus
1213 3014 1482 3072 Viliiariuin
1539 3030 1681 3070 anno
1710 3014 1817 3073 554
1846 3018 2139 3086 relegatum

546 3092 751 3147 scribit.
787 3090 855 3147 At
878 3090 977 3145 hiis
1007 3105 1195 3145 omnes
1221 3089 1412 3144 exsilio
1437 3088 1736 3157 conjunxit,
1764 3102 1870 3141 non
1901 3098 2136 3157 tempus,

2255 1936 2407 1992 Nunc
2430 1936 2561 1991 mihi
2594 1951 2700 1991 non
2723 1935 2829 1990 alia
2850 1934 2917 1989 ad
2944 1932 3233 1990 dicendum
3259 1945 3447 1998 causa,
3470 1941 3622 2000 quam
3644 1925 3809 1982 Christi

2253 2040 2331 2086 est
2357 2047 2369 2083 :
2400 2030 2486 2085 cui
2519 2026 2684 2103 ⁵84
2709 2036 2765 2084 ct
2791 2027 2896 2083 hoc
2921 2025 3110 2089 debui,
3141 2023 3286 2096 quod
3316 2036 3489 2093 usque
3509 2034 3643 2075 nunc
3666 2020 3808 2083 tacui;

2253 2131 2311 2179 et
2338 2122 2571 2196 (supple,
2601 2120 2710 2194 cui)
2756 2136 2828 2178 ex
2857 2120 3066 2192 reliquo
3113 2132 3200 2175 me
3240 2116 3486 2186 intelligo
3510 2113 3695 2171 debere
3716 2150 3730 2178 ,
3757 2125 3810 2168 tie

2252 2224 2488 2272 taceam.

2325 2311 2380 2366 4.
2412 2308 2809 2366 Persecutorum
2850 2318 2994 2380 optat
3040 2318 3290 2379 tempora.
3318 2335 3394 2347 —
3430 2304 3603 2374 Atque
3640 2301 3810 2358 uti!“

2253 2401 2383 2456 illud
2412 2402 2612 2473 potius,
2644 2401 2995 2471 omnipotens
3026 2402 3166 2455 Deus
3194 2408 3252 2455 et
3279 2399 3651 2454 universarum
3685 2407 3808 2447 crea-

2255 2507 2359 2565 tor,
2392 2497 2487 2553 sed
2515 2506 2570 2552 et
2615 2499 2772 2552 unius
2801 2496 3015 2552 Domini
3049 2497 3221 2552 nostri
3268 2496 3401 2552 Jesu
3428 2492 3623 2551 Christi
3647 2500 3809 2563 pater,

2248 2592 2397 2647 artati
2426 2606 2560 2647 ineas
2588 2605 2645 2649 et
2678 2593 2912 2664 tempori
2938 2590 3306 2662 praestitisses,
3332 2602 3393 2647 ut
3416 2588 3524 2649 huc
3553 2585 3811 2645 C0ttl€5$iu-

2249 2748 2394 2789 nunc
2422 2751 2559 2791 cxxv
2589 2735 2655 2790 ad
2689 2735 2923 2790 Leonem
2952 2749 3001 2789 c.
3029 2749 3080 2799 ι,
3121 2733 3173 2786 in
3210 2730 3639 2787 Calchedouensi
3661 2727 3812 2785 conci-

2248 2804 2320 2857 lio
2346 2817 2557 2862 servata
2589 2816 2671 2862 est
2700 2806 3021 2869 iiiuderutio,
3051 2815 3103 2857 ut
3132 2804 3405 2859 rebellibus
3435 2814 3625 2856 tantum
3641 2818 3694 2854 ac
3715 2817 3809 2872 per—

2249 2876 2503 2932 tinacibus
2524 2879 2586 2932 ab
2635 2879 2881 2932 Ecclesia:
2914 2879 3112 2931 unitate
3136 2876 3339 2947 rejectis
3373 2919 3389 2943 ,
3447 2875 3576 2930 nulli
3597 2883 3811 2947 correcta

2242 2950 2391 3002 venio
2416 2961 2706 3021 negaretur.
2738 2949 2892 3018 Quod
2917 2949 3025 3004 Leo
3056 2948 3171 3018 ipse
3184 2944 3492 3021 approbat,
3529 2945 3675 3015 epist.
3701 2944 3812 3021 alias

2243 3034 2428 3093 assis,
2459 3016 2603 3077 nunc
2634 3038 2721 3078 us
2742 3016 2902 3093 {quia
2942 3016 3525 3093 devotionis'utrumqne
3556 3030 3624 3071 est
3668 3016 3808 3069 cluis-

2243 3091 2416 3159 tianaz,
2449 3103 2500 3147 nt
2530 3104 2575 3147 et
2604 3091 2888 3164 pertinaces
2936 3094 3120 3145 veritas
3140 3092 3291 3162 justa
3333 3099 3599 3157 coerceat,
3646 3097 3688 3144 et
3712 3103 3813 3142 con-

546 3163 641 3248 scii
670 3177 830 3247 causa
854 3178 957 3219 una
985 3203 1000 3228 ,
1024 3161 1304 3218 Athanasii
1347 3159 1464 3215 scil.
1519 3174 1583 3214 ac
1613 3158 1738 3214 tidei
1767 3157 2000 3215 Niczente
2042 3161 2141 3215 de-
2167 3184 2214 3248 ρ
2246 3157 2798 3248 aequaaqua-nm.
2827 3164 3064 3234 νρρειιαι,

546 3235 740 3290 leiisio.

618 3304 695 3379 (a)
724 3305 900 3379 Apud.
929 3306 1050 3379 Par.
1072 3346 1099 3379 Α
1138 3302 1561 3379 ρνοῇεὶεξῃάα.νιη
1598 3302 1788 3379 codice
1825 3301 1951 3379 vat.
1974 3301 2101 3379 bas.
2123 3343 2139 3369 ,

550 3372 944 3446 proﬁciscendo.
981 3374 1037 3432 In
1064 3372 1217 3429 Coll).
1238 3372 1306 3428 et
1336 3374 1547 3429 Martin.
1575 3414 1591 3441 ,
1630 3376 1948 3444 proﬁtentia.
1974 3372 2145 3429 Malu-

549 3465 668 3505 mus
691 3462 811 3505 cum
844 3448 983 3508 aliis,
1019 3447 1360 3516 proﬁcientia.
1391 3448 1629 3515 Namque
1655 3457 1711 3497 ut
1737 3448 1789 3499 in
1822 3447 2042 3513 bum-im,
2071 3449 2141 3500 ita

546 3529 603 3574 et
634 3523 685 3573 in
715 3520 910 3573 malam
945 3529 1150 3588 partem
1209 3518 1413 3571 llitariu
1468 3517 1734 3571 tsiiiiliare
1784 3528 1866 3571 est
1914 3516 2139 3571 verbum

549 3593 819 3662 pro/icere.
847 3587 1017 3662 Quam
1041 3588 1225 3643 scierit
1253 3589 1396 3662 inter
1424 3588 1628 3662 lepraiu
1661 3595 1717 3662 et
1747 3588 1973 3657 leprani,
2000 3587 2144 3662 inter

547 3658 797 3718 Seductus
827 3676 888 3715 ac
915 3660 1227 3715 seductores
1269 3660 1499 3715 Arianus
1542 3658 1857 3730 dijudicare,
1892 3661 1993 3713 hoc
2023 3659 2144 3715 loco

548 3737 769 3806 prohat;
799 3734 1044 3801 quamvis
1075 3732 1297 3806 Erasini)
1338 3731 1495 3806 aliter
1522 3733 1769 3806 scribere
1790 3732 2069 3806 placuerit.

619 3802 694 3880 (ι)
722 3806 942 3874 Septem
979 3817 1111 3880 mss.
1141 3803 1281 3880 edita
1333 3802 1538 3880 decreta
1567 3812 1694 3880 tum.
1745 3804 1849 3880 Alii
1895 3802 2002 3880 duo
2034 3803 2144 3857 edi-

546 3873 654 3933 tum
678 3873 957 3943 decretum,
988 3876 1107 3930 sine
1128 3876 1385 3942 particula
1417 3885 1542 3928 tum.
1578 3873 1790 3928 Deereti
1823 3874 1982 3944 hujus
2011 3888 2144 3929 eon-

546 3951 705 4005 dendi
736 3949 995 4004 Hilarium
1025 3957 1299 4001 auctorem
1330 3952 1661 4016 praecipuum
1687 3948 1959 4001 exstitisse
1988 3947 2144 4003 valde

548 4022 825 4091 probabile
851 4027 957 4091 est.
988 4020 1043 4075 ln
1074 4018 1213 4072 hunc
1242 4015 1582 4091 lucuiirhatid
1613 4015 1773 4073 dubie
1803 4018 2019 4091 respicit
2044 4017 2144 4072 Fa-

546 4089 753 4148 ctimlus
782 4090 1057 4147 Hermian.
1091 4092 1245 4159 epist.
1292 4091 1357 4143 ad
1392 4089 1692 4144 Mucianum
1726 4131 1738 4152 ,
1773 4089 1859 4142 tibi
1888 4103 2009 4144 cuni
2036 4090 2098 4143 iis
2121 4131 2136 4155 ,

545 4168 633 4235 qui
666 4164 1107 4221 Calchedoneuse
1132 4162 1420 4235 concilium
1452 4162 1857 4235 impugnabant,
1891 4177 2141 4235 comitiu-

546 4232 758 4292 nionem
809 4253 914 4289 non
972 4234 1256 4288 ineundum
1288 4247 1407 4288 esse
1465 4234 1834 4294 contendens.
1865 4236 1974 4286 ait:
2024 4232 2142 4286 [Ioc

544 4307 783 4361 cuinsuis
800 4305 1007 4378 collegis
1041 4304 1274 4378 Hilarius
1296 4305 1432 4378 fecit,
1468 4306 1553 4371 qui
1579 4305 1720 4357 nullo
1737 4306 1905 4378 adhuc
1930 4306 1980 4357 in
2009 4320 2143 4371 prte-

537 4380 795 4447 jutticinin
846 4375 1049 4431 Νὶιῖωηί
1096 4375 1305 4429 concilii
1373 4378 1673 4445 procedente
1725 4376 1961 4442 decreto,
2022 4391 2141 4429 cum

547 4451 713 4521 prium
736 4449 1111 4503 contrariorum
1132 4447 1397 4521 molimina
1414 4449 1871 4521 prtesumpsissent,
1890 4462 2141 4521 propna-

546 4518 719 4575 iierunt
751 4520 812 4573 ob
840 4536 1012 4573 eorum
1036 4535 1091 4572 se
1134 4518 1489 4572 communione
1538 4519 1776 4572 dividere.
1825 4519 2130 4573 Plusculum

547 4601 723 4648 tamen
758 4594 805 4647 ei
831 4589 1095 4644 attribuit.
1130 4586 1245 4642 Non
1286 4590 1428 4643 enim
1466 4592 1642 4643 omnia
1693 4590 1931 4643 morbida
1963 4606 2135 4645 iiiein-
2160 4577 2213 4637 Ῑ)

542 4662 641 4718 lira
669 4666 888 4718 di-secat
909 4705 923 4727 ,
956 4661 1050 4717 sed
1079 4659 1134 4713 in
1164 4662 1540 4729 corruptionem
1572 4661 1726 4714 totius
1754 4664 1984 4731 corporis
2010 4679 2133 4733 pro-

542 4737 768 4806 ficientia
799 4776 812 4799 ,
844 4747 955 4788 ires
996 4733 1116 4789 scil.
1159 4733 1441 4803 episcopos
1475 4734 1989 4806 dumtaxatztieque
2030 4734 2133 4788 hoc

544 4804 727 4873 statim
759 4817 879 4876 post
922 4807 1086 4876 prima
1117 4819 1303 4861 eorum
1361 4804 1666 4869 molimina;
1707 4804 1801 4860 sed
1849 4814 2134 4876 postquam

546 4878 930 4936 Mriliolaiiensi
961 4876 1457 4949 synodiiiprosecuti
1481 4886 1627 4942 sunt,
1654 4878 1796 4947 quod
1828 4878 2133 4933 Arelatensi

544 4952 778 5023 ptimum
824 4947 1110 5023 tentaraiit.
1135 4947 1268 5023 _Etsi
1302 4949 1431 5001 latet
1458 4966 1524 5003 an
1567 4948 1667 5002 huc
1696 4949 1977 5023 decretum
2004 4963 2137 5023 con-

537 5020 809 5077 ﬁrmarint
828 5022 998 5077 sancti
1022 5020 1383 5082 eimfessures,
1402 5031 1553 5075 certe
1575 5036 1681 5074 non
1705 5021 1863 5074 aliam
1891 5022 2133 5091 regulam

542 5096 711 5151 secuti
742 5104 888 5157 sunt,
921 5093 1009 5163 qui
1041 5110 1128 5146 an.
1161 5093 1267 5149 362
1303 5092 1640 5147 Alexandria:
1692 5095 2025 5164 ciiiigregati‘,
2056 5094 2132 5148 uti

543 5176 727 5221 iiarrat
756 5164 999 5227 Ruﬁnus,
1037 5166 1124 5218 lib.
1154 5180 1194 5225 ι.
1223 5178 1341 5235 cap.
1368 5164 1458 5232 ‘28,
1484 5175 1816 5227 sanxerunt,
1842 5176 1894 5216 ut
1933 5174 2131 5218 tantum

540 5240 776 5310 perfidia:
800 5235 1091 5291 auctoribus
1111 5239 1408 5310 amputatis,
1436 5237 1642 5307 reliquis
1666 5235 2014 5310 sacerdotibus
2038 5238 2135 5310 dit-3

538 5307 681 5364 mur
709 5312 868 5381 Optio,
900 5311 942 5363 si
974 5310 1105 5381 forte
1118 5308 1297 5374 uelint,
1317 5307 1752 5383 abjurzito‘crrore
1774 5308 2027 5383 perﬁdire.
2059 5307 2130 5361 ad

541 5384 697 5455 ﬁdem
735 5378 939 5455 patrum
966 5378 1253 5455 stantiaque
1280 5378 1520 5455 conuerti.
1551 5378 1762 5455 Deinde
1794 5421 1807 5443 ,
1843 5383 1915 5435 titi
1948 5380 2126 5455 loqui-

542 5448 628 5508 tur
644 5448 1020 5517 Hieronymus,
1052 5448 1188 5505 Dial.
1214 5450 1412 5505 Contra
1436 5448 1632 5513 Lucili.
1659 5466 1894 5506 assensus
1918 5462 1991 5506 est
2012 5448 2132 5505 huic

538 5527 798 5580 δινηιιςηιῦω
833 5513 1112 5591 Occidens,
1154 5532 1199 5595 et
1228 5536 1317 5595 per
1354 5534 1457 5576 tam
1487 5525 1826 5578 necessarium
1864 5523 2134 5577 consilium

541 5608 737 5649 satana:
761 5596 996 5664 faucibus
1028 5593 1246 5666 mundus
1290 5605 1493 5666 ereptus
1535 5605 1630 5648 est.
1683 5595 1756 5649 Ita
1789 5596 2133 5666 innocentius

543 5681 677 5736 papa
703 5663 882 5736 patres
902 5666 1113 5720 concilii
1162 5663 1687 5736 Milevitaniregula!
1730 5666 1906 5721 eidem
1952 5664 2135 5719 adita:-

541 5735 725 5792 reiites
750 5737 1037 5793 conﬁrmat
1079 5738 1162 5792 his
1190 5736 1400 5792 verbis:
1439 5735 1505 5793 Ut
1536 5735 1723 5792 durum
1748 5739 1974 5791 arbitror
2012 5751 2135 5791 con-

540 5811 816 5863 niventiam
832 5819 1076 5879 pﬂl’ﬂm‘e
1092 5808 1448 5881 peccantibus:
1477 5809 1789 5881 itajmpium
1806 5808 1992 5881 judico
2024 5822 2137 5881 tnu-

544 5894 666 5935 nnui
694 5874 881 5953 negare
899 5874 1172 5936 conuersis.
1205 5880 1278 5935 Ea
1304 5894 1518 5952 quoqne
1554 5874 1741 5939 Leone
1776 5874 1940 5950 teste,
1973 5880 2133 5953 epist.

2318 3233 2391 3307 (c)
2422 3236 2586 3302 Eiliti,
2610 3237 2792 3305 quibus
2827 3231 3001 3306 postea
3030 3250 3049 3289 :
3081 3249 3202 3290 mox
3241 3233 3376 3290 Bad.
3407 3275 3423 3301 ,
3455 3234 3568 3299 En,
3591 3231 3721 3307 μὴ.
3768 3237 3813 3307 et

2245 3301 2392 3379 Lips.
2421 3346 2436 3371 ,
2465 3310 2534 3363 ad
2574 3301 2894 3365 Bitarensem
2929 3309 3183 3379 synodum
3220 3307 3536 3376 coinpiilsis;
3588 3304 3701 3360 Par.
3722 3301 3812 3370 ,σά

2244 3375 2597 3453 Bel/terensein
2615 3386 2873 3453 synodum
2898 3375 3175 3453 compulsis
3191 3375 3673 3453 :_eiiieiidaiitur_cx
3698 3390 3806 3453 mss.

2246 3464 2276 3503 e
2302 3451 2497 3518 quibus
2522 3452 2619 3506 soli
2642 3445 2885 3507 'Martin.
2919 3460 2973 3505 et
3013 3445 3176 3505 Culb.
3210 3449 3412 3505 habent
3442 3492 3456 3515 ,
3501 3466 3531 3502 a
3582 3445 3813 3519 Byterensi

2244 3522 2441 3591 synodo
2472 3524 2807 3593 compulsus:
2846 3523 3026 3576 minus
3063 3536 3209 3578 vere.
3266 3521 3503 3577 Hilarius
3550 3518 3810 3593 hicjpaucis

2245 3590 2556 3665 perstringit
2583 3590 2673 3665 qui
2699 3595 2765 3650 ad
2798 3594 3158 3649 Biterrenseni
3185 3595 3460 3665 synodum
3482 3609 3579 3665 an.
3601 3590 3700 3647 356
3725 3604 3812 3665 Δνει·-

2246 3659 2409 3731 iicrit,
2442 3659 2553 3721 tum
2583 3659 2709 3737 quid
2739 3667 2791 3721 in
2816 3682 2876 3721 ea
2908 3666 3158 3737 gesserit,
3186 3659 3249 3720 ac
3272 3669 3491 3722 tandem
3536 3664 3604 3719 ob
3627 3659 3739 3734 quid
3757 3673 3809 3714 ex

2245 3749 2307 3788 ea
2332 3738 2390 3809 iii
2417 3740 2663 3809 exsilium
2697 3738 2880 3809 pulsus
2906 3739 2994 3790 sit.

2319 3806 2401 3879 (ά)
2434 3808 2665 3865 Verbum
2700 3805 3136 3863 demonstranda!
3168 3849 3183 3873 ,
3224 3807 3294 3865 ab
3334 3807 3565 3864 Erasmo
3612 3805 3809 3877 primum

2244 3890 2571 3949 espuiictum
2596 3922 2611 3945 ,
2640 3882 2972 3937 restituimus
2997 3897 3064 3935 ex
3095 3880 3225 3936 Bad.
3256 3891 3310 3937 et
3364 3896 3498 3935 mss.

2317 3947 2390 4023 te)
2422 3952 2800 4007 Martinianum
2836 3952 3117 4023 exemplar
3138 3967 3258 4006 cum
3287 3952 3448 4007 (λιιι).
3474 3994 3489 4017 ,
3522 3947 3808 4006 audientibus

2245 4023 2425 4077 obtuli.
2458 4024 2638 4096 Sed/ti
2668 4026 2896 4079 timentes
2918 4024 3142 4096 propria:
3158 4024 3483 4096 conscientiae
3505 4024 3709 4096 pondus,
3724 4036 3812 4096 tm-

2245 4096 2375 4159 dire,
2409 4102 2513 4149 etc.
2563 4095 2727 4165 Magis
2779 4091 3101 4166 placetcum
3144 4095 3264 4150 aliis
3294 4137 3308 4158 ,
3350 4091 3583 4150 timentes
3621 4091 3811 4166 publica!

2244 4168 2566 4222 conscientia
2592 4210 2606 4233 ,
2636 4161 2824 4237 supple
2852 4209 2865 4235 ,
2897 4168 3157 4238 manifesti
3196 4168 3330 4235 fieri.
3372 4168 3531 4222 Hunc
3569 4161 3711 4220 suum
3754 4161 3810 4216 ti-

2247 4253 2454 4294 morem
2481 4239 2593 4308 jam
2623 4240 2691 4295 ab
2722 4256 2865 4294 anno
2893 4253 3172 4308 superiore
3204 4240 3586 4307 prodiderant;
3617 4244 3809 4308 temnes

2244 4311 2375 4364 enim
2399 4305 2576 4381 populi
2590 4310 2853 4383 judicium
2874 4326 2901 4364 e
2930 4305 3296 4383 Dominico‘ad
3340 4305 3799 4383 palatiiimitransic-

2244 4378 2485 4445 runt,'uti
2528 4378 2756 4452 legimus
2804 4381 2895 4437 lib.
2931 4394 2947 4435 ι
2990 4382 3054 4435 ad
3098 4378 3475 4435 Constantium
3511 4382 3662 4452 n.8,,
3705 4389 3806 4452 cum

2244 4463 2430 4509 contra
2464 4446 2696 4508 Hilarius
2726 4453 2859 4508 nihil
2888 4453 3056 4524 magis
3092 4455 3144 4506 in
3166 4454 3300 4506 votis
3334 4454 3578 4508 haberet.
3607 4451 3707 4524 Hoc
3732 4446 3805 4524 lii-

2247 4527 2407 4580 terris
2432 4525 2668 4580 nondum
2691 4527 2865 4589 exsul,
2888 4520 3162 4579 lioc'exsul
3183 4523 3647 4593 Goiistaiituiopoli
3675 4520 3807 4593 enisa

2240 4597 2466 4667 rogavit,
2501 4610 2557 4651 ut
2587 4600 2651 4650 de
2683 4597 2787 4652 fide
2817 4599 2908 4651 sub
2947 4595 3150 4669 publica
3198 4598 3513 4651 coiiscicnt'a
3538 4589 3804 4669 disserendi

2240 4665 2464 4723 facultas
2490 4670 2589 4723 sibi
2620 4670 2858 4724 darrtur.
2890 4665 3040 4736 Quod
3096 4667 3279 4721 Ariani
3321 4675 3634 4721 constanter
3662 4665 3805 4716 i'el'or-

2241 4740 2523 4805 midaiites,
2554 4752 2682 4795 eum
2715 4752 2836 4810 post
2865 4745 3088 4809 primum
3116 4741 3432 4807 petitionem
3462 4743 3516 4794 in
3543 4736 3768 4794 exsiliunt
3789 4770 3802 4797 ,

2242 4824 2362 4884 post
2382 4816 2606 4868 alterum
2638 4816 2691 4867 iii
2722 4814 2946 4882 patriam
2975 4812 3259 4866 miserunt.

2311 4906 2380 4978 (Γ)
2411 4904 2568 4979 Bait,
2602 4905 2772 4961 Eruet
2796 4906 2920 4979 Μὶν.
2960 4920 3084 4979 cum
3131 4920 3263 4979 mss.
3297 4947 3312 4970 ,
3340 4906 3395 4963 in
3424 4916 3665 4979 tempore.
3690 4898 3805 4979 Tutu

2238 4976 2418 5032 ex'liis
2439 4976 2546 5030 duo
2571 5018 2586 5043 ,
2619 4978 2940 5031 maledicunt.
2972 4977 3068 5046 His
3101 4977 3281 5032 verbis
3313 4994 3373 5032 se
3427 4978 3729 5046 prtL'SllllSSC
3744 4976 3804 5025 si-

2235 5048 2473 5119 gnificnt,
2506 5042 2646 5119 quod
2691 5048 2786 5103 lib.
2821 5066 2849 5103 κ
2893 5048 2960 5103 de
2989 5042 3183 5103 Trinit.
3247 5054 3303 5102 n'.
3359 5046 3390 5102 ι
3427 5042 3803 5118 proposuerat,

2238 5118 2325 5176 ubi
2354 5132 2458 5175 ait:
2491 5118 2569 5174 De
2588 5120 2895 5192 temporibus
2926 5136 3029 5176 non
3056 5136 3352 5191 querentur,
3382 5131 3493 5177 etc.

2308 5215 2386 5289 (g)
2420 5215 2584 5282 Editi,
2606 5217 3016 5289 recurrentium;
3036 5215 3674 5289 olinibenlibusomnibus
3692 5222 3805 5264 mss.

2234 5287 2428 5358 quibus
2457 5288 2602 5342 lavet
2622 5289 2755 5360 illud
2782 5304 2902 5358 cap.
2936 5292 2971 5343 ‘2
2996 5287 3054 5342 in
3084 5289 3296 5355 Matth.,
3326 5305 3379 5343 n.
3405 5288 3461 5354 ἃ,
3494 5287 3582 5342 ubi
3602 5300 3692 5357 per
3712 5294 3809 5360 ρῳ-

2234 5351 2510 5414 nitentium
2534 5359 2730 5414 reditus
2746 5362 2808 5414 ab
2831 5351 3001 5416 errore
3015 5371 3061 5413 et
3083 5351 3317 5414 recursus
3335 5378 3366 5413 α
3386 5351 3729 5414 crimine-esse
3738 5351 3810 5406 d5-

2235 5443 2394 5486 citur.
2420 5431 2552 5486 Tum
2592 5440 2822 5503 quatuor
2852 5447 2983 5487 mss.
3019 5446 3394 5503 purpureum:
3418 5432 3511 5486 alii
3538 5429 3664 5493 duo,
3689 5437 3806 5494 ιπωε

2308 5520 2417 5557 ταηι
2424 5520 2481 5557 us
2490 5544 2501 5557 .

2240 5520 2622 5645 Nigidium.
2648 5573 2802 5630 Colh.
2825 5586 2880 5632 et
2905 5576 3141 5641 Martin.,
3160 5576 3388 5630 libertate
3405 5584 3619 5629 stantem
3643 5561 3806 5639 ειμιοά

2239 5645 2513 5702 Bandinus
2542 5663 2605 5703 ac
2635 5646 2883 5703 Latinius
2910 5647 3192 5719 legendum
3214 5662 3336 5703 esse
3358 5645 3744 5716 coniectarent.

2309 5738 2370 5811 (ί)
2402 5737 2554 5809 Αρυά
2578 5738 2725 5809 Lips.
2758 5747 2813 5795 et
2839 5736 2965 5794 Par.
2994 5780 3008 5805 ,
3053 5749 3220 5793 tamen
3241 5736 3453 5793 adhibui
3483 5736 3552 5789 ad
3576 5729 3807 5811 silentium

2240 5820 2454 5894 tempus.
2499 5811 2716 5894 Hecuus
2742 5812 2862 5866 aliis
2891 5811 2944 5865 in
2966 5811 3173 5894 _libris..
3218 5818 3513 5894 κηφήν..
3547 5816 3768 5894 tempora
3790 5834 3806 5863 ο

2238 5881 2356 5938 scil.
2380 5882 2816 5954 quadriennium,
2841 5881 2984 5953 quod
3007 5884 3116 5955 jam
3149 5884 3202 5939 in
3223 5882 3419 5939 exsilio
3438 5884 3705 5951 exegerat.
