3996 6330
243 311 338 372 531

1063 315 1268 373 LIBER
1306 313 1585 374 comas
1624 314 2110 376 CONSTANTIUM
2150 292 2677 378 inpensrousit.

3437 299 3543 375 sta

238 431 321 484 nis
355 445 490 484 meae
514 429 567 485 in
591 439 644 486 te
671 437 831 503 atque
852 431 904 488 in
936 432 1272 505 unigenitum
1302 445 1450 490 tuum
1485 433 1840 491 ministerium
1872 430 1917 501 Α
1949 435 2196 505 privatim
2229 438 2494 494 accendit.
2524 433 2641 494 Non
2669 434 2981 500 contendit,
3019 450 3088 492 ne
3117 435 3394 502 vincatur;
3444 436 3538 491 scd

235 522 559 579 Neronianis
583 568 598 592 ,
633 525 949 583 Decianisve
982 529 1312 598 temporibus
1360 532 1696 600 explessem!
1726 529 1836 586 Nec

235 633 335 686 ego
368 660 382 683 ,
427 635 522 689 per
552 620 979 676 misericordiam
1027 621 1242 677 Domini
1281 630 1336 677 ct
1353 620 1450 677 Dei
1484 622 1576 677 lilii
1607 625 1680 677 ttti
1709 622 1837 678 Jesu

234 708 440 766 Christi
460 712 646 768 calens
676 712 752 786 (a)
784 713 992 784 Spiritu
1017 721 1208 770 sancto
1233 756 1248 781 ,
1286 714 1573 785 equuleum
1622 715 1840 770 metuis-

233 824 346 862 sem
376 848 392 874 ,
438 807 531 879 qui
573 808 848 864 desectum
902 811 1116 866 Esaiam
1163 812 1420 878 scissem,
1471 811 1744 882 uecigncs
1776 811 1841 866 ti-

238 900 531 966 iuuissent,
558 900 698 955 inter
724 917 861 971 quos
893 901 1150 958 llebrtcos
1192 919 1387 973 pueros
1427 913 1676 958 cantasse
1727 915 1839 958 me-

237 990 514 1046 minissem
538 1010 549 1045 :
577 1009 675 1048 nec
697 1008 912 1050 crucem
943 1000 998 1050 et
1017 994 1316 1066 fragmenta
1346 1010 1563 1051 crurum
1597 1009 1837 1050 meorum

236 1086 311 1155 (b)
335 1088 592 1142 vitassem
620 1128 635 1152 ,
671 1096 950 1158 postquam
980 1088 1030 1142 in
1065 1088 1372 1159 paradisum
1415 1089 1733 1146 translatum
1762 1087 1842 1144 la-

234 1189 446 1234 tronem
472 1181 824 1238 recordarer:
857 1197 956 1238 nec
981 1182 1309 1255 profundum
1345 1183 1512 1238 maris
1541 1191 1597 1239 et
1627 1182 1836 1238 Pontici

234 1285 400 1329 (estus
426 1275 809 1332 absorbeutem
843 1277 1123 1332 rheumam
1163 1279 1516 1350 trepidassem
1537 1319 1552 1346 ,
1593 1294 1714 1334 cum
1745 1293 1840 1348 per

232 1365 428 1422 Jonam
463 1380 516 1424 ιιι
564 1369 788 1424 Paulum
820 1369 1100 1426 docuisses
1147 1370 1397 1428 fidelibus
1436 1387 1559 1429 esse
1605 1373 1656 1427 in
1704 1371 1838 1428 mari

235 1463 420 1516 vitam.
481 1462 754 1518 Adversus
799 1463 946 1519 enim
999 1464 1294 1528 absolutos,
1321 1465 1505 1522 hostes
1559 1477 1680 1522 tuos
1711 1467 1838 1522 felix

233 1554 368 1610 mihi
395 1553 524 1610 illud
553 1564 824 1612 certamen
869 1557 1095 1624 fuisset;
1129 1560 1251 1630 quia
1287 1575 1389 1615 nec
1433 1557 1654 1614 dubium
1679 1559 1842 1616 relin-

231 1660 524 1720 queretur,
569 1650 695 1720 quin
742 1661 1117 1721 persecutores
1151 1661 1334 1708 essent
1358 1696 1372 1719 ,
1405 1653 1495 1725 qui
1542 1652 1608 1709 ad
1641 1669 1842 1724 negan-

231 1744 361 1798 dum
397 1753 447 1798 te
480 1745 684 1816 pt‘enis,
716 1743 864 1799 ferro
888 1787 902 1810 ,
943 1745 1051 1815 igni
1083 1746 1506 1816 compellerent:
1556 1737 1735 1817 neque,
1772 1745 1839 1803 ad

1941 527 2212 596 adulatur,
2243 540 2300 586 ut
2328 527 2652 586 dominetur.
2682 530 2957 586 Christum
2989 529 3276 586 confitetur
3304 572 3319 598 ,
3363 539 3422 585 ut
3449 543 3543 585 nc-

1939 629 2063 692 gct;
2098 623 2163 692 (f)
2193 622 2449 676 unitatem
2485 627 2776 692 procurat,
2812 637 2878 677 ne
2917 635 3020 692 pax
3052 623 3150 686 sit;
3197 621 3432 676 ltzrrescs
3460 619 3536 691 (g)

1941 714 2274 784 comprimit,
2308 731 2372 768 nc
2394 715 2672 770 christiani
2698 713 2835 780 sint;
2859 712 3168 770 sacerdotes
3191 713 3442 779 honorat,
3473 727 3544 770 ne

1941 809 2180 880 episcOpi
2212 808 2353 873 sint;
2394 806 2472 880 (It)
2502 809 2746 864 ecclesiae
2789 808 2924 864 tecta
2975 811 3154 874 Struit,
3182 821 3241 862 ut
3271 807 3430 864 fidem
3449 807 3545 864 de-

1945 909 2135 956 struat.
2169 899 2245 956 Te
2276 903 2326 955 in
2357 900 2555 967 verbis,
2603 912 2652 954 te
2684 901 2733 954 itt
2779 915 2874 956 ore
2907 899 3240 966 circumfert;
3271 911 3325 954 et
3361 901 3543 955 omnia

1943 994 2166 1048 omnino
2191 994 2330 1064 agit,
2360 1008 2426 1048 ne
2449 1001 2504 1047 tu
2537 991 2598 1066 (i)
2633 993 2772 1048 Deus
2801 991 2870 1046 ita
2892 1033 2909 1060 ,
2960 1000 3017 1047 ut
3048 1001 3198 1064 pater
3221 1034 3237 1059 ,
3267 1005 3390 1048 esse
3417 1008 3542 1048 cre-

1943 1084 2109 1140 daris.

2016 1177 2069 1234 6.
2123 1173 2364 1234 Hilarius
2407 1176 2740 1242 antaledicti
2788 1176 3076 1247 suspicione
3115 1195 3169 1233 se
3211 1186 3417 1250 purgat.
3467 1205 3540 1220 —-

1941 1270 2130 1327 Cesset
2153 1272 2332 1340 itaque
2361 1269 2772 1326 maledictorum
2797 1272 2982 1341 opinio
3003 1314 3018 1338 ,
3056 1279 3113 1327 et
3153 1271 3414 1326 mendacii
3454 1285 3544 1327 su-

1943 1365 2133 1434 spicio.
2165 1362 2422 1420 Veritatis
2448 1364 2589 1419 enim
2619 1364 2895 1420 ministros
2925 1364 3080 1420 decet
3117 1378 3246 1420 vera
3277 1363 3542 1434 proferre.

1943 1457 1997 1514 Si
2031 1457 2161 1513 falsa
2191 1457 2440 1524 dicimus,
2473 1457 2688 1512 infamis
2711 1459 2779 1513 sit
2809 1473 2990 1514 sermo
3017 1460 3086 1531 (ᾗ)
3118 1459 3445 1513 maledicus:
3499 1457 3545 1512 sl

1946 1565 2075 1608 vero
2105 1553 2352 1607 universa
2386 1553 2502 1608 haec
2542 1551 2829 1608 manifesta
2856 1567 2978 1608 esse
3007 1553 3344 1610 oatendimus
3365 1594 3380 1618 ,
3435 1561 3543 1607 non

1945 1659 2134 1700 sumus
2177 1656 2328 1700 extra
2371 1645 2724 1714 apostolicam
2770 1645 3070 1701 libertatem
3125 1657 3180 1702 et
3225 1643 3546 1702 modestiam

1946 1745 2065 1806 post
2097 1739 2313 1807 Iungunt
2347 1736 2462 1792 lucc
2493 1737 2766 1792 silentium
2813 1750 3120 1809 arguentes.
3179 1738 3287 1794 Sed
3317 1748 3549 1794 temeras

234 1833 641 1890 testificandum
675 1835 790 1905 plus
824 1835 916 1891 tibi
948 1852 1078 1902 nos,
1111 1853 1269 1906 quam
1300 1849 1501 1894 mortes
1527 1849 1740 1895 nostras
1773 1839 1839 1894 li-

1956 1828 2082 1884 rium
2117 1845 2203 1886 me
2245 1829 2383 1886 forte
2409 1829 2690 1902 quisquam
2723 1833 2968 1902 putabit,
3021 1833 3144 1903 quia
3184 1834 3358 1886 dicant
3405 1833 3549 1887 Con-

231 1939 386 1983 ccret
418 1929 750 1997 impendere.
784 1928 1153 2000 Pttgnaremus
1183 1931 1324 1987 enim
1347 1933 1525 2003 palam
1555 1941 1609 1986 et
1635 1949 1754 1986 cum
1780 1931 1844 1987 fi-

231 2024 389 2078 ducia
419 2031 605 2078 contra
641 2033 920 2094 negantes,
949 2035 1134 2078 contra
1170 2030 1504 2095 torquentes,
1537 2037 1724 2082 contra
1752 2027 1841 2095 ju-

231 2117 520 2186 gulantes:
551 2125 605 2171 et
632 2132 730 2172 nos
762 2117 944 2188 populi
969 2118 1040 2173 tui
1067 2160 1079 2180 .
1114 2127 1384 2189 tamquam
1412 2119 1575 2176 duces
1597 2135 1746 2188 suos,
1774 2119 1840 2176 ad

231 2208 590 2264 confessionis
664 2209 978 2280 religionem
1026 2210 1384 2282 intelligentia
1452 2212 1842 2282 persecutionis

232 2300 467 2371 publica:
495 2301 910 2355 comitarentur.

311 2393 361 2447 5.
390 2391 678 2446 Constantii
703 2394 989 2464 persecutio
1027 2394 1212 2464 qualis.
1247 2423 1317 2434 —-
1357 2394 1425 2449 Al
1466 2407 1609 2451 nunc
1639 2409 1842 2468 pugna-

231 2501 357 2539 mus
381 2495 566 2544 contra
611 2495 1009 2556 persecutorem
1048 2483 1322 2542 fallentem
1348 2529 1362 2552 ,
1397 2495 1582 2543 contra
1631 2488 1840 2542 hostem

229 2576 313 2651 (ε)
345 2579 711 2636 blandientem
736 2619 754 2648 ,
794 2589 985 2635 contra
1015 2581 1389 2636 Constantium
1432 2581 1841 2637 antichristutn:

227 2675 325 2740 qui
353 2688 459 2725 non
487 2671 645 2727 dorsa
677 2672 857 2738 caedit,
880 2672 976 2727 sed
1009 2682 1251 2728 ventrem
1297 2674 1507 2744 palpat;
1551 2689 1655 2728 nou
1718 2688 1844 2744 pro-

231 2763 434 2818 scribit
461 2764 527 2818 ad
558 2763 741 2833 vitam,
768 2765 864 2820 sed
890 2762 970 2837 (tt)
993 2764 1128 2820 ditat
1168 2767 1220 2820 in
1252 2778 1512 2832 mortem;
1543 2765 1702 2838 565
1734 2781 1841 2822 non

232 2856 405 2912 trudit
439 2871 655 2913 c.trcere
697 2856 762 2912 ad
793 2857 1121 2926 libertatem,
1167 2858 1262 2914 sed
1291 2859 1430 2914 intra
1464 2860 1718 2928 palatium
1748 2859 1845 2914 lto-

231 2964 397 3007 noiat
420 2952 488 3024 (e)
520 2953 586 3008 ad
613 2953 961 3021 servitutem;
993 2971 1098 3010 non
1117 2953 1285 3010 latera
1302 2967 1484 3020 vexat.
1516 2955 1610 3011 sed
1639 2971 1733 3011 cor
1758 2971 1852 3010 oc-

229 3057 439 3115 cupat;
481 3065 586 3102 non
609 3059 769 3119 caput
798 3049 978 3121 gladio
1015 3050 1267 3116 desecat,
1299 3050 1394 3106 sed
1433 3051 1669 3105 animam
1713 3065 1846 3105 auro

231 3139 471 3204 occidit;
506 3157 611 3196 non
637 3142 786 3213 ignes
827 3141 1040 3214 publice
1082 3144 1317 3200 minatur
1347 3185 1361 3207 ,
1413 3145 1508 3200 sed
1537 3143 1844 3214 gehennam

1945 1926 2201 1980 stantium
2233 1926 2610 1981 anticliristum
2636 1941 2777 1982 esse.
2809 1926 3066 1996 Quisquis
3089 1925 3168 1998 (lt)
3193 1926 3546 1997 petulantiam

1946 2019 2087 2072 istud
2121 2019 2289 2088 magis
2319 2031 2476 2089 quam
2507 2019 2865 2074 c0ustantiam
2895 2021 3178 2090 judicabit,
3205 2023 3411 2092 relegat
3444 2019 3551 2091 ιιιοίι

1947 2127 2091 2166 ιιιυιιι
2122 2111 2390 2168 Joannem
2423 2111 2628 2169 dixisse
2670 2113 2735 2167 ad
2783 2113 3088 2180 Herodem,
3141 2113 3266 2169 Non
3305 2115 3395 2169 tibi
3433 2117 3551 2170 licet

1945 2206 2112 2277 facem
2135 2205 2274 2258 istud
2300 2202 2494 2278 (Marc.
2529 2221 2600 2271 vr,
2641 2204 2730 2278 18)
2758 2224 2769 2258 :
2804 2205 2938 2261 sciat
2967 2222 2995 2261 a
3024 2207 3258 2280 Martyre
3286 2221 3407 2262 esse
3431 2206 3549 2262 dic-

1943 2309 2056 2352 tum
2074 2298 2185 2369 regi
2205 2299 2497 2365 Antiocho,
2531 2297 2607 2352 Tu
2633 2300 2840 2368 quidem
2866 2299 3070 2371 iniquus
3098 2301 3162 2354 de
3181 2299 3420 2372 prwsenti
3451 2301 3554 2356 vita

1947 2403 2038 2447 nos
2055 2393 2251 2462 perdis,
2289 2393 2377 2448 sed
2410 2391 2523 2447 Rea:
2545 2393 2730 2446 mundi
2750 2393 3024 2464 defunctos
3048 2409 3142 2447 nos
3168 2409 3262 2464 pro
3287 2394 3396 2448 suis
3427 2394 3554 2465 legi-

1948 2485 2038 2540 bus
2079 2483 2144 2557 (ι)
2188 2486 2242 2538 in
2307 2496 2551 2540 aeternam
2597 2485 2753 2541 vitam
2789 2488 2842 2540 in
2881 2486 3247 2541 resurrectione
3290 2486 3556 2542 suscitabit

1904 2647 1908 2652 .
1949 2576 2040 2652 (ll
2071 2577 2249 2632 Much.
2283 2589 2357 2633 vn
2383 2620 2396 2646 ,
2427 2577 2544 2650 9):
2593 2587 2650 2634 et
2698 2594 2914 2634 rursum
2959 2579 3124 2650 beata.
3147 2578 3396 2650 fidelique
3423 2593 3556 2636 voce

1950 2675 2114 2728 alium
2144 2676 2455 2744 increpante
2486 2715 2500 2739 ,
2547 2669 2862 2729 Potestatent
2884 2715 2900 2741 ,
2932 2674 3102 2745 inquit
3128 2713 3145 2742 ,
3176 2675 3306 2728 inter
3326 2675 3557 2741 homines

1947 2765 2160 2834 habens,
2181 2785 2302 2822 cunt
2327 2768 2399 2824 sis
2417 2765 2765 2837 corruptibilis
2789 2769 2920 2838 [aris
2949 2768 3084 2838 quod
3110 2770 3222 2824 vis:
3250 2771 3358 2825 noli
3384 2780 3556 2824 autem

1947 2869 2132 2930 putare
2158 2877 2317 2931 genus
2346 2871 2580 2914 nostrum
2600 2859 2766 2932 566
2784 2878 2814 2911 a
2834 2857 2947 2914 Deo
2965 2877 3077 2916 esse
3097 2861 3416 2916 derelictunt.
3447 2857 3556 2918 Ρα-

1951 2955 2133 3008 tienter
2160 2955 2374 3022 sustine,
2407 2964 2456 3009 et
2492 2955 2608 3008 uide
2631 2969 2819 3026 magna
2848 2964 3068 3025 potestas
3087 2956 3252 3023 ipsius
3271 2957 3490 3027 qualiter
3509 2965 3557 3011 te

1952 3058 1998 3104 et
2022 3065 2192 3104 semen
2219 3060 2360 3103 tuum
2385 3047 2631 3116 torquebit
2657 3051 2675 3118 (
2705 3047 2869 3114 lbid.,
2907 3049 2996 3118 16,
3057 3051 3186 3120 17).
3240 3043 3309 3105 Et
3334 3049 3553 3121 quidem

1954 3144 2026 3198 ita
2063 3144 2235 3215 pueri.
2286 3144 2358 3199 At
2401 3158 2530 3200 vero
2576 3143 2794 3200 hemina
2825 3141 2960 3200 nihil
3009 3145 3192 3200 minus
3218 3144 3472 3217 perfectis
3501 3153 3556 3202 et

315 3280 392 3351 (a)
439 3279 774 3336 Auctoritate
841 3295 942 3335 ms.
1002 3279 1215 3336 Martia.
1272 3281 1569 3350 atljecimus
1636 3280 1836 3350 Spiritu
1868 3282 1913 3345 C
1947 3280 2196 3351 stantius,
2228 3273 2407 3351 qualis
2436 3277 2604 3351 videri
2627 3277 2932 3334 affectabat.
2977 3278 3109 3334 Nam
3144 3279 3272 3336 licet
3310 3280 3549 3346 Lucifer,

231 3362 436 3407 sancto.
496 3351 827 3424 HickHilarii
879 3353 1026 3407 locus
1071 3368 1190 3406 cutn
1245 3354 1410 3408 simili
1457 3354 1830 3424 Chrysostonti

231 3428 399 3494 epist.
432 3439 568 3480 cxxv
592 3421 819 3493 Cyriactt
848 3424 1231 3478 conferendus.

317 3497 394 3568 (ὁ)
428 3494 898 3568 Μετιίιιηειϋιιη).
944 3511 1098 3560 tnss.,
1125 3497 1349 3550 crurium
1394 3509 1626 3568 meorum
1657 3496 1837 3568 formi-

229 3566 480 3621 dassem:
507 3577 559 3620 ct
587 3566 718 3620 infra
753 3568 943 3619 undam
969 3608 983 3632 ,
1018 3582 1116 3636 pro
1141 3569 1423 3621 rheumam.
1456 3567 1572 3622 Non
1605 3566 1834 3625 obscure

234 3641 333 3694 hic
361 3637 625 3710 signilltat
665 3638 924 3701 l‘lilat'ius.
959 3639 1008 3693 id
1065 3639 1392 3710 Martyribus
1427 3640 1667 3705 proxime
1715 3650 1838 3709 post

235 3709 474 3766 mortem
509 3709 717 3783 donari,
751 3711 891 3778 quod
930 3711 1122 3764 latroni
1173 3709 1492 3767 concessum
1536 3723 1638 3766 est.
1672 3713 1834 3783 Atqui

234 3783 555 3839 l’aradisum
587 3783 634 3835 ei
661 3782 843 3834 datum
875 3793 1029 3836 vocat
1062 3783 1112 3834 itt
1139 3783 1273 3850 psal.
1301 3797 1445 3846 cxu,
1469 3799 1522 3837 ιι.
1556 3783 1611 3848 6,
1645 3782 1834 3837 sortem

234 3867 284 3907 et
317 3869 530 3924 regnum
561 3853 870 3906 litereditatis
903 3868 1010 3907 sua:
1037 3895 1048 3914 ,
1081 3851 1134 3907 id
1165 3862 1279 3916 est,
1310 3855 1539 3919 Christi;
1592 3862 1647 3908 et
1679 3857 1770 3910 lib.
1804 3871 1837 3910 ι

233 3927 309 3981 de
342 3925 493 3980 Trin.
523 3944 575 3976 ιι.
601 3926 689 3986 54,
719 3935 1082 3978 consummata:
1109 3926 1431 3979 beatitudinis
1456 3925 1686 3979 delicias.
1729 3926 1838 3982 Nec

289 3999 482 4051 roiude
519 3997 794 4050 dubitasse
841 3997 1084 4060 videtur,
1137 3999 1414 4053 caelestem
1447 3999 1836 4054 beatitudinem

289 4013 482 4051 romae
519 4013 794 4050 nuntiasse
841 4013 954 4051 vtae

236 4013 566 4138 ﬁertyribns
597 4083 701 4122 non
732 4067 954 4123 differri.

326 4142 396 4211 (ε)
427 4141 610 4195 Falsas
654 4141 770 4194 illas
799 4138 1096 4194 Constantii
1146 4139 1433 4194 blanditias
1460 4140 1705 4206 Lucifer,
1742 4141 1836 4197 lib.

226 4213 587 4271 Moriendum
620 4228 715 4281 pro
772 4214 860 4265 Dei
888 4212 1019 4276 lilio,
1055 4213 1252 4279 pariter
1277 4214 1454 4281 arguit
1501 4215 1582 4266 his
1611 4214 1790 4266 verbis
1821 4229 1836 4266 :

237 4285 316 4338 In
357 4287 454 4338 hoc
484 4299 600 4338 vero
639 4284 1022 4338 scelestissimus
1045 4283 1303 4348 judicaris
1335 4325 1348 4347 ,
1377 4285 1512 4354 quod
1551 4285 1644 4339 sub
1673 4285 1842 4353 specie

237 4357 536 4410 dilectionis
557 4367 605 4411 et
629 4357 891 4410 consulere
919 4356 1130 4423 cupiens
1158 4396 1171 4415 ,
1204 4355 1271 4408 ad
1314 4373 1406 4410 nos
1436 4356 1721 4410 blandiaris
1750 4357 1842 4410 de-

227 4428 516 4502 jiciendos.
546 4429 637 4484 Sic
660 4427 1008 4502 Athanasius,
1064 4426 1128 4480 ad
1177 4428 1333 4483 Solit.
1376 4444 1430 4502 pr.
1485 4429 1622 4502 8S8,
1658 4434 1844 4502 narrat

237 4499 434 4556 Usiqu
464 4517 492 4552 a
512 4502 706 4553 Consta
733 4502 824 4552 .tio
845 4499 1115 4553 devictum
1142 4515 1278 4552 nunc
1296 4501 1499 4564 quidem
1526 4499 1839 4566 blandiente,

238 4584 542 4644 patremque
576 4586 694 4624 eum
720 4569 1012 4640 appellante
1034 4611 1048 4635 .
1081 4586 1215 4624 nunc
1239 4572 1600 4626 interminante
1624 4581 1670 4625 et
1713 4573 1844 4626 rete-

239 4653 398 4714 gatos
422 4652 764 4705 enumerante.
795 4653 900 4697 etc.

326 4715 410 4786 (ά)
440 4715 630 4769 Multus
661 4716 759 4768 hac
796 4721 912 4767 arte
940 4713 1158 4768 delusus
1186 4715 1654 4786 essetesdlicatur
1683 4715 1842 4771 Libe—

241 4785 393 4844 rius
421 4787 561 4854 apud
593 4787 1016 4850 Theodori-tum,
1071 4787 1164 4840 lib.
1207 4802 1243 4842 tt
1287 4785 1420 4841 Hist.
1455 4787 1600 4841 Eccl.
1647 4804 1697 4843 c.
1753 4788 1838 4854 16,

242 4861 380 4914 dum
412 4863 513 4913 ait:
543 4859 860 4926 Quicumque
891 4874 991 4910 non
1021 4859 1238 4928 diligunt
1268 4858 1485 4927 gloriam
1525 4857 1618 4913 Dei
1643 4901 1656 4922 ,
1688 4862 1726 4912 ii
1753 4869 1844 4913 tua

244 4947 468 4985 munera
494 4942 869 5002 anteponentes,
905 4945 1040 4992 eum,
1066 4946 1211 5002 quem
1239 4931 1337 5002 ipsi
1362 4947 1462 4984 non
1493 4933 1724 5002 viderant
1753 4947 1845 4986 nec

234 5001 628 5077 judicaverant,
654 5003 1074 5077 condemnarunt.
1096 5001 1157 5077 _ln
1185 5003 1266 5056 his
1293 5001 1576 5077 Potentius,
1601 5013 1658 5055 ut
1678 5001 1845 5077 Faus-

247 5076 400 5130 tinus
430 5083 485 5129 et
515 5075 849 5129 Marcellinus
880 5075 970 5124 lib.
1000 5073 1069 5126 ad
1096 5073 1229 5142 Imp.
1259 5073 1441 5127 aiunt:
1476 5076 1698 5141 primum
1726 5076 1843 5142 qui-

247 5149 374 5201 dem
411 5148 565 5214 [idem
599 5145 907 5200 catholicam
948 5145 1210 5198 vindicans
1233 5187 1248 5210 ,
1280 5155 1454 5212 postea
1494 5163 1611 5200 vero
1636 5147 1845 5216 prtzmio

251 5219 410 5289 fundi
441 5219 655 5288 ﬁsculis,
681 5233 828 5289 quem
860 5217 1046 5271 habere
1069 5217 1415 5289 concupierat,
1467 5217 1621 5286 [idem
1651 5233 1850 5286 praeua-

250 5287 450 5345 ricatus
473 5301 563 5344 est.
598 5287 758 5345 Tales
789 5299 949 5343 vocat
971 5287 1262 5356 Gregorius
1280 5287 1431 5353 Naz.,
1466 5296 1559 5342 Ut‘.
1589 5305 1702 5351 xxi,
1735 5291 1850 5343 auri

253 5363 425 5437 magis
457 5378 610 5431 quam
660 5359 850 5437 Christi
903 5369 1148 5437 amantes,
1180 5361 1534 5437 otioxpocow
1580 5361 1770 5432 μᾶλλον
1817 5360 1849 5422 ἢ

252 5433 674 5512 summ;
699 5432 952 5501 additque
973 5431 1352 5512 ponstaitttuiii
1383 5435 1518 5512 bona
1554 5431 1849 5512 pauperum

255 5503 316 5561 in
373 5503 546 5561 in'alos
623 5507 744 5561 illos
797 5517 927 5575 usus
971 5503 1346 5574 insumpsisse.
1407 5503 1741 5575 Quamquam
1799 5506 1851 5558 iit

257 5591 395 5632 mss.
449 5578 602 5632 (Jolb.
660 5584 716 5632 et
768 5573 980 5648 Martin.
1013 5575 1388 5641 desideratur,
1417 5591 1532 5648 non
1580 5573 1854 5648 proscribit

257 5649 332 5702 ad
362 5649 518 5703 vitam
543 5692 555 5713 ,
581 5652 669 5704 sed
690 5648 822 5702 ditat
845 5646 900 5699 in
929 5656 1176 5718 mortem:
1206 5661 1379 5718 neque
1415 5646 1520 5702 hoc
1545 5646 1674 5704 vere
1703 5648 1856 5704 dice-

263 5732 451 5789 retur,
494 5721 540 5776 si
562 5719 868 5793 proscriptio
897 5716 1070 5793 solum
1103 5716 1378 5786 exsilium,
1411 5734 1519 5793 non
1561 5719 1724 5776 etiam
1765 5719 1860 5793 ito.

263 5807 461 5850 norum
504 5789 572 5848 es
613 5789 810 5863 capitis
851 5789 1081 5863 multum
1136 5799 1392 5863 sonaret:
1424 5791 1688 5862 plurimos
1713 5791 1860 5863 enim

259 5864 457 5920 exsilio
477 5865 588 5936 jam
637 5858 902 5936 punierat.
933 5858 1033 5918 Vel
1080 5872 1226 5920 certe
1267 5862 1355 5918 bic
1399 5858 1683 5922 exhibetur
1723 5861 1865 5922 Con-

1944 3345 2211 3426 lib._Mo‘r.
2247 3345 2344 3419 pro
2377 3350 2475 3426 Dei
2497 3350 2631 3426 lliiu,
2664 3352 2732 3406 de
2757 3354 2872 3420 ipso
2899 3353 3130 3408 scribat:
3166 3353 3401 3420 Spolias,
3430 3345 3553 3426 pro-4

1939 3422 2122 3476 scribis
2149 3421 2168 3487 ζ
2198 3434 2390 3478 mactas
2421 3422 2595 3494 gladio
2630 3464 2646 3488 ,
2679 3434 2785 3476 etc.
2815 3463 2830 3485 ,
2862 3432 3047 3494 postea
3083 3435 3262 3494 tamen
3291 3421 3548 3494 subjicit:

1942 3495 2044 3561 Qui
2071 3496 2125 3548 in
2170 3492 2466 3549 innocentes
2496 3504 2600 3548 tant
2629 3493 2809 3548 rabide
2864 3492 3010 3550 strvis
3033 3539 3046 3558 ,
3081 3492 3431 3551 Christianum
3477 3508 3547 3567 te,

1939 3569 2078 3639 pium
2099 3567 2461 3639 ,_prudentem_
2484 3578 2636 3639 atque
2657 3569 2865 3639 justum
2907 3567 3064 3622 videri
3106 3581 3254 3630 posse
3279 3585 3471 3625 censes.

2014 3637 2084 3710 (e)
2121 3637 2234 3710 Vat.
2266 3639 2384 3693 bas.
2415 3637 2612 3706 aliique
2651 3637 2759 3691 duo
2792 3654 2918 3692 mss.
2951 3645 3126 3710 onerat
3153 3656 3165 3692 :
3206 3641 3348 3708 quod
3389 3651 3549 3698 nota-

1944 3708 2085 3774 tutts,
2113 3709 2240 3778 quia
2274 3711 2408 3764 infra
2441 3710 2618 3779 legere
2647 3719 2750 3772 est,
2783 3708 3072 3764 sacerdotes
3093 3709 3334 3768 honorat.

2014 3781 2080 3852 (ί)
2126 3781 2272 3835 lianc
2323 3783 2513 3835 saltem
2573 3780 2919 3836 obtendebat.
2983 3781 3099 3849 Ipsa
3146 3783 3446 3852 Constantii
3494 3784 3548 3840 in

1943 3848 2184 3906 (Iunt-ilio
2215 3852 2600 3906 Mediolanensi
2629 3869 2716 3905 an.
2747 3851 2851 3907 355
2882 3893 2898 3920 ,
2928 3855 3089 3922 verba
3121 3853 3284 3908 refert
3311 3848 3546 3922 Lucifer,

1943 3924 2036 3978 lib.
2075 3925 2152 3977 De
2184 3941 2288 3977 non
2314 3938 2542 3978 convert.
2567 3939 2687 3977 cum
2717 3917 2903 3978 hau-et.
2933 3941 2944 3977 :
2977 3917 3190 3987 Dixisti,
3217 3923 3405 3979 Pacem
3432 3917 3548 3982 voto

1941 3996 2141 4064 ﬁrmari
2168 3996 2220 4046 in
2249 4013 2356 4050 meo
2389 3991 2636 4060 Imperio,
2668 3995 2893 4066 cupiens
2908 3995 3099 4050 uiolare
3126 3997 3174 4049 in
3195 3997 3340 4051 nobis
3368 4013 3544 4066 pacem

1942 4063 2272 4128 dominicam,
2290 4068 2518 4139 scindere
2545 4066 2839 4139 desiderans
2853 4063 2956 4139 Dei
2975 4067 3244 4139 populum,
3275 4063 3380 4123 etc.
3409 4069 3548 4125 Rur-

1944 4154 2061 4193 sum
2096 4149 2214 4207 post
2241 4153 2428 4210 pauca,
2463 4135 2626 4210 Nabis
2643 4136 2844 4210 dicebas
2868 4177 2884 4202 ,
2920 4135 3113 4192 Pacem
3142 4139 3257 4192 volo
3285 4139 3399 4210 ﬁeri
3424 4157 3443 4196 .'
3494 4150 3550 4197 ct

1942 4203 2344 4273 circa'inilium,
2375 4203 2572 4263 Dixisti
2597 4225 2686 4262 nos
2711 4209 2871 4275 fuisse
2898 4220 3049 4280 atque
3065 4227 3171 4265 esse
3191 4203 3425 4267 inimicos
3453 4230 3549 4280 pa-

1943 4284 2048 4344 cis,
2097 4281 2262 4336 hostes
2305 4280 2556 4349 unitatis,
2601 4280 2923 4335 adversarios
2953 4281 3107 4336 etiam
3136 4286 3383 4350 fraterna!
3425 4283 3550 4341 cita-

1946 4353 2135 4408 ritutis.

2015 4425 2095 4494 (g)
2129 4422 2346 4478 Photini
2371 4422 2639 4488 videlicet,
2671 4421 3067 4494 utiideclaratur
3086 4424 3246 4493 infra,
3275 4443 3422 4483 num.
3446 4425 3548 4487 23:

1949 4493 2166 4552 omnem
2203 4511 2410 4551 rursum
2439 4495 2708 4550 adversum
2735 4493 3019 4550 Pltott'nttm
3050 4497 3298 4552 Sirmium
3329 4502 3550 4558 cat/toli-

1944 4587 2018 4625 σω
2033 4570 2281 4624 doctrina:
2303 4582 2402 4621 tua:
2429 4584 2710 4621 commoves
2737 4582 2934 4621 curam.

2022 4643 2098 4715 (It)
2132 4642 2206 4715 lta
2237 4646 2293 4715 et
2321 4637 2559 4704 Lucifer,
2580 4639 2685 4715 lib.
2720 4654 2736 4694 ι
2769 4656 2865 4715 pro
2895 4639 3224 4715 Athanasio,
3256 4641 3548 4714 imperato-

1946 4711 2059 4770 rem
2087 4713 2376 4783 alloquitur
2400 4729 2413 4766 :
2451 4711 2588 4782 quod
2609 4728 2725 4766 cum
2747 4713 3112 4786 sismemorias
3140 4711 3437 4786 Martyrum
3465 4719 3550 4773 in-

1945 4795 2425 4860 staurans,_tanten
2455 4799 2714 4860 seruorum
2745 4783 3027 4860 uniusqﬁlii
3040 4783 3149 4860 _Dei
3174 4783 3406 4843 cruorem
3429 4793 3551 4860 fun-

1947 4861 2058 4913 das.
2112 4858 2180 4912 Et
2208 4853 2615 4919 Theodoretus,
2649 4855 2742 4927 lib.
2777 4870 2832 4909 ιιι
2855 4853 3000 4927 ΑΗὶδι.
3037 4851 3183 4910 Eccl.
3227 4873 3276 4913 c.
3322 4861 3404 4927 l2,
3429 4851 3552 4917 'tes-

1949 4932 2016 4984 tis
2043 4939 2126 4984 est
2145 4967 2161 4995 ,
2215 4929 2588 4982 Constantium
2619 4925 2918 4997 splendidis
2967 4941 3030 4982 ac
3060 4929 3362 5000 magniﬁcis
3392 4925 3542 4992 vasis

1949 5002 2144 5069 templa
2173 5000 2394 5055 ditasse.

2017 5067 2082 5146 (ἱ)
2125 5071 2182 5146 In
2234 5070 2459 5146 vulgatis
2505 5079 2560 5124 et
2588 5067 2792 5146 aliquot
2821 5081 2950 5146 mss.
3000 5087 3066 5146 ne
3091 5082 3144 5126 tu
3172 5081 3226 5127 ut
3245 5069 3391 5131 Deus
3417 5118 3433 5142 ,
3475 5078 3551 5132 ita

1952 5141 2116 5218 paier.
2151 5142 2640 5218 Prauferjmnscum
2675 5141 2790 5218 vat.
2833 5143 2947 5198 bas.
2969 5183 2987 5212 ,
3023 5141 3234 5200 Martia.
3265 5141 3459 5218 ,ﬂolb.
3496 5156 3553 5204 et

1951 5211 2138 5278 Carm,
2172 5232 2232 5268 ne
2253 5225 2310 5269 tu
2324 5211 2463 5286 Deus
2489 5216 2581 5277 ita,
2610 5213 2873 5286 ut_-Pater.
2906 5219 3096 5286 supple
3125 5258 3139 5282 ,
3173 5227 3248 5271 est
3285 5214 3463 5274 Deus:
3493 5227 3552 5276 ut

1953 5289 2022 5344 ad
2047 5287 2321 5343 Christum
2353 5283 2637 5354 referatur,
2662 5283 2731 5340 Te
2753 5287 2808 5340 in
2835 5303 2943 5351 ore,
2967 5283 3097 5354 (ἤδη
3121 5289 3274 5357 cujus
3301 5291 3554 5346 divinita-

1956 5371 2062 5416 tem
2098 5372 2334 5428 paterna:
2380 5360 2697 5429 inmqualem
2723 5358 3069 5416 Constantius
3107 5359 3366 5418 inducere
3413 5363 3554 5422 Velle

1956 5431 2392 5503 reprehenditur.
2477 5497 2486 5503 Δ

2029 5499 2044 5571 ἰ
2057 5501 2443 5575 ¹υΕιιειῐιιήιιι·
2472 5501 2588 5557 Vat.
2621 5501 2764 5571 bas.,
2795 5499 3124 5575 maledicens.

2035 5525 2044 5571 ι
2101 5525 2118 5575 )
2157 5525 2443 5571 διειιψιᾶι·
2479 5525 2588 5557 Val.
2621 5525 2764 5571 085.,
2795 5525 3124 5556 muteutceus.

2035 5525 2314 5701 (illuditis.
2337 5575 2584 5642 Carnut.,
2603 5575 2889 5646 petulantia
2908 5573 3048 5628 istud
3069 5573 3235 5647 magis
3254 5589 3408 5648 quam
3435 5593 3561 5636 con-

2035 5659 2152 5701 intra
2210 5664 2296 5701 ια.

1964 5647 2152 5702 staruia
2173 5647 2296 5702 dici.

2040 5719 2107 5791 (ι)
2132 5719 2479 5791 Colbertinus
2505 5716 2675 5791 coder
2709 5729 2832 5791 c_om
2864 5713 3078 5791 Martio.
3102 5759 3116 5782 ,
3149 5717 3203 5772 in
3229 5723 3437 5778 uterne
3454 5724 3570 5780 cite

1968 5787 2388 5846 resin-rectionem
2408 5790 2690 5846 suscitabit.
2722 5787 2932 5858 Grtece,
2962 5789 3032 5854 εις
3059 5792 3260 5849 αἰώνιον
3283 5791 3571 5857 ἀναϐίωσιν

1973 5867 2107 5929 ζωῆς
2135 5863 2270 5936 ἡμᾶς
2299 5865 2597 5927 ἀναστήσει.
