3996 6330
291 303 404 363 585

1142 305 1349 366 LIBER
1395 307 1668 368 CONTRA
1709 307 2199 372 CONSTANTIUM
2239 313 2759 379 IMPERATOREM.

3498 327 3605 391 586

292 423 497 480 elevari
527 422 646 479 sine
675 421 883 495 laqueis
912 435 1162 494 corpora,
1192 434 1249 480 ct
1272 426 1553 496 suSpensis
1581 426 1721 499 pede
1750 426 1898 483 femi-
1923 429 1976 489 Λ
2005 428 2073 485 lis
2099 429 2441 489 admittitur?
2469 434 2534 490 At
2565 434 2691 492 vide
2716 443 2797 502 tu,
2814 434 2858 492 si
2888 435 3184 506 praeferens
3208 452 3405 498 nomen
3422 441 3605 500 Darni-

292 517 381 571 nis
412 525 587 572 vcstes
613 531 718 571 non
750 514 987 573 defluere
1019 516 1069 571 in
1112 516 1303 572 faciem
1327 561 1341 584 ,
1389 519 1472 573 uri
1521 519 1641 575 sine
1687 518 1903 590 ignibus

293 609 560 682 Spiritus,
605 608 851 667 conﬁteri
907 607 983 684 (a)
1014 610 1132 667 sine
1173 610 1599 683 interrogatione
1640 620 1900 681 vexatos,

292 718 458 776 agere
485 703 667 761 omnia
694 720 803 761 non
833 703 1013 761 minus
1042 720 1166 761 cum
1200 704 1451 779 profectu
1497 706 1863 764 examinantis
1885 747 1901 775 ,

294 813 461 871 quam
510 798 847 855 incremento
896 797 1045 854 ﬁdei.
1076 796 1148 854 At
1189 808 1267 867 tu,
1317 798 1558 855 omnium
1602 794 1902 869 crudelium

295 888 674 947 crudelissime
699 933 714 957 ,
745 888 946 947 damno
974 892 1180 963 majore
1201 890 1254 948 in
1284 907 1403 960 nos,
1434 902 1489 950 et
1509 893 1666 949 venia
1695 893 1905 951 minore

295 983 551 1041 desrevis.
598 984 859 1058 Subrepis
887 983 967 1059 (b)
994 986 1233 1054 nomine,
1259 984 1631 1044 blandimento
1658 986 1861 1044 occidis
1885 1026 1901 1054 ,

295 1079 481 1151 specie
512 1079 793 1153 religionis
822 1080 1159 1153 impietatem
1202 1082 1451 1155 peragis,
1494 1082 1697 1140 Christi
1745 1081 1904 1139 fidem

296 1171 500 1230 Christi
533 1174 766 1232 mendax
796 1175 1122 1246 praedicator
1150 1177 1475 1249 exstinguis.
1502 1176 1618 1233 Non
1645 1167 1907 1251 relinquis

299 1268 492 1325 saltem
539 1269 758 1327 miseris
807 1271 1223 1339 excusationes,
1276 1280 1335 1328 ut
1364 1281 1570 1328 :eterno
1609 1272 1776 1344 judici
1807 1289 1906 1329 suo

300 1376 490 1433 pcenas
519 1372 574 1420 et
602 1363 810 1435 aliquas
840 1364 1160 1420 lanistarum
1190 1380 1481 1437 corporum
1519 1365 1593 1439 (c)
1635 1365 1911 1437 perferant

300 1456 583 1513 cicatrices
606 1498 620 1524 ,
655 1464 713 1513 ut
739 1457 1026 1515 inﬁrmitas
1051 1457 1308 1516 defendat
1336 1462 1734 1517 necessitatem.
1774 1462 1907 1520 See-

298 1547 592 1605 lestissime
617 1551 923 1607 mortalium
948 1594 961 1617 ,
1004 1553 1186 1609 omnia
1219 1553 1615 1625 persecutionis
1652 1555 1795 1611 mala
1838 1556 1909 1611 ita

302 1652 594 1716 temperas,
644 1653 704 1700 ut
749 1646 1014 1703 excludas
1039 1654 1096 1703 et
1124 1648 1175 1703 in
1224 1656 1444 1718 peccato
1473 1648 1688 1705 veniam
1714 1691 1728 1716 ,
1773 1658 1829 1706 et
1856 1651 1910 1707 in

226 1815 230 1818 q
300 1737 645 1795 confessione
673 1739 1012 1812 martyrium.
1063 1739 1171 1796 Sed
1219 1740 1340 1819 haec
1370 1742 1463 1798 ille
1496 1742 1574 1815 (ά)
1604 1754 1757 1811 pater
1786 1752 1912 1800 tuus

2007 524 2059 579 ni
2089 524 2139 579 in
2174 527 2350 582 verbis
2377 568 2392 592 ,
2422 528 2754 585 voluntatem
2782 530 2984 587 efficias
3018 532 3111 588 Dei
3143 534 3309 603 patris
3333 535 3386 591 in
3421 539 3602 595 rebus.

2005 615 2213 674 Clamat
2232 619 2350 676 ille:
2379 620 2481 677 Hic
2492 632 2566 678 est
2583 624 2723 694 ﬁlius
2739 641 2881 681 meus
2895 625 3132 693 dilectus,
3154 629 3206 683 in
3229 646 3327 699 quo
3344 632 3471 687 milii
3484 634 3608 689 bene

2006 713 2297 784 complacui
2339 716 2360 787 (
2383 714 2571 772 Matth.
2604 733 2682 787 ιιι,
2716 718 2848 789 17)ι
2894 729 2949 776 et
2987 730 3043 775 tu
3070 719 3320 779 decernis
3349 740 3456 781 non
3482 741 3605 785 esse

2006 804 2174 860 ﬁlium
2197 847 2211 873 ,
2244 821 2419 878 neque
2444 822 2564 865 esse
2594 817 2832 880 patrem;
2872 810 2977 868 ‘sed
3008 810 3317 885 adoptionis
3346 818 3563 874 nomina
3588 862 3603 889 ,

2007 906 2263 956 externas
2289 903 2716 976 nuncupationes
2743 946 2758 971 ,
2789 912 2848 960 et
2870 904 3214 965 simulantem
3238 908 3306 965 de
3335 925 3397 967 se
3423 913 3605 968 omnia

2010 992 2178 1048 Deum
2206 1009 2378 1051 novus
2409 993 2569 1052 hodie
2596 995 2877 1068 religionis
2916 996 3112 1055 divinas
3159 1012 3477 1072 persecutor
3526 1004 3610 1060 iu-

2007 1084 2183 1142 ducis.
2213 1085 2460 1145 Antehac
2489 1097 2671 1161 patres
2701 1089 2778 1146 tui
2809 1089 2977 1163 (Nero
3001 1132 3015 1157 ,
3042 1092 3258 1160 Decius,
3290 1093 3421 1167 etc.)
3444 1095 3494 1152 in
3522 1111 3614 1153 so-

2011 1178 2118 1234 lum
2149 1179 2421 1236 Christum
2454 1181 2641 1238 hostes
2671 1181 2888 1239 fuerunt
2927 1201 2940 1237 :
2993 1192 3050 1240 tu
3077 1193 3257 1241 autem
3290 1186 3355 1242 ad
3387 1186 3606 1244 Patrem

2010 1272 2180 1330 Deum
2210 1282 2414 1343 certas,
2445 1283 2499 1329 ut
2524 1274 2758 1332 mendax
2785 1276 2877 1343 sit,
2907 1284 2967 1331 ut
2998 1275 3282 1341 fefellerit.
3331 1289 3385 1335 ut
3416 1280 3518 1336 hoc
3541 1280 3612 1338 de

2011 1382 2071 1424 se
2101 1368 2377 1439 professus
2401 1370 2471 1425 sit
2500 1368 2644 1441 quod
2691 1385 2796 1425 non
2825 1378 2971 1426 esset
3000 1413 3014 1436 ,
3068 1372 3224 1442 quasi
3272 1387 3445 1443 neque
3491 1390 3615 1431 esse

2012 1462 2220 1533 possit,
2262 1460 2471 1517 Clamat
2508 1461 2721 1518 Filius:
2772 1460 2888 1534 Ego
2926 1472 2974 1517 et
3022 1461 3181 1518 Pater
3229 1480 3391 1519 unum
3437 1482 3613 1522 sumus

2017 1553 2194 1625 (Joan.
2227 1570 2287 1622 χ,
2316 1551 2449 1627 50);
2488 1563 2560 1623 et,
2595 1551 2848 1627 Operibus
2874 1554 3001 1609 meis
3028 1555 3219 1611 credite
3241 1597 3256 1624 ,
3296 1558 3420 1628 quia
3453 1556 3614 1615 Pater

2014 1650 2188 1716 inme,
2221 1659 2270 1706 et
2295 1665 2386 1722 ego
2406 1650 2461 1704 in
2490 1647 2651 1704 Patre
2670 1647 2862 1722 (Ibid.,
2890 1645 3105 1719 58):et,
3132 1647 3342 1715 Omnia,
3371 1666 3484 1719 quae
3512 1649 3619 1706 Pa-

2017 1743 2108 1798 tris
2133 1742 2297 1815 569
2317 1750 2457 1809 sunt,
2482 1757 2594 1796 mea
2609 1748 2727 1796 sunt
2753 1737 2935 1812 (Joan.
2959 1757 3071 1808 xvr,
3107 1740 3231 1814 l5):
3262 1751 3315 1799 tu
3339 1742 3618 1801 Christum

302 1831 499 1887 artifex
527 1829 882 1888 humanarum
914 1832 1166 1888 mortium
1207 1832 1433 1902 docuit,
1484 1835 1649 1910 568
1694 1836 1910 1895 vincere
1937 1835 1986 1898 B
2013 1836 2266 1906 obiurgas
2312 1836 2375 1908 (ἱ)
2419 1834 2697 1900 veritatis,
2748 1843 2803 1889 tu
2833 1833 3045 1890 Patrem
3095 1836 3276 1907 arguis
3322 1837 3619 1907 professio-

302 1924 422 1980 sine
446 1926 785 1982 contumacia
812 1967 827 1992 ,
849 1924 1099 1998 jugulare
1130 1926 1247 1983 sine
1277 1926 1484 1998 gladio,
1515 1931 1764 2000 persequi
1793 1929 1913 1988 sine

302 2017 553 2084 infamia,
583 2018 657 2090 (ε)
687 2019 873 2077 ordire
902 2019 1020 2075 sine
1050 2021 1357 2092 suspicione
1380 2063 1397 2090 ,
1440 2021 1655 2079 mentiri
1683 2023 1802 2080 sine
1832 2024 1915 2082 iu-

308 2110 629 2182 telligentia,
659 2111 898 2183 proﬁteri
928 2113 1046 2169 sine
1071 2113 1178 2169 ﬁde
1204 2156 1219 2181 ,
1248 2114 1482 2172 blandiri
1507 2116 1623 2172 sine
1647 2115 1912 2186 bonitate,

305 2218 470 2277 agere
494 2204 566 2279 (f)
596 2204 738 2277 quod
770 2205 924 2273 velis,
951 2222 1053 2263 nec
1082 2206 1431 2264 manifestare
1456 2225 1576 2280 qua:
1606 2209 1763 2265 velis.

380 2298 436 2354 9.
470 2296 687 2354 Domini
717 2315 901 2355 nomen
926 2300 981 2355 in
1001 2300 1165 2356 verbis
1192 2298 1500 2369 Constantii,
1533 2303 1707 2358 nonin
1736 2303 1911 2376 gestis.

308 2392 479 2450 Deum
523 2394 723 2449 inducit
777 2394 1039 2467 fallacem.
1070 2425 1141 2435 —
1169 2394 1276 2453 Sed
1326 2411 1414 2452 me
1457 2396 1572 2468 ipse
1613 2397 1917 2471 unigenitus

308 2487 490 2555 Deus,
544 2502 705 2560 quem
752 2487 808 2543 in
851 2502 937 2544 me
979 2487 1361 2561 persequeris,
1412 2487 1693 2547 admonuit
1721 2507 1789 2548 ne
1818 2491 1916 2547 tibi

308 2585 631 2653 crederem,
675 2600 851 2657 neque
880 2599 968 2641 me
1005 2585 1109 2641 hoc
1136 2583 1296 2640 fallax
1324 2584 1378 2640 in
1404 2592 1461 2641 te
1490 2586 1919 2656 ementitumque

309 2695 510 2737 nomen
540 2678 791 2738 illuderet
819 2721 834 2747 ,
865 2679 1055 2737 dicens
1090 2696 1104 2736 :
1156 2678 1283 2737 Non
1310 2680 1477 2736 omnis
1499 2682 1589 2753 qui
1620 2682 1744 2737 dicit
1766 2682 1915 2752 mihi,

309 2774 551 2843 Domine,
582 2772 822 2842 Domine,
853 2774 1061 2831 intrabit
1080 2774 1133 2830 in
1163 2791 1378 2849 regnum
1398 2775 1648 2832 oculorum
1675 2777 1807 2835 :sed
1831 2779 1919 2850 qui

311 2869 436 2941 facit
456 2869 767 2925 uoluntatem
796 2868 970 2924 Patris
993 2869 1111 2939 mei,
1140 2866 1216 2942 (g)
1247 2870 1336 2940 qui
1357 2868 1411 2924 in
1430 2870 1569 2925 oculis
1603 2879 1697 2939 est,
1725 2870 1810 2926 hic
1836 2872 1921 2926 in-

310 2961 463 3018 trabit
483 2962 538 3016 in
561 2978 776 3035 regnum
806 2961 1048 3017 caelorum
1076 2959 1308 3034 (Matth.
1351 2977 1448 3028 vn,
1474 2959 1603 3032 21).
1653 2964 1939 3034 Agnoscis-

313 3069 386 3111 ne
418 3069 562 3111 nunc
589 3054 786 3111 divinae
827 3054 882 3110 in
913 3064 966 3110 te
994 3053 1293 3126 prophetiae
1318 3054 1603 3111 veritatem
1648 3065 1703 3113 et
1741 3056 1918 3113 domi~

313 3148 447 3204 uicae
477 3148 760 3205 sententiae
777 3145 970 3216 ﬁdem,
1005 3144 1087 3220 (h)
1117 3162 1222 3219 qua
1254 3162 1359 3204 non
1390 3147 1658 3220 professio
1687 3151 1921 3210 nominis

2017 1930 2121 1987 nis.
2154 1928 2429 1986 Emendas
2462 1928 2628 1984 Deum
2658 1925 2841 1995 homo,
2876 1925 3041 1981 vitam
3070 1926 3370 1985 moderaris
3395 1944 3622 2003 corrup-

2020 2025 2117 2091 tio,
2148 2031 2203 2080 et
2231 2037 2335 2080 nox
2363 2022 2538 2079 lucem
2570 2019 2845 2076 illuminas
2868 2060 2885 2089 ,
2914 2029 2969 2077 et
3008 2021 3316 2094 promulgas
3347 2022 3510 2080 ﬁdem
3538 2025 3623 2081 in-

2018 2114 2196 2171 ﬁdelis
2220 2154 2234 2180 ,
2281 2123 2337 2171 et
2368 2113 2447 2189 (j)
2475 2113 2729 2185 pietatem
2775 2111 2974 2183 impius
3002 2113 3247 2170 mentiris
3269 2153 3287 2183 ,
3333 2123 3390 2172 et
3432 2116 3621 2174 orbem

2020 2219 2182 2267 terrae
2225 2207 2451 2281 profana
2501 2207 2777 2264 simultate
2810 2206 3140 2264 committis:
3195 2223 3396 2280 negans
3422 2208 3527 2267 hoc
3551 2210 3623 2269 de

2018 2306 2153 2375 Deo,
2187 2303 2329 2377 quod
2361 2304 2479 2374 ipse
2507 2301 2575 2358 de
2604 2316 2664 2358 se
2685 2301 2959 2374 professus
2978 2311 3082 2357 est.

2092 2400 2182 2457 10.
2224 2396 2525 2453 Constantio
2547 2395 2699 2451 vestis
2722 2394 2893 2450 ovina.
2917 2424 2988 2435 --
3015 2395 3121 2451 Sed
3154 2396 3231 2470 (k)
3260 2407 3455 2468 praeter
3486 2400 3626 2459 hanc

2020 2489 2456 2552 emendationem
2486 2487 2772 2556 falsitatis,
2803 2487 2945 2543 aliud
2990 2504 3080 2545 me
3112 2488 3407 2559 Dominus,
3440 2493 3509 2549 ad
3537 2495 3625 2550 in-

1966 2576 1981 2589 ’
2023 2583 2373 2658 telligendum
2421 2592 2511 2650 te,
2551 2580 2756 2637 dictum
2787 2580 3004 2647 docuit,
3036 2580 3267 2639 dicens:
3298 2584 3557 2642 Attendite
3594 2604 3628 2642 a

2020 2679 2514 2756 pseudoprophetis,
2570 2676 2656 2749 qui
2700 2676 2903 2731 veniunt
2969 2675 3039 2730 ad
3084 2693 3170 2732 vos
3215 2677 3272 2732 in
3319 2680 3629 2738 vestimentis

2024 2773 2193 2830 ovium
2217 2814 2233 2842 ,
2261 2771 2324 2845 (Ι)
2353 2773 2416 2826 ab
2442 2770 2582 2825 intus
2611 2778 2781 2825 autem
2805 2776 2923 2823 sunt
2952 2768 3063 2841 lupi
3087 2786 3300 2838 rapaces
3329 2786 3348 2825 .'
3379 2789 3411 2827 a
3440 2775 3627 2845 fructi-

2024 2868 2116 2925 bus
2153 2882 2335 2923 eorum
2363 2862 2677 2937 cognoscetis
2718 2877 2803 2917 eos
2830 2859 3050 2934 (Matth.
3078 2878 3184 2928 vn,
3224 2862 3290 2917 15
3319 2906 3334 2931 ,
3392 2852 3503 2937 ili).
3536 2866 3632 2923 Est

2022 2962 2169 3019 enim
2198 2956 2400 3030 aliquid
2428 2958 2479 3010 in
2507 2953 2696 3020 corde,
2729 2952 2874 3025 quod
2902 2952 3276 3010 dissimulatur
3298 2956 3351 3011 in
3381 2957 3553 3025 vultu,
3577 2967 3636 3016 et

2024 3055 2261 3112 velatum
2292 3058 2377 3108 est
2413 3056 2637 3104 mente:
2666 3056 2723 3103 et
2761 3062 2917 3101 ovem
2952 3053 3237 3116 putantes,
3273 3046 3458 3120 lupum
3501 3067 3631 3108 son.

2024 3156 2234 3209 serunt.
2265 3144 2321 3202 Si
2344 3158 2463 3215 qua:
2498 3140 2681 3196 ovium
2712 3146 2838 3195 sunt
2866 3148 3061 3212 agunt,
3095 3140 3389 3198 credantur
3419 3154 3474 3199 et
3501 3162 3632 3205 oves

312 3243 369 3299 in
399 3240 621 3299 caeleste
649 3255 872 3314 regnum
897 3280 913 3309 ,
939 3239 1037 3298 sed
1065 3239 1373 3297 obedientia
1397 3249 1636 3313 paterna:
1663 3245 1910 3303 volunta-
1936 3242 1984 3309 C
2015 3259 2136 3303 esse
2161 3260 2173 3297 :
2206 3240 2252 3296 si
2278 3245 2458 3294 autem
2491 3233 2587 3308 (ut)
2604 3232 2880 3305 rapacium
2904 3232 3155 3303 luporum
3182 3249 3319 3307 opus
3345 3252 3631 3311 peragunt,

407 3378 634 3454 genitoris
656 3390 802 3454 omne
824 3390 1017 3454 sacrum
1029 3385 1165 3431 casto
1183 3377 1578 3454 velat.ur‘0p_erto
1600 3393 1613 3431 :

408 3441 685 3507 Scilicetut
702 3441 854 3491 divini
879 3444 1045 3507 operis
1068 3444 1354 3507 reverentia
1379 3441 1525 3494 tectis

408 3504 704 3570 Corporibus
724 3503 941 3569 maneat,
970 3518 1066 3570 nec
1088 3503 1441 3570 pmnadzemon
1466 3507 1517 3570 in
1543 3506 1648 3570 ipsa

408 3567 519 3633 Qua
533 3569 786 3633 cruciatur
807 3567 943 3627 ovet,
968 3567 1111 3633 nudis
1124 3567 1379 3633 prodendo
1402 3567 1638 3631 pudorem

408 3628 647 3696 Artubus,
666 3628 822 3681 illaeso
844 3631 1048 3691 gravius
1070 3628 1329 3695 tor'quetur
1353 3628 1579 3683 honesto.

384 3714 707 3787 Huiusmodi
760 3723 1066 3787 portentum
1109 3725 1290 3771 nostra
1329 3723 1489 3772 aetate
1537 3715 1673 3771 vidit
1719 3717 1917 3775 Lotha—

313 3785 507 3856 ringia,
533 3787 613 3843 uti
641 3785 800 3842 fidem
828 3785 1033 3842 faciunt
1057 3787 1456 3843 Commentaria
1492 3787 1821 3848 Marehionis
1851 3793 1917 3847 de

311 3858 558 3930 Beauoau
585 3857 1017 3930 gallieeScripta,
1046 3873 1100 3929 p.
1131 3859 1188 3918 6.

391 3929 468 4004 (a)
516 3929 588 4004 Et
616 3931 757 4004 hunc
795 3930 970 3986 locum
998 3940 1365 3987 restauramus
1402 3944 1468 3986 ex
1500 3945 1631 3987 mss.
1661 3931 1815 3990 Colb.
1861 3943 1919 3991 et

313 4000 530 4057 Martio.
564 4000 619 4057 in
648 4002 842 4077 quibus
866 4011 1055 4077 tamen
1084 4010 1261 4058 exstat
1284 4019 1378 4077 age
1398 4018 1689 4077 proagere,
1718 4013 1915 4077 etpra-

315 4020 530 4057 marun.
564 4020 619 4057 ιιι
648 4020 842 4071 quibus
866 4020 1043 4058 tamen
1084 4020 1261 4058 exscat
1284 4020 1378 4128 aqe
1398 4020 1496 4071 pro
1519 4020 1689 4075 agere,
1718 4020 1910 4077 etpra-

315 4078 450 4146 [ecta
470 4089 576 4129 non
611 4075 865 4146 profectu.
890 4074 949 4128 In
970 4074 1090 4129 aliis
1113 4085 1291 4130 autem
1346 4074 1475 4129 ibris
1505 4073 1758 4138 habetur,
1779 4093 1910 4131 con-

315 4145 455 4217 ﬁteri
479 4146 589 4200 sine
607 4145 967 4217 interrogantis
995 4146 1304 4202 incremento
1332 4146 1474 4215 ﬁdei.
1496 4148 1560 4200 At
1590 4156 1645 4201 tu
1682 4149 1912 4203 omnium

316 4217 684 4272 crudelitatum
708 4217 1077 4272 crudelissime.
1125 4217 1222 4273 Hic
1253 4218 1488 4273 ostendit
1518 4217 1772 4284 Hilarius,
1802 4220 1907 4275 im-

321 4288 556 4344 mundos
578 4286 796 4359 spiritus
820 4289 1032 4344 occulta
1060 4289 1292 4360 quadam
1322 4289 1374 4343 vi
1403 4289 1485 4360 agi
1530 4304 1593 4345 ac
1636 4292 1906 4360 torqueri,

318 4361 459 4433 dum,
477 4375 664 4433 eorum
696 4361 894 4414 occulta
922 4369 1009 4433 est
1036 4362 1189 4433 plaga
1210 4402 1225 4427 ,
1260 4370 1305 4415 et
1334 4377 1483 4432 paena
1513 4361 1813 4433 manifesta,
1853 4372 1912 4419 tit

312 4431 556 4504 loquitur
577 4430 895 4504 Cyprianus,
929 4430 1084 4504 epist.
1115 4430 1150 4488 ii
1180 4433 1260 4504 ad,
1282 4430 1568 4499 Denatum,
1600 4430 1691 4489 ubi
1713 4442 1768 4489 et
1799 4442 1909 4490 tor-

315 4502 499 4560 menta
528 4502 656 4575 ipsis
686 4519 780 4573 per
826 4502 1136 4575 Exul-cistas
1182 4502 1379 4575 inﬂicta
1429 4504 1649 4560 videsis.
1696 4505 1752 4560 In
1804 4505 1910 4563 illis

316 4587 498 4631 autem
520 4573 806 4630 tormentis
825 4573 1324 4631 confitebanturalii
1339 4574 1537 4633 Christi
1553 4576 1907 4644 divinitatem,

318 4657 379 4703 ut
403 4647 472 4703 ab
500 4646 703 4702 Hilario
728 4645 1050 4711 audivimus,
1074 4648 1167 4701 lib.
1198 4663 1275 4712 χι,
1308 4662 1365 4701 n.
1397 4650 1450 4712 5,
1479 4648 1568 4703 alii
1598 4650 1761 4704 totius
1788 4649 1909 4705 Tri-

320 4720 507 4791 nitatis
534 4717 692 4791 ﬁdem
720 4761 735 4791 ,
783 4720 937 4789 cujus
959 4709 1064 4791 _rei
1113 4709 1447 4775 luculentum
1490 4729 1575 4775 est
1603 4722 1908 4791 exemplum
1937 4709 1991 4771 D

318 4790 459 4863 apud
481 4790 854 4863 Ambrosium,
888 4789 1045 4861 epist.
1072 4806 1376 4863 nuncium,
1407 4808 1460 4845 ιι.
1490 4791 1585 4863 21.
1610 4792 1714 4847 Alii
1744 4789 1874 4849 vero
1893 4834 1910 4861 ,

320 4859 394 4917 ιιῐὶ
422 4866 574 4918 testis
599 4869 684 4918 est
710 4859 1031 4935 Cyprianus,
1060 4861 1156 4917 lib.
1174 4862 1239 4917 ad
1269 4862 1690 4935 Demetrianum,
1711 4859 1915 4935 ejulau-F

321 4945 394 4989 tes
419 4945 469 4991 et
489 4941 737 5008 gementes
751 4933 880 5008 pace
898 4933 1143 5001 humana,
1171 4944 1216 4989 et
1240 4942 1484 5008 potestate
1503 4933 1675 4989 diuina
1702 4933 1915 5008 ﬂagella

320 5016 367 5062 et
393 5005 605 5077 uerbera
632 5006 938 5072 sentientes,
979 5014 1244 5060 uenturum
1275 5005 1535 5077 judicium
1581 5005 1910 5077 conﬁtentur.

320 5076 597 5134 Interdum
636 5077 823 5143 etiam,
865 5078 1036 5148 inquit
1074 5077 1166 5133 lib.
1197 5076 1435 5132 dc’ldol.
1470 5076 1686 5132 Vanit.:
1731 5077 1916 5134 Videas

318 5151 441 5205 illos
468 5158 649 5222 nostra
675 5164 792 5203 uoce
818 5159 864 5203 et
884 5150 1179 5218 operatione
1197 5150 1481 5221 majestatis
1504 5150 1717 5204 occultte
1735 5151 1915 5222 ﬂagris

321 5221 454 5277 caedi
481 5263 496 5288 ,
530 5221 648 5293 igne
694 5222 912 5287 torreri,
942 5222 1252 5275 incremento
1298 5236 1457 5293 pana:
1475 5221 1917 5293 propagantis’eat-

322 5294 497 5366 tendi,
532 5291 729 5366 ejulare
751 5334 765 5358 ,
793 5308 991 5366 gemere
1014 5333 1030 5360 ,
1057 5291 1355 5366 deprecari;
1398 5291 1532 5366 unde
1573 5291 1818 5366 ueniant,
1870 5303 1917 5349 et

319 5365 533 5437 quando
556 5364 843 5431 discedunt,
865 5365 994 5433 ipsis
1012 5366 1166 5419 etiam
1194 5365 1281 5434 qui
1297 5364 1545 5437 seAcolunt
1567 5364 1914 5437 audientibus,

318 5434 579 5503 conﬁteri.
638 5437 742 5492 Sed
805 5437 1035 5491 maxime
1080 5437 1319 5490 omnium
1345 5434 1612 5503 Sulpicius
1661 5435 1917 5502 Severus,

318 5506 463 5564 Dial.
486 5523 569 5576 ιιι,
598 5506 785 5564 Hilarii
807 5507 971 5563 verba
992 5507 1119 5563 dum
1135 5516 1429 5572 mutuatur,
1450 5507 1681 5562 illustrat
1702 5509 1752 5563 in
1778 5507 1921 5563 hunc

318 5579 544 5635 modum
588 5596 603 5634 :
648 5577 716 5634 In
763 5589 923 5651 parte,
949 5580 1057 5634 alia
1111 5580 1305 5633 videres
1356 5580 1467 5651 sine
1520 5579 1922 5650 interrogatione

317 5660 532 5707 vexatos
547 5694 562 5720 ,
588 5661 634 5707 et
659 5648 996 5707 sua’crimina
1016 5651 1333 5722 conﬁtentes.
1356 5648 1584 5705 Nomina
1606 5648 1757 5706 etiam
1777 5651 1920 5706 nullo

318 5723 677 5849 integrogante
700 5721 1022 5795 prodebant;
1048 5722 1137 5779 ille
1171 5738 1226 5778 se
1256 5722 1436 5777 Jovem
1465 5724 1579 5791 ,istc
1605 5722 1657 5777 Μ
1666 5724 1920 5779 ercurinm

345 5804 427 5849 ale
463 5807 602 5849 alter.
843 5844 848 5849 .

345 5804 602 5851 utebatur.
843 5844 849 5863 ,

317 5800 602 5868 fatebatur.
843 5844 849 5863 ,

397 5867 477 5942 (b)
507 5867 564 5925 ιιι
604 5866 869 5943 vulgatis,
900 5868 1106 5923 nomine
1135 5867 1459 5924 blandientis.
1521 5866 1579 5924 In
1626 5882 1718 5927 sex
1751 5881 1883 5925 mss.
1903 5909 1919 5940 ,

850 5964 1123 6025 Ριιτιιοι.
1159 5961 1246 6024 Χ.

2020 3381 2242 3440 nominis
2271 3375 2641 3434 blandimento.
2696 3371 2918 3429 Rectius
2961 3372 3015 3428 in
3046 3373 3168 3431 Vat.
3216 3376 3334 3433 bas.
3360 3421 3375 3441 .
3410 3378 3624 3440 Martia.

2020 3466 2075 3513 et
2103 3453 2260 3511 Colb.
2289 3492 2304 3515 ,
2333 3447 2567 3519 subrepis
2587 3447 2796 3500 nomine
2820 3486 2834 3511 ,
2864 3445 3089 3519 supple,
3116 3462 3248 3519 quo
3280 3457 3333 3506 te
3359 3450 3628 3511 Christia-

2020 3543 2149 3583 num
2181 3523 2360 3595 ﬁngis,
2411 3529 2467 3576 ut
2497 3518 2738 3576 declarat
2785 3531 2936 3573 num.
2966 3518 3000 3576 9
3030 3559 3046 3587 ,
3105 3518 3452 3580 blandimento
3492 3529 3628 3583 occi-

2023 3599 2128 3656 dis.
2161 3608 2266 3653 etc.

2094 3641 2396 3741 δὴνίῇῳῇ
2422 3706 2442 3741 ,
2470 3666 2758 3741 proferant.
2789 3660 3022 3741 Hilarius
3050 3662 3137 3741 hic
3166 3664 3378 3741 accedit
3404 3669 3469 3723 ad
3501 3685 3626 3726 son-

2024 3732 2249 3799 tentiam
2279 3732 2676 3809 Cyprianiﬂlui
2706 3732 2797 3789 lib.
2831 3732 3115 3809 deLapsis
3141 3737 3626 3809 miliusiagendum

2024 3805 2347 3872 eensetcum
2369 3805 2447 3863 iis
2474 3806 2570 3875 qui
2590 3805 2645 3861 in
2670 3807 2953 3863 tormentis
2976 3805 3109 3876 lapsi
3137 3817 3282 3862 sunt.
3316 3805 3515 3877 Quinri,
3544 3815 3626 3869 iu-

2026 3888 2175 3958 quit,
2210 3884 2273 3937 de
2294 3878 2562 3958 tormentis
2579 3885 2753 3958 potest
2780 3919 2794 3943 ,
2838 3877 3049 3958 qui-per
3070 3888 3324 3958 tormenta
3356 3897 3629 3958 superatus

2021 3948 2123 4026 est;
2140 3948 2525 4013 excusationem
2541 3948 2829 4016 obtendere,
2848 3949 2940 4019 qui
2956 3949 3116 4003 victus
3132 3960 3206 4005 est
3219 3950 3272 4004 in
3290 3948 3485 4023 dolore,
3508 3965 3595 4013 etc
3612 4000 3626 4015 .

2098 4048 2180 4123 (ά)
2209 4046 2347 4124 Scil.
2376 4041 2632 4124 inimicus
2655 4041 2816 4124 homo
2847 4041 3087 4124 omnium
3119 4040 3496 4124 hazretieorurn
3528 4065 3624 4124 pa-

2019 4110 2146 4179 reris
2161 4110 2186 4190 ’,
2217 4119 2344 4176 dum
2375 4117 2429 4172 in
2475 4129 2605 4186 agro
2647 4110 3078 4186 patris-familias
3113 4110 3625 4185 superseminat'zi-

2019 4208 2267 4351 2.331"
2300 4275 2430 4318 mss.
2477 4256 2631 4315 Colb.
2665 4266 2715 4315 et
2744 4256 2959 4314 Martin.
2984 4299 2998 4323 ,
3029 4259 3258 4317 occidere
3276 4262 3387 4319 sine
3412 4281 3625 4338 suspec-

2018 4348 2177 4493 ιῗῗῖὂ
2200 4407 2322 4493 γιιιἱ
2352 4406 2467 4493 bas.
2488 4417 2603 4493 gms.
2644 4417 2768 4459 cum
2798 4399 2953 4458 Colb.
2998 4412 3051 4459 et
3077 4402 3232 4462 Mart.
3255 4448 3269 4475 ,
3309 4409 3447 4480 quod
3473 4410 3621 4468 νεηθ-

2021 4477 2164 4558 Alii,
2182 4481 2322 4558 quod
2347 4477 2537 4558 velles_._
2582 4547 2613 4558 μ’
2904 4546 2916 4558 .

2097 4552 2172 4678 (ἵ)
2196 4547 2342 4607 Tres
2373 4547 2614 4621 praedicti
2646 4561 2777 4602 mss.
2808 4547 3065 4603 omittunt
3088 4549 3177 4620 qui
3202 4549 3255 4604 in
3276 4552 3418 4608 cretis
3438 4563 3531 4609 εει,

2091 4625 2171 4698 (ι)
2202 4623 2362 4681 Solus
2388 4621 2516 4678 Vat.
2549 4619 2664 4675 bas.
2694 4618 2887 4687 codex,
2919 4636 3076 4691 quam
3099 4638 3202 4676 non
3226 4660 3241 4676 .
3281 4664 3295 4677 .
3331 4665 3343 4678 .
3374 4627 3601 4685 admittit

2502 4661 2516 4675 ο
2549 4658 2664 4675 unus
2695 4658 2887 4687 υυυυιι,
2919 4658 3076 4687 Ilus-"Iv
3099 4658 3202 4676 ηνιι
3226 4660 3241 4676 ο
3281 4664 3295 4677 θ
3331 4665 3343 4678 ι
3374 4658 3621 4685 sturnus".

2090 4714 2175 4791 (ἱ)
2205 4716 2263 4772 ιιι
2309 4730 2439 4791 mss.
2477 4711 2846 4791 -Miehaelino,
2906 4713 3392 4791 pietateveritatis.
3446 4718 3623 4776 Minus

2016 4784 2332 4860 displiceret
2352 4785 2608 4860 impiam,
2639 4785 2791 4853 quasi
2817 4784 3260 4860 ltcsm,_ueritatis.
3284 4788 3622 4860 Quamquam

2018 4854 2210 4933 presso
2238 4854 2454 4933 quidem
2483 4870 2758 4933 sermone,
2785 4854 2882 4911 seti
2921 4858 3008 4910 cui
3041 4857 3175 4912 nihil
3204 4859 3345 4915 desit
3364 4902 3378 4924 ,
3425 4854 3528 4917 hoc
3551 4865 3626 4919 si-

2017 4925 2317 5004 gnificatur:
2331 4948 2344 4983 :
2373 4926 2647 4990 Christum
2661 4925 2926 5004 objurgas
2952 4936 3222 5004 tamquam
3256 4946 3364 4987 non
3396 4948 3522 4989 vera
3544 4936 3625 4990 di-

2019 4997 2253 5066 centem,
2287 5001 2501 5057 Patrem
2524 4999 2706 5070 arguis
2734 5006 2792 5052 ut
2814 4997 2944 5053 falsa
2975 4998 3333 5067 profitentem.

2097 5074 2171 5150 (j)
2210 5072 2314 5150 Sen
2339 5086 2495 5136 mss.,
2522 5081 2712 5150 centre
2730 5070 2967 5150 pietatem
2999 5085 3019 5125 :
3045 5081 3099 5150 et
3126 5088 3273 5150 mox,
3304 5076 3622 5150 commisceri,

2020 5141 2316 5202 locii'verbi
2348 5142 2640 5199 committis.
2674 5141 2843 5197 Paulo
2888 5152 3010 5212 post
3051 5143 3104 5197 in
3142 5144 3303 5202 editis
3345 5146 3595 5207 desidera

2019 5218 2178 5274 batur
2199 5217 2263 5270 de
2283 5233 2354 5272 se.
3586 5250 3587 5255 η

2092 5288 2172 5363 (k)
2210 5286 2403 5363 Codex
2423 5286 2636 5363 Martin.
2672 5300 2794 5363 eum
2823 5284 3002 5355 Colb.,
3035 5296 3249 5363 propter:
3265 5289 3415 5363 lianc
3446 5307 3624 5348 anten—

2022 5356 2281 5417 daiionein
2330 5358 2597 5432 falsitatis,
2645 5356 2792 5432 aliud
2834 5356 3044 5429 quoque
3082 5356 3399 5432 meaiMagis
3448 5366 3627 5432 placet

2020 5448 2143 5490 cum
2165 5432 2286 5487 aliis
2309 5439 2492 5500 prazter
2513 5429 2666 5505 lianc,
2689 5428 2811 5505 scil.
2836 5428 3073 5501 regulam
3096 5446 3165 5486 ex
3188 5428 3376 5505 Matth.
3407 5428 3503 5490 Vil-
3527 5437 3622 5505 21,

2026 5506 2267 5577 petitam,
2298 5518 2402 5573 qua
2448 5512 2501 5557 te
2530 5501 2716 5556 falsam
2747 5502 3002 5572 pietatem
3030 5515 3093 5557 ac
3120 5502 3292 5557 solam
3334 5501 3624 5566 Christiani

2027 5576 2259 5633 nominis
2327 5577 2527 5630 larvam
2591 5583 2866 5628 ostentare
2939 5587 3300 5643 recognosco;
3366 5577 3507 5634 unde
3570 5590 3627 5638 et

2025 5649 2256 5705 emendo
2282 5645 2425 5715 quod
2453 5646 2524 5700 de
2552 5654 2605 5699 te
2632 5644 2801 5716 prima
2833 5644 3010 5700 fronte
3037 5645 3314 5714 cogitatur.

2099 5720 2165 5790 (l)
2202 5719 2259 5774 lu
2292 5733 2417 5790 nis.
2466 5716 2620 5771 Colb.
2684 5716 3020 5782 intrinsecus;
3052 5716 3104 5771 in
3159 5717 3371 5774 Martin.
3396 5762 3411 5790 ,
3442 5722 3630 5785 intus:

2025 5789 2228 5848 omisso
2247 5789 2310 5844 ab
2335 5789 2388 5844 in
2420 5798 2668 5859 utroque.

2098 5862 2195 5937 (in)
2237 5861 2327 5920 Sic
2355 5861 2464 5918 duo
2489 5858 2727 5933 praedicti
2746 5858 2981 5919 codices.
3007 5860 3114 5918 Alii
3137 5876 3288 5930 vero,
3318 5868 3530 5939 rapacia
3558 5870 3639 5928 lu.

3098 5957 3177 6020 19
