  <div class='ocr_page' id='page_1' title='image "/cluster/home/n/w/nwhite01/storage/ocr_20150623/10/hvd.32044015471279/300.png"; bbox 0 0 3996 6330; ppageno 0'>
   <div class='ocr_carea' id='block_1_1' title="bbox 343 307 448 369">
    <p class='ocr_par' dir='ltr' id='par_1_1' title="bbox 343 307 448 369">
     <span class='ocr_line' id='line_1_1' title="bbox 343 307 448 369; baseline -0.019 0"><span class='ocrx_word' id='word_1_1' title='bbox 343 307 448 369; x_wconf 70' lang='lat'><strong>589</strong></span> 
     </span>
    </p>
   </div>
   <div class='ocr_carea' id='block_1_2' title="bbox 348 516 1949 593">
    <p class='ocr_par' dir='ltr' id='par_1_2' title="bbox 348 516 1949 593">
     <span class='ocr_line' id='line_1_2' title="bbox 348 516 1949 593; baseline 0.001 -20"><span class='ocrx_word' id='word_1_2' title='bbox 348 516 460 573; x_wconf 88' lang='lat' dir='ltr'><strong>lum</strong></span> <span class='ocrx_word' id='word_1_3' title='bbox 506 517 829 575; x_wconf 84' lang='lat' dir='ltr'><strong>crudelitate</strong></span> <span class='ocrx_word' id='word_1_4' title='bbox 865 519 1201 592; x_wconf 76' lang='lat' dir='ltr'><strong>pandentes,</strong></span> <span class='ocrx_word' id='word_1_5' title='bbox 1233 531 1615 593; x_wconf 76' lang='lat' dir='ltr'><strong>protraxerunt</strong></span> <span class='ocrx_word' id='word_1_6' title='bbox 1658 521 1729 578; x_wconf 90' lang='lat' dir='ltr'><strong>de</strong></span> <span class='ocrx_word' id='word_1_7' title='bbox 1757 519 1949 575; x_wconf 89' lang='lat' dir='ltr'><strong>altario</strong></span> 
     </span>
    </p>
   </div>
   <div class='ocr_carea' id='block_1_3' title="bbox 349 610 1949 688">
    <p class='ocr_par' dir='ltr' id='par_1_3' title="bbox 349 610 1949 688">
     <span class='ocr_line' id='line_1_3' title="bbox 349 610 1949 688; baseline 0.003 -21"><span class='ocrx_word' id='word_1_8' title='bbox 349 610 682 668; x_wconf 75' lang='lat' dir='ltr'><strong>sacerdotes.</strong></span> <span class='ocrx_word' id='word_1_9' title='bbox 714 612 918 670; x_wconf 89' lang='lat' dir='ltr'><strong>Levius</strong></span> <span class='ocrx_word' id='word_1_10' title='bbox 940 624 990 670; x_wconf 90' lang='lat' dir='ltr'><strong>te</strong></span> <span class='ocrx_word' id='word_1_11' title='bbox 1012 624 1192 688; x_wconf 88' lang='lat' dir='ltr'><strong>putas,</strong></span> <span class='ocrx_word' id='word_1_12' title='bbox 1226 616 1478 683; x_wconf 77' lang='lat' dir='ltr'><strong>sceleste,</strong></span> <span class='ocrx_word' id='word_1_13' title='bbox 1506 616 1814 673; x_wconf 69' lang='lat' dir='ltr'><strong>Iudaeorum</strong></span> <span class='ocrx_word' id='word_1_14' title='bbox 1844 615 1949 671; x_wconf 77' lang='lat' dir='ltr'><strong>im-</strong></span> 
     </span>
    </p>
   </div>
   <div class='ocr_carea' id='block_1_4' title="bbox 350 705 1948 783">
    <p class='ocr_par' dir='ltr' id='par_1_4' title="bbox 350 705 1948 783">
     <span class='ocr_line' id='line_1_4' title="bbox 350 705 1948 783; baseline 0.004 -25"><span class='ocrx_word' id='word_1_15' title='bbox 350 705 551 776; x_wconf 89' lang='lat' dir='ltr'><strong>pietate</strong></span> <span class='ocrx_word' id='word_1_16' title='bbox 595 708 891 779; x_wconf 72' lang='lat' dir='ltr'><strong>peccasse?</strong></span> <span class='ocrx_word' id='word_1_17' title='bbox 938 707 1260 766; x_wconf 72' lang='lat' dir='ltr'><strong>Effuderunt</strong></span> <span class='ocrx_word' id='word_1_18' title='bbox 1293 709 1510 783; x_wconf 84' lang='lat' dir='ltr'><strong>quidem</strong></span> <span class='ocrx_word' id='word_1_19' title='bbox 1555 710 1629 765; x_wconf 87' lang='lat' dir='ltr'><strong>illi</strong></span> <span class='ocrx_word' id='word_1_20' title='bbox 1670 708 1948 766; x_wconf 61' lang='lat' dir='ltr'><strong>Zacharias</strong></span> 
     </span>
    </p>
   </div>
   <div class='ocr_carea' id='block_1_5' title="bbox 348 798 1948 876">
    <p class='ocr_par' dir='ltr' id='par_1_5' title="bbox 348 798 1948 876">
     <span class='ocr_line' id='line_1_5' title="bbox 348 798 1948 876; baseline 0.002 -23"><span class='ocrx_word' id='word_1_21' title='bbox 348 798 702 867; x_wconf 70' lang='lat' dir='ltr'><strong>sanguinem;</strong></span> <span class='ocrx_word' id='word_1_22' title='bbox 737 800 830 856; x_wconf 89' lang='lat' dir='ltr'><strong>sed</strong></span> <span class='ocrx_word' id='word_1_23' title='bbox 850 843 864 866; x_wconf 89' lang='lat'><strong>,</strong></span> <span class='ocrx_word' id='word_1_24' title='bbox 894 811 1153 873; x_wconf 89' lang='lat' dir='ltr'><strong>quantum</strong></span> <span class='ocrx_word' id='word_1_25' title='bbox 1183 802 1236 858; x_wconf 92' lang='lat' dir='ltr'><strong>in</strong></span> <span class='ocrx_word' id='word_1_26' title='bbox 1264 812 1316 860; x_wconf 91' lang='lat' dir='ltr'><strong>te</strong></span> <span class='ocrx_word' id='word_1_27' title='bbox 1346 813 1449 871; x_wconf 91' lang='lat' dir='ltr'><strong>est,</strong></span> <span class='ocrx_word' id='word_1_28' title='bbox 1476 803 1557 876; x_wconf 88' lang='lat' dir='ltr'><strong>(a)</strong></span> <span class='ocrx_word' id='word_1_29' title='bbox 1586 817 1948 876; x_wconf 85' lang='lat' dir='ltr'><strong>concorpora-</strong></span> 
     </span>
    </p>
   </div>
   <div class='ocr_carea' id='block_1_6' title="bbox 347 889 1949 969">
    <p class='ocr_par' dir='ltr' id='par_1_6' title="bbox 347 889 1949 969">
     <span class='ocr_line' id='line_1_6' title="bbox 347 889 1949 969; baseline 0.004 -23"><span class='ocrx_word' id='word_1_30' title='bbox 347 897 435 947; x_wconf 90' lang='lat' dir='ltr'><strong>tos</strong></span> <span class='ocrx_word' id='word_1_31' title='bbox 480 889 698 950; x_wconf 87' lang='lat' dir='ltr'><strong>Christo</strong></span> <span class='ocrx_word' id='word_1_32' title='bbox 744 910 774 950; x_wconf 91' lang='lat' dir='ltr'><strong>a</strong></span> <span class='ocrx_word' id='word_1_33' title='bbox 814 894 1028 952; x_wconf 79' lang='lat' dir='ltr'><strong>Christo</strong></span> <span class='ocrx_word' id='word_1_34' title='bbox 1071 896 1354 953; x_wconf 90' lang='lat' dir='ltr'><strong>discidisti.</strong></span> <span class='ocrx_word' id='word_1_35' title='bbox 1389 897 1606 953; x_wconf 83' lang='lat' dir='ltr'><strong>Vertisti</strong></span> <span class='ocrx_word' id='word_1_36' title='bbox 1643 896 1715 969; x_wconf 76' lang='grc' dir='ltr'><strong>(ὁ)</strong></span> <span class='ocrx_word' id='word_1_37' title='bbox 1749 896 1949 953; x_wconf 88' lang='lat' dir='ltr'><strong>deinde</strong></span> 
     </span>
    </p>
   </div>
   <div class='ocr_carea' id='block_1_7' title="bbox 348 986 1948 1063">
    <p class='ocr_par' dir='ltr' id='par_1_7' title="bbox 348 986 1948 1063">
     <span class='ocr_line' id='line_1_7' title="bbox 348 986 1948 1063; baseline 0.002 -23"><span class='ocrx_word' id='word_1_38' title='bbox 348 1000 521 1056; x_wconf 86' lang='lat' dir='ltr'><strong>usque</strong></span> <span class='ocrx_word' id='word_1_39' title='bbox 544 986 609 1041; x_wconf 90' lang='lat' dir='ltr'><strong>ad</strong></span> <span class='ocrx_word' id='word_1_40' title='bbox 641 987 868 1044; x_wconf 86' lang='lat' dir='ltr'><strong>Romam</strong></span> <span class='ocrx_word' id='word_1_41' title='bbox 892 989 1095 1046; x_wconf 90' lang='lat' dir='ltr'><strong>bellum</strong></span> <span class='ocrx_word' id='word_1_42' title='bbox 1125 1000 1295 1059; x_wconf 92' lang='lat' dir='ltr'><strong>tuum,</strong></span> <span class='ocrx_word' id='word_1_43' title='bbox 1326 991 1565 1063; x_wconf 72' lang='lat' dir='ltr'><strong>eripuisti</strong></span> <span class='ocrx_word' id='word_1_44' title='bbox 1596 990 1746 1047; x_wconf 92' lang='lat' dir='ltr'><strong>illinc</strong></span> <span class='ocrx_word' id='word_1_45' title='bbox 1770 989 1948 1063; x_wconf 88' lang='lat' dir='ltr'><strong>(Libe-</strong></span> 
     </span>
    </p>
   </div>
   <div class='ocr_carea' id='block_1_8' title="bbox 348 1077 1947 1156">
    <p class='ocr_par' dir='ltr' id='par_1_8' title="bbox 348 1077 1947 1156">
     <span class='ocr_line' id='line_1_8' title="bbox 348 1077 1947 1156; baseline 0.005 -26"><span class='ocrx_word' id='word_1_46' title='bbox 348 1077 507 1150; x_wconf 83' lang='lat' dir='ltr'><strong>rium)</strong></span> <span class='ocrx_word' id='word_1_47' title='bbox 539 1080 849 1151; x_wconf 87' lang='lat' dir='ltr'><strong>episcopum</strong></span> <span class='ocrx_word' id='word_1_48' title='bbox 878 1099 892 1138; x_wconf 88' lang='lat'>:</span> <span class='ocrx_word' id='word_1_49' title='bbox 918 1090 975 1139; x_wconf 88' lang='lat' dir='ltr'><strong>et</strong></span> <span class='ocrx_word' id='word_1_50' title='bbox 997 1096 1031 1137; x_wconf 94' lang='grc' dir='ltr'>ο</span> <span class='ocrx_word' id='word_1_51' title='bbox 1060 1092 1111 1138; x_wconf 89' lang='lat' dir='ltr'><strong>te</strong></span> <span class='ocrx_word' id='word_1_52' title='bbox 1138 1083 1417 1151; x_wconf 90' lang='lat' dir='ltr'><strong>miserum,</strong></span> <span class='ocrx_word' id='word_1_53' title='bbox 1440 1084 1531 1156; x_wconf 91' lang='lat' dir='ltr'><strong>qui</strong></span> <span class='ocrx_word' id='word_1_54' title='bbox 1563 1084 1747 1140; x_wconf 89' lang='lat' dir='ltr'><strong>nescio</strong></span> <span class='ocrx_word' id='word_1_55' title='bbox 1770 1096 1947 1139; x_wconf 87' lang='lat' dir='ltr'><strong>utrum</strong></span> 
     </span>
    </p>
   </div>
   <div class='ocr_carea' id='block_1_9' title="bbox 350 1171 1949 1251">
    <p class='ocr_par' dir='ltr' id='par_1_9' title="bbox 350 1171 1949 1251">
     <span class='ocr_line' id='line_1_9' title="bbox 350 1171 1949 1251; baseline 0.006 -26"><span class='ocrx_word' id='word_1_56' title='bbox 350 1171 558 1242; x_wconf 89' lang='lat' dir='ltr'><strong>majore</strong></span> <span class='ocrx_word' id='word_1_57' title='bbox 588 1173 865 1244; x_wconf 83' lang='lat' dir='ltr'><strong>impietate</strong></span> <span class='ocrx_word' id='word_1_58' title='bbox 887 1176 1231 1249; x_wconf 79' lang='lat' dir='ltr'><strong>relegaveris,</strong></span> <span class='ocrx_word' id='word_1_59' title='bbox 1253 1193 1415 1251; x_wconf 88' lang='lat' dir='ltr'><strong>quam</strong></span> <span class='ocrx_word' id='word_1_60' title='bbox 1462 1178 1774 1234; x_wconf 84' lang='lat' dir='ltr'><strong>remiseris!</strong></span> <span class='ocrx_word' id='word_1_61' title='bbox 1802 1178 1949 1245; x_wconf 85' lang='lat' dir='ltr'><strong>Quos</strong></span> 
     </span>
    </p>
   </div>
   <div class='ocr_carea' id='block_1_10' title="bbox 351 1264 1945 1327">
    <p class='ocr_par' dir='ltr' id='par_1_10' title="bbox 351 1264 1945 1327">
     <span class='ocr_line' id='line_1_10' title="bbox 351 1264 1945 1327; baseline 0.005 -10"><span class='ocrx_word' id='word_1_62' title='bbox 351 1271 409 1318; x_wconf 89' lang='lat' dir='ltr'><strong>tu</strong></span> <span class='ocrx_word' id='word_1_63' title='bbox 435 1264 631 1321; x_wconf 90' lang='lat' dir='ltr'><strong>deinde</strong></span> <span class='ocrx_word' id='word_1_64' title='bbox 656 1265 707 1320; x_wconf 92' lang='lat' dir='ltr'><strong>in</strong></span> <span class='ocrx_word' id='word_1_65' title='bbox 731 1266 1017 1324; x_wconf 84' lang='lat' dir='ltr'><strong>ecclesiam</strong></span> <span class='ocrx_word' id='word_1_66' title='bbox 1040 1268 1364 1325; x_wconf 86' lang='lat' dir='ltr'><strong>Tolosanam</strong></span> <span class='ocrx_word' id='word_1_67' title='bbox 1388 1270 1677 1327; x_wconf 79' lang='lat' dir='ltr'><strong>exercuisti</strong></span> <span class='ocrx_word' id='word_1_68' title='bbox 1703 1268 1945 1326; x_wconf 82' lang='lat' dir='ltr'><strong>furores!</strong></span> 
     </span>
    </p>
   </div>
   <div class='ocr_carea' id='block_1_11' title="bbox 348 1353 1947 1431">
    <p class='ocr_par' dir='ltr' id='par_1_11' title="bbox 348 1353 1947 1431">
     <span class='ocr_line' id='line_1_11' title="bbox 348 1353 1947 1431; baseline 0.005 -21"><span class='ocrx_word' id='word_1_69' title='bbox 348 1353 544 1412; x_wconf 83' lang='lat' dir='ltr'><strong>Clerici</strong></span> <span class='ocrx_word' id='word_1_70' title='bbox 572 1356 800 1415; x_wconf 73' lang='lat' dir='ltr'><strong>fusdbus</strong></span> <span class='ocrx_word' id='word_1_71' title='bbox 837 1360 999 1430; x_wconf 63' lang='lat' dir='ltr'><strong>caesi,</strong></span> <span class='ocrx_word' id='word_1_72' title='bbox 1045 1360 1300 1418; x_wconf 78' lang='lat' dir='ltr'><strong>diaconos</strong></span> <span class='ocrx_word' id='word_1_73' title='bbox 1344 1362 1563 1431; x_wconf 87' lang='lat' dir='ltr'><strong>plumbo</strong></span> <span class='ocrx_word' id='word_1_74' title='bbox 1600 1362 1750 1431; x_wconf 88' lang='lat' dir='ltr'><strong>elisi,</strong></span> <span class='ocrx_word' id='word_1_75' title='bbox 1793 1374 1846 1418; x_wconf 89' lang='lat' dir='ltr'><strong>et</strong></span> <span class='ocrx_word' id='word_1_76' title='bbox 1894 1363 1947 1418; x_wconf 91' lang='lat' dir='ltr'><strong>in</strong></span> 
     </span>
    </p>
   </div>
   <div class='ocr_carea' id='block_1_12' title="bbox 347 1447 1946 1530">
    <p class='ocr_par' dir='ltr' id='par_1_12' title="bbox 347 1447 1946 1530">
     <span class='ocr_line' id='line_1_12' title="bbox 347 1447 1946 1530; baseline 0.005 -26"><span class='ocrx_word' id='word_1_77' title='bbox 347 1447 549 1520; x_wconf 84' lang='lat' dir='ltr'><strong>ipsum,</strong></span> <span class='ocrx_word' id='word_1_78' title='bbox 582 1459 639 1508; x_wconf 91' lang='lat' dir='ltr'><strong>ut</strong></span> <span class='ocrx_word' id='word_1_79' title='bbox 667 1451 745 1525; x_wconf 86' lang='lat' dir='ltr'><strong>(c)</strong></span> <span class='ocrx_word' id='word_1_80' title='bbox 770 1455 944 1510; x_wconf 78' lang='lat' dir='ltr'><strong>sancti</strong></span> <span class='ocrx_word' id='word_1_81' title='bbox 973 1470 1184 1512; x_wconf 89' lang='lat' dir='ltr'><strong>mecum</strong></span> <span class='ocrx_word' id='word_1_82' title='bbox 1213 1456 1548 1529; x_wconf 77' lang='lat' dir='ltr'><strong>intelligunt,</strong></span> <span class='ocrx_word' id='word_1_83' title='bbox 1583 1455 1663 1530; x_wconf 76' lang='grc' dir='ltr'><strong>(ά)</strong></span> <span class='ocrx_word' id='word_1_84' title='bbox 1694 1458 1744 1512; x_wconf 83' lang='grc' dir='ltr'>ἰιι</span> <span class='ocrx_word' id='word_1_85' title='bbox 1771 1456 1946 1528; x_wconf 84' lang='lat' dir='ltr'><strong>ipsum</strong></span> 
     </span>
    </p>
   </div>
   <div class='ocr_carea' id='block_1_13' title="bbox 346 1542 1947 1621">
    <p class='ocr_par' dir='ltr' id='par_1_13' title="bbox 346 1542 1947 1621">
     <span class='ocr_line' id='line_1_13' title="bbox 346 1542 1947 1621; baseline 0.004 -21"><span class='ocrx_word' id='word_1_86' title='bbox 346 1542 625 1600; x_wconf 79' lang='lat' dir='ltr'><strong>Christum</strong></span> <span class='ocrx_word' id='word_1_87' title='bbox 652 1561 843 1603; x_wconf 86' lang='lat' dir='ltr'><strong>manus</strong></span> <span class='ocrx_word' id='word_1_88' title='bbox 864 1548 1065 1605; x_wconf 78' lang='lat' dir='ltr'><strong>missae.</strong></span> <span class='ocrx_word' id='word_1_89' title='bbox 1090 1548 1237 1619; x_wconf 68' lang='lat' dir='ltr'><strong>Haec,</strong></span> <span class='ocrx_word' id='word_1_90' title='bbox 1264 1547 1573 1617; x_wconf 89' lang='lat' dir='ltr'><strong>Constanti,</strong></span> <span class='ocrx_word' id='word_1_91' title='bbox 1598 1551 1642 1606; x_wconf 89' lang='lat' dir='ltr'><strong>si</strong></span> <span class='ocrx_word' id='word_1_92' title='bbox 1669 1566 1769 1621; x_wconf 81' lang='lat' dir='ltr'><strong>ego</strong></span> <span class='ocrx_word' id='word_1_93' title='bbox 1794 1566 1947 1607; x_wconf 85' lang='lat' dir='ltr'><strong>men-</strong></span> 
     </span>
    </p>
   </div>
   <div class='ocr_carea' id='block_1_14' title="bbox 349 1628 1820 1716">
    <p class='ocr_par' dir='ltr' id='par_1_14' title="bbox 349 1628 1820 1716">
     <span class='ocr_line' id='line_1_14' title="bbox 349 1628 1820 1716; baseline 0.005 -25"><span class='ocrx_word' id='word_1_94' title='bbox 349 1636 478 1705; x_wconf 88' lang='lat' dir='ltr'><strong>tior,</strong></span> <span class='ocrx_word' id='word_1_95' title='bbox 504 1638 622 1696; x_wconf 89' lang='lat' dir='ltr'><strong>ovis</strong></span> <span class='ocrx_word' id='word_1_96' title='bbox 646 1654 707 1696; x_wconf 88' lang='lat' dir='ltr'><strong>es</strong></span> <span class='ocrx_word' id='word_1_97' title='bbox 735 1658 749 1696; x_wconf 88' lang='lat'><strong>:</strong></span> <span class='ocrx_word' id='word_1_98' title='bbox 781 1640 827 1697; x_wconf 86' lang='lat' dir='ltr'><strong>si</strong></span> <span class='ocrx_word' id='word_1_99' title='bbox 855 1657 988 1699; x_wconf 87' lang='lat' dir='ltr'><strong>vero</strong></span> <span class='ocrx_word' id='word_1_100' title='bbox 1018 1651 1074 1699; x_wconf 92' lang='lat' dir='ltr'><strong>tu</strong></span> <span class='ocrx_word' id='word_1_101' title='bbox 1104 1644 1337 1716; x_wconf 75' lang='lat' dir='ltr'><strong>peragis,</strong></span> <span class='ocrx_word' id='word_1_102' title='bbox 1366 1643 1718 1702; x_wconf 85' lang='lat' dir='ltr'><strong>antichristus</strong></span> <span class='ocrx_word' id='word_1_103' title='bbox 1740 1628 1820 1700; x_wconf 84' lang='lat' dir='ltr'><strong>es.</strong></span> 
     </span>
    </p>
   </div>
   <div class='ocr_carea' id='block_1_15' title="bbox 1152 262 2755 375">
    <p class='ocr_par' dir='ltr' id='par_1_15' title="bbox 1152 262 2755 375">
     <span class='ocr_line' id='line_1_15' title="bbox 1152 262 2755 375; baseline -0.004 -1"><span class='ocrx_word' id='word_1_104' title='bbox 1152 313 1360 374; x_wconf 79' lang='lat' dir='ltr'><strong>LIBER</strong></span> <span class='ocrx_word' id='word_1_105' title='bbox 1397 312 1678 375; x_wconf 68' lang='lat' dir='ltr'><strong>comas</strong></span> <span class='ocrx_word' id='word_1_106' title='bbox 1712 262 2198 371; x_wconf 70' lang='lat' dir='ltr'><strong>consumunt</strong></span> <span class='ocrx_word' id='word_1_107' title='bbox 2236 302 2755 367; x_wconf 75' lang='lat' dir='ltr'><strong>IMPERATOBEM.</strong></span> 
     </span>
    </p>
   </div>
   <div class='ocr_carea' id='block_1_16' title="bbox 346 429 2025 499">
    <p class='ocr_par' dir='ltr' id='par_1_16' title="bbox 346 429 2025 499">
     <span class='ocr_line' id='line_1_16' title="bbox 346 429 2025 499; baseline 0 -18"><span class='ocrx_word' id='word_1_108' title='bbox 346 432 473 481; x_wconf 90' lang='lat' dir='ltr'><strong>runt</strong></span> <span class='ocrx_word' id='word_1_109' title='bbox 500 430 686 481; x_wconf 87' lang='lat' dir='ltr'><strong>sancta</strong></span> <span class='ocrx_word' id='word_1_110' title='bbox 711 431 1021 483; x_wconf 83' lang='lat' dir='ltr'><strong>sanctorum</strong></span> <span class='ocrx_word' id='word_1_111' title='bbox 1041 468 1055 494; x_wconf 93' lang='lat'><strong>,</strong></span> <span class='ocrx_word' id='word_1_112' title='bbox 1083 435 1137 484; x_wconf 92' lang='lat' dir='ltr'><strong>et</strong></span> <span class='ocrx_word' id='word_1_113' title='bbox 1170 429 1312 484; x_wconf 80' lang='lat' dir='ltr'><strong>viam</strong></span> <span class='ocrx_word' id='word_1_114' title='bbox 1343 429 1443 484; x_wconf 90' lang='lat' dir='ltr'><strong>sibi</strong></span> <span class='ocrx_word' id='word_1_115' title='bbox 1473 429 1618 485; x_wconf 90' lang='lat' dir='ltr'><strong>omni</strong></span> <span class='ocrx_word' id='word_1_116' title='bbox 1643 442 1740 499; x_wconf 91' lang='lat' dir='ltr'><strong>per</strong></span> <span class='ocrx_word' id='word_1_117' title='bbox 1770 441 1943 497; x_wconf 90' lang='lat' dir='ltr'><strong>popu-</strong></span> <span class='ocrx_word' id='word_1_118' title='bbox 1973 431 2025 495; x_wconf 79' lang='grc' dir='ltr'>Α</span> 
     </span>
    </p>
   </div>
   <div class='ocr_carea' id='block_1_17' title="bbox 3542 306 3650 373">
    <p class='ocr_par' dir='ltr' id='par_1_17' title="bbox 3542 306 3650 373">
     <span class='ocr_line' id='line_1_17' title="bbox 3542 306 3650 373; baseline -0.056 -1"><span class='ocrx_word' id='word_1_119' title='bbox 3542 306 3650 373; x_wconf 67' lang='grc' dir='ltr'>ὅθι)</span> 
     </span>
    </p>
   </div>
   <div class='ocr_carea' id='block_1_18' title="bbox 2125 418 3654 496">
    <p class='ocr_par' dir='ltr' id='par_1_18' title="bbox 2125 418 3654 496">
     <span class='ocr_line' id='line_1_18' title="bbox 2125 418 3654 496; baseline 0.004 -20"><span class='ocrx_word' id='word_1_120' title='bbox 2125 420 2215 476; x_wconf 60' lang='grc' dir='ltr'>ιι.</span> <span class='ocrx_word' id='word_1_121' title='bbox 2247 419 2326 475; x_wconf 87' lang='lat' dir='ltr'><strong>De</strong></span> <span class='ocrx_word' id='word_1_122' title='bbox 2365 418 2615 476; x_wconf 67' lang='lat' dir='ltr'><strong>Seleuciae</strong></span> <span class='ocrx_word' id='word_1_123' title='bbox 2653 419 2869 492; x_wconf 80' lang='lat' dir='ltr'><strong>synodo.</strong></span> <span class='ocrx_word' id='word_1_124' title='bbox 2904 450 2973 463; x_wconf 91' lang='lat'><strong>-—-</strong></span> <span class='ocrx_word' id='word_1_125' title='bbox 2999 418 3152 478; x_wconf 79' lang='lat' dir='ltr'><strong>Nunc</strong></span> <span class='ocrx_word' id='word_1_126' title='bbox 3193 422 3316 493; x_wconf 83' lang='lat' dir='ltr'><strong>quia</strong></span> <span class='ocrx_word' id='word_1_127' title='bbox 3347 421 3499 490; x_wconf 67' lang='lat' dir='ltr'><strong>haec,</strong></span> <span class='ocrx_word' id='word_1_128' title='bbox 3533 441 3654 496; x_wconf 76' lang='lat' dir='ltr'><strong>qua:</strong></span> 
     </span>
    </p>
   </div>
   <div class='ocr_carea' id='block_1_19' title="bbox 2050 515 3653 591">
    <p class='ocr_par' dir='ltr' id='par_1_19' title="bbox 2050 515 3653 591">
     <span class='ocr_line' id='line_1_19' title="bbox 2050 515 3653 591; baseline 0.002 -18"><span class='ocrx_word' id='word_1_129' title='bbox 2050 515 2378 573; x_wconf 88' lang='lat' dir='ltr'><strong>conscientia</strong></span> <span class='ocrx_word' id='word_1_130' title='bbox 2419 515 2632 585; x_wconf 90' lang='lat' dir='ltr'><strong>publica</strong></span> <span class='ocrx_word' id='word_1_131' title='bbox 2665 517 2826 591; x_wconf 70' lang='lat'><strong>572</strong></span> <span class='ocrx_word' id='word_1_132' title='bbox 2855 524 3127 585; x_wconf 86' lang='lat' dir='ltr'><strong>tenentur,</strong></span> <span class='ocrx_word' id='word_1_133' title='bbox 3156 531 3264 574; x_wconf 90' lang='lat' dir='ltr'><strong>non</strong></span> <span class='ocrx_word' id='word_1_134' title='bbox 3302 519 3473 589; x_wconf 77' lang='lat' dir='ltr'><strong>magis</strong></span> <span class='ocrx_word' id='word_1_135' title='bbox 3503 534 3531 574; x_wconf 87' lang='lat' dir='ltr'><strong>a</strong></span> <span class='ocrx_word' id='word_1_136' title='bbox 3564 536 3653 577; x_wconf 91' lang='lat' dir='ltr'><strong>me</strong></span> 
     </span>
    </p>
   </div>
   <div class='ocr_carea' id='block_1_20' title="bbox 2053 612 3654 684">
    <p class='ocr_par' dir='ltr' id='par_1_20' title="bbox 2053 612 3654 684">
     <span class='ocr_line' id='line_1_20' title="bbox 2053 612 3654 684; baseline 0.004 -17"><span class='ocrx_word' id='word_1_137' title='bbox 2053 612 2339 669; x_wconf 89' lang='lat' dir='ltr'><strong>maledicta</strong></span> <span class='ocrx_word' id='word_1_138' title='bbox 2366 623 2491 667; x_wconf 90' lang='lat' dir='ltr'><strong>sunt</strong></span> <span class='ocrx_word' id='word_1_139' title='bbox 2516 613 2586 684; x_wconf 74' lang='grc' dir='ltr'><strong>(ρ)</strong></span> <span class='ocrx_word' id='word_1_140' title='bbox 2614 612 2756 668; x_wconf 89' lang='lat' dir='ltr'><strong>dicta</strong></span> <span class='ocrx_word' id='word_1_141' title='bbox 2784 628 2942 683; x_wconf 90' lang='lat' dir='ltr'><strong>quam</strong></span> <span class='ocrx_word' id='word_1_142' title='bbox 2978 628 3134 680; x_wconf 89' lang='lat' dir='ltr'><strong>vera;</strong></span> <span class='ocrx_word' id='word_1_143' title='bbox 3168 614 3212 669; x_wconf 92' lang='lat' dir='ltr'><strong>si</strong></span> <span class='ocrx_word' id='word_1_144' title='bbox 3236 614 3321 669; x_wconf 90' lang='lat' dir='ltr'><strong>cui</strong></span> <span class='ocrx_word' id='word_1_145' title='bbox 3352 612 3404 669; x_wconf 92' lang='lat' dir='ltr'><strong>in</strong></span> <span class='ocrx_word' id='word_1_146' title='bbox 3435 612 3654 673; x_wconf 85' lang='lat' dir='ltr'><strong>Christo</strong></span> 
     </span>
    </p>
   </div>
   <div class='ocr_carea' id='block_1_21' title="bbox 2050 707 3651 780">
    <p class='ocr_par' dir='ltr' id='par_1_21' title="bbox 2050 707 3651 780">
     <span class='ocr_line' id='line_1_21' title="bbox 2050 707 3651 780; baseline 0.001 -16"><span class='ocrx_word' id='word_1_147' title='bbox 2050 707 2257 779; x_wconf 88' lang='lat' dir='ltr'><strong>reliqua</strong></span> <span class='ocrx_word' id='word_1_148' title='bbox 2283 721 2409 777; x_wconf 90' lang='lat' dir='ltr'><strong>spes</strong></span> <span class='ocrx_word' id='word_1_149' title='bbox 2432 715 2546 773; x_wconf 91' lang='lat' dir='ltr'><strong>est,</strong></span> <span class='ocrx_word' id='word_1_150' title='bbox 2576 707 2621 763; x_wconf 91' lang='lat' dir='ltr'><strong>si</strong></span> <span class='ocrx_word' id='word_1_151' title='bbox 2648 708 2768 778; x_wconf 89' lang='lat' dir='ltr'><strong>quis</strong></span> <span class='ocrx_word' id='word_1_152' title='bbox 2803 707 2988 777; x_wconf 89' lang='lat' dir='ltr'><strong>judicii</strong></span> <span class='ocrx_word' id='word_1_153' title='bbox 3020 707 3163 769; x_wconf 89' lang='lat' dir='ltr'><strong>diem</strong></span> <span class='ocrx_word' id='word_1_154' title='bbox 3203 709 3422 776; x_wconf 84' lang='lat' dir='ltr'><strong>metuit,</strong></span> <span class='ocrx_word' id='word_1_155' title='bbox 3455 708 3501 764; x_wconf 89' lang='lat' dir='ltr'><strong>si</strong></span> <span class='ocrx_word' id='word_1_156' title='bbox 3529 710 3651 780; x_wconf 89' lang='lat' dir='ltr'><strong>quis</strong></span> 
     </span>
    </p>
   </div>
   <div class='ocr_carea' id='block_1_22' title="bbox 2050 798 3650 870">
    <p class='ocr_par' dir='ltr' id='par_1_22' title="bbox 2050 798 3650 870">
     <span class='ocr_line' id='line_1_22' title="bbox 2050 798 3650 870; baseline 0.002 -16"><span class='ocrx_word' id='word_1_157' title='bbox 2050 798 2265 854; x_wconf 82' lang='lat' dir='ltr'><strong>diabolo</strong></span> <span class='ocrx_word' id='word_1_158' title='bbox 2292 799 2655 866; x_wconf 90' lang='lat' dir='ltr'><strong>renuntiavit,</strong></span> <span class='ocrx_word' id='word_1_159' title='bbox 2690 798 2734 853; x_wconf 90' lang='lat' dir='ltr'><strong>si</strong></span> <span class='ocrx_word' id='word_1_160' title='bbox 2759 798 2883 869; x_wconf 86' lang='lat' dir='ltr'><strong>quis</strong></span> <span class='ocrx_word' id='word_1_161' title='bbox 2907 814 2967 854; x_wconf 90' lang='lat' dir='ltr'><strong>se</strong></span> <span class='ocrx_word' id='word_1_162' title='bbox 2998 806 3373 870; x_wconf 76' lang='lat' dir='ltr'><strong>regeneratum</strong></span> <span class='ocrx_word' id='word_1_163' title='bbox 3406 799 3460 855; x_wconf 90' lang='lat' dir='ltr'><strong>in</strong></span> <span class='ocrx_word' id='word_1_164' title='bbox 3486 801 3650 857; x_wconf 89' lang='lat' dir='ltr'><strong>vitam</strong></span> 
     </span>
    </p>
   </div>
   <div class='ocr_carea' id='block_1_23' title="bbox 2052 888 3651 963">
    <p class='ocr_par' dir='ltr' id='par_1_23' title="bbox 2052 888 3651 963">
     <span class='ocr_line' id='line_1_23' title="bbox 2052 888 3651 963; baseline 0.001 -16"><span class='ocrx_word' id='word_1_165' title='bbox 2052 889 2390 957; x_wconf 86' lang='lat' dir='ltr'><strong>recordatur,</strong></span> <span class='ocrx_word' id='word_1_166' title='bbox 2419 889 2647 960; x_wconf 89' lang='lat' dir='ltr'><strong>accipiat</strong></span> <span class='ocrx_word' id='word_1_167' title='bbox 2675 905 2794 960; x_wconf 79' lang='lat' dir='ltr'><strong>quae</strong></span> <span class='ocrx_word' id='word_1_168' title='bbox 2823 889 2968 955; x_wconf 91' lang='lat' dir='ltr'><strong>dico,</strong></span> <span class='ocrx_word' id='word_1_169' title='bbox 3001 898 3056 946; x_wconf 92' lang='lat' dir='ltr'><strong>et</strong></span> <span class='ocrx_word' id='word_1_170' title='bbox 3105 888 3173 963; x_wconf 76' lang='lat' dir='ltr'><strong>(f)</strong></span> <span class='ocrx_word' id='word_1_171' title='bbox 3202 889 3273 947; x_wconf 91' lang='lat' dir='ltr'><strong>de</strong></span> <span class='ocrx_word' id='word_1_172' title='bbox 3319 888 3403 947; x_wconf 85' lang='lat' dir='ltr'><strong>his</strong></span> <span class='ocrx_word' id='word_1_173' title='bbox 3426 891 3651 962; x_wconf 87' lang='lat' dir='ltr'><strong>judicio,</strong></span> 
     </span>
    </p>
   </div>
   <div class='ocr_carea' id='block_1_24' title="bbox 2051 982 3657 1055">
    <p class='ocr_par' dir='ltr' id='par_1_24' title="bbox 2051 982 3657 1055">
     <span class='ocr_line' id='line_1_24' title="bbox 2051 982 3657 1055; baseline 0.002 -16"><span class='ocrx_word' id='word_1_174' title='bbox 2051 999 2160 1055; x_wconf 89' lang='lat' dir='ltr'><strong>quo</strong></span> <span class='ocrx_word' id='word_1_175' title='bbox 2189 985 2240 1039; x_wconf 91' lang='lat' dir='ltr'><strong>in</strong></span> <span class='ocrx_word' id='word_1_176' title='bbox 2273 998 2331 1039; x_wconf 90' lang='lat' dir='ltr'><strong>se</strong></span> <span class='ocrx_word' id='word_1_177' title='bbox 2356 982 2705 1055; x_wconf 90' lang='lat' dir='ltr'><strong>judicandum</strong></span> <span class='ocrx_word' id='word_1_178' title='bbox 2736 992 2848 1050; x_wconf 90' lang='lat' dir='ltr'><strong>est,</strong></span> <span class='ocrx_word' id='word_1_179' title='bbox 2875 983 3097 1053; x_wconf 89' lang='lat' dir='ltr'><strong>judicet.</strong></span> <span class='ocrx_word' id='word_1_180' title='bbox 3131 983 3262 1051; x_wconf 73' lang='lat' dir='ltr'><strong>Qum</strong></span> <span class='ocrx_word' id='word_1_181' title='bbox 3290 984 3434 1040; x_wconf 92' lang='lat' dir='ltr'><strong>enim</strong></span> <span class='ocrx_word' id='word_1_182' title='bbox 3478 986 3657 1043; x_wconf 86' lang='lat' dir='ltr'><strong>dictu-</strong></span> 
     </span>
    </p>
   </div>
   <div class='ocr_carea' id='block_1_25' title="bbox 2053 1076 3660 1148">
    <p class='ocr_par' dir='ltr' id='par_1_25' title="bbox 2053 1076 3660 1148">
     <span class='ocr_line' id='line_1_25' title="bbox 2053 1076 3660 1148; baseline 0.004 -16"><span class='ocrx_word' id='word_1_183' title='bbox 2053 1093 2146 1133; x_wconf 88' lang='lat' dir='ltr'><strong>rus</strong></span> <span class='ocrx_word' id='word_1_184' title='bbox 2173 1093 2293 1133; x_wconf 91' lang='lat' dir='ltr'><strong>sum</strong></span> <span class='ocrx_word' id='word_1_185' title='bbox 2314 1117 2330 1145; x_wconf 94' lang='lat'><strong>,</strong></span> <span class='ocrx_word' id='word_1_186' title='bbox 2362 1091 2469 1132; x_wconf 90' lang='lat' dir='ltr'><strong>non</strong></span> <span class='ocrx_word' id='word_1_187' title='bbox 2513 1076 2733 1132; x_wconf 85' lang='lat' dir='ltr'><strong>aliunde</strong></span> <span class='ocrx_word' id='word_1_188' title='bbox 2775 1076 3005 1146; x_wconf 82' lang='lat' dir='ltr'><strong>cognovi</strong></span> <span class='ocrx_word' id='word_1_189' title='bbox 3032 1093 3045 1130; x_wconf 89' lang='lat'><strong>:</strong></span> <span class='ocrx_word' id='word_1_190' title='bbox 3076 1076 3171 1133; x_wconf 91' lang='lat' dir='ltr'><strong>sed</strong></span> <span class='ocrx_word' id='word_1_191' title='bbox 3218 1077 3332 1146; x_wconf 88' lang='lat' dir='ltr'><strong>ipse</strong></span> <span class='ocrx_word' id='word_1_192' title='bbox 3358 1077 3570 1148; x_wconf 85' lang='lat' dir='ltr'><strong>audivi,</strong></span> <span class='ocrx_word' id='word_1_193' title='bbox 3605 1090 3660 1138; x_wconf 90' lang='lat' dir='ltr'><strong>et</strong></span> 
     </span>
    </p>
   </div>
   <div class='ocr_carea' id='block_1_26' title="bbox 2052 1171 3653 1246">
    <p class='ocr_par' dir='ltr' id='par_1_26' title="bbox 2052 1171 3653 1246">
     <span class='ocr_line' id='line_1_26' title="bbox 2052 1171 3653 1246; baseline 0.002 -18"><span class='ocrx_word' id='word_1_194' title='bbox 2052 1188 2295 1244; x_wconf 67' lang='lat' dir='ltr'><strong>praisens</strong></span> <span class='ocrx_word' id='word_1_195' title='bbox 2323 1171 2473 1229; x_wconf 88' lang='lat' dir='ltr'><strong>adfui</strong></span> <span class='ocrx_word' id='word_1_196' title='bbox 2497 1188 2620 1229; x_wconf 89' lang='lat' dir='ltr'><strong>cum</strong></span> <span class='ocrx_word' id='word_1_197' title='bbox 2641 1173 2985 1245; x_wconf 78' lang='lat' dir='ltr'><strong>gerebantur.</strong></span> <span class='ocrx_word' id='word_1_198' title='bbox 3018 1173 3074 1229; x_wconf 91' lang='lat' dir='ltr'><strong>In</strong></span> <span class='ocrx_word' id='word_1_199' title='bbox 3099 1172 3316 1229; x_wconf 82' lang='lat' dir='ltr'><strong>Christo</strong></span> <span class='ocrx_word' id='word_1_200' title='bbox 3341 1175 3522 1246; x_wconf 85' lang='lat' dir='ltr'><strong>itaque</strong></span> <span class='ocrx_word' id='word_1_201' title='bbox 3547 1191 3653 1231; x_wconf 89' lang='lat' dir='ltr'><strong>non</strong></span> 
     </span>
    </p>
   </div>
   <div class='ocr_carea' id='block_1_27' title="bbox 2053 1265 3658 1340">
    <p class='ocr_par' dir='ltr' id='par_1_27' title="bbox 2053 1265 3658 1340">
     <span class='ocr_line' id='line_1_27' title="bbox 2053 1265 3658 1340; baseline 0.002 -20"><span class='ocrx_word' id='word_1_202' title='bbox 2053 1265 2310 1331; x_wconf 89' lang='lat' dir='ltr'><strong>mentior,</strong></span> <span class='ocrx_word' id='word_1_203' title='bbox 2343 1266 2467 1338; x_wconf 88' lang='lat' dir='ltr'><strong>quia</strong></span> <span class='ocrx_word' id='word_1_204' title='bbox 2511 1265 2807 1336; x_wconf 88' lang='lat' dir='ltr'><strong>discipulus</strong></span> <span class='ocrx_word' id='word_1_205' title='bbox 2838 1265 2915 1339; x_wconf 86' lang='lat' dir='ltr'><strong>(g)</strong></span> <span class='ocrx_word' id='word_1_206' title='bbox 2947 1266 3226 1331; x_wconf 86' lang='lat' dir='ltr'><strong>veritatis,</strong></span> <span class='ocrx_word' id='word_1_207' title='bbox 3260 1271 3415 1323; x_wconf 87' lang='lat' dir='ltr'><strong>testis</strong></span> <span class='ocrx_word' id='word_1_208' title='bbox 3443 1283 3658 1340; x_wconf 89' lang='lat' dir='ltr'><strong>quoque</strong></span> 
     </span>
    </p>
   </div>
   <div class='ocr_carea' id='block_1_28' title="bbox 2056 1360 3659 1436">
    <p class='ocr_par' dir='ltr' id='par_1_28' title="bbox 2056 1360 3659 1436">
     <span class='ocr_line' id='line_1_28' title="bbox 2056 1360 3659 1436; baseline 0.002 -20"><span class='ocrx_word' id='word_1_209' title='bbox 2056 1375 2200 1417; x_wconf 88' lang='lat' dir='ltr'><strong>nunc</strong></span> <span class='ocrx_word' id='word_1_210' title='bbox 2223 1360 2484 1417; x_wconf 82' lang='lat' dir='ltr'><strong>veritatis.</strong></span> <span class='ocrx_word' id='word_1_211' title='bbox 2507 1361 2716 1417; x_wconf 84' lang='lat' dir='ltr'><strong>Assisto</strong></span> <span class='ocrx_word' id='word_1_212' title='bbox 2742 1361 2851 1432; x_wconf 87' lang='lat' dir='ltr'><strong>(die</strong></span> <span class='ocrx_word' id='word_1_213' title='bbox 2873 1361 2943 1416; x_wconf 67' lang='lat' dir='ltr'><strong>i7</strong></span> <span class='ocrx_word' id='word_1_214' title='bbox 2974 1361 3121 1432; x_wconf 88' lang='lat' dir='ltr'><strong>Sept.</strong></span> <span class='ocrx_word' id='word_1_215' title='bbox 3146 1379 3234 1418; x_wconf 88' lang='lat' dir='ltr'><strong>an.</strong></span> <span class='ocrx_word' id='word_1_216' title='bbox 3261 1361 3392 1436; x_wconf 78' lang='lat'><strong>559)</strong></span> <span class='ocrx_word' id='word_1_217' title='bbox 3410 1362 3659 1420; x_wconf 87' lang='lat' dir='ltr'><strong>Orienta-</strong></span> 
     </span>
    </p>
   </div>
   <div class='ocr_carea' id='block_1_29' title="bbox 2055 1451 3659 1530">
    <p class='ocr_par' dir='ltr' id='par_1_29' title="bbox 2055 1451 3659 1530">
     <span class='ocr_line' id='line_1_29' title="bbox 2055 1451 3659 1530; baseline 0.005 -23"><span class='ocrx_word' id='word_1_218' title='bbox 2055 1451 2186 1508; x_wconf 90' lang='lat' dir='ltr'><strong>lium</strong></span> <span class='ocrx_word' id='word_1_219' title='bbox 2213 1452 2269 1508; x_wconf 90' lang='lat' dir='ltr'><strong>in</strong></span> <span class='ocrx_word' id='word_1_220' title='bbox 2294 1452 2540 1509; x_wconf 85' lang='lat' dir='ltr'><strong>Seleucia</strong></span> <span class='ocrx_word' id='word_1_221' title='bbox 2571 1453 2804 1526; x_wconf 85' lang='lat' dir='ltr'><strong>synodo,</strong></span> <span class='ocrx_word' id='word_1_222' title='bbox 2836 1454 2924 1510; x_wconf 90' lang='lat' dir='ltr'><strong>ubi</strong></span> <span class='ocrx_word' id='word_1_223' title='bbox 2950 1456 3127 1527; x_wconf 90' lang='lat' dir='ltr'><strong>reperi</strong></span> <span class='ocrx_word' id='word_1_224' title='bbox 3163 1465 3369 1512; x_wconf 89' lang='lat' dir='ltr'><strong>tantum</strong></span> <span class='ocrx_word' id='word_1_225' title='bbox 3398 1457 3659 1530; x_wconf 88' lang='lat' dir='ltr'><strong>blasphe-</strong></span> 
     </span>
    </p>
   </div>
   <div class='ocr_carea' id='block_1_30' title="bbox 2054 1547 3658 1625">
    <p class='ocr_par' dir='ltr' id='par_1_30' title="bbox 2054 1547 3658 1625">
     <span class='ocr_line' id='line_1_30' title="bbox 2054 1547 3658 1625; baseline 0.003 -21"><span class='ocrx_word' id='word_1_226' title='bbox 2054 1563 2299 1616; x_wconf 88' lang='lat' dir='ltr'><strong>morum,</strong></span> <span class='ocrx_word' id='word_1_227' title='bbox 2327 1556 2586 1620; x_wconf 90' lang='lat' dir='ltr'><strong>quantum</strong></span> <span class='ocrx_word' id='word_1_228' title='bbox 2631 1547 2945 1605; x_wconf 90' lang='lat' dir='ltr'><strong>Constantio</strong></span> <span class='ocrx_word' id='word_1_229' title='bbox 2973 1549 3237 1621; x_wconf 81' lang='lat' dir='ltr'><strong>placebat.</strong></span> <span class='ocrx_word' id='word_1_230' title='bbox 3265 1550 3398 1607; x_wconf 85' lang='lat' dir='ltr'><strong>Nam</strong></span> <span class='ocrx_word' id='word_1_231' title='bbox 3433 1551 3513 1625; x_wconf 94' lang='lat' dir='ltr'><strong>(h)</strong></span> <span class='ocrx_word' id='word_1_232' title='bbox 3545 1553 3658 1623; x_wconf 87' lang='lat' dir='ltr'><strong>pri-</strong></span> 
     </span>
    </p>
   </div>
   <div class='ocr_carea' id='block_1_31' title="bbox 2055 1643 3659 1715">
    <p class='ocr_par' dir='ltr' id='par_1_31' title="bbox 2055 1643 3659 1715">
     <span class='ocr_line' id='line_1_31' title="bbox 2055 1643 3659 1715; baseline 0.003 -18"><span class='ocrx_word' id='word_1_233' title='bbox 2055 1658 2143 1699; x_wconf 90' lang='lat' dir='ltr'><strong>ma</strong></span> <span class='ocrx_word' id='word_1_234' title='bbox 2189 1644 2499 1702; x_wconf 89' lang='lat' dir='ltr'><strong>secessione</strong></span> <span class='ocrx_word' id='word_1_235' title='bbox 2548 1643 2602 1699; x_wconf 93' lang='lat' dir='ltr'><strong>in</strong></span> <span class='ocrx_word' id='word_1_236' title='bbox 2640 1657 2705 1700; x_wconf 91' lang='lat' dir='ltr'><strong>ea</strong></span> <span class='ocrx_word' id='word_1_237' title='bbox 2755 1644 2817 1715; x_wconf 92' lang='lat' dir='ltr'><strong>(i)</strong></span> <span class='ocrx_word' id='word_1_238' title='bbox 2865 1643 3240 1715; x_wconf 88' lang='lat' dir='ltr'><strong>deprehendi,</strong></span> <span class='ocrx_word' id='word_1_239' title='bbox 3313 1656 3372 1702; x_wconf 90' lang='lat' dir='ltr'><strong>ut</strong></span> <span class='ocrx_word' id='word_1_240' title='bbox 3441 1654 3659 1702; x_wconf 91' lang='lat' dir='ltr'><strong>centum</strong></span> 
     </span>
    </p>
   </div>
   <div class='ocr_carea' id='block_1_32' title="bbox 426 1794 3665 1875">
    <p class='ocr_par' dir='ltr' id='par_1_32' title="bbox 426 1794 3665 1875">
     <span class='ocr_line' id='line_1_32' title="bbox 426 1794 3665 1875; baseline 0.005 -25"><span class='ocrx_word' id='word_1_241' title='bbox 426 1794 504 1869; x_wconf 88' lang='lat' dir='ltr'><strong>(a)</strong></span> <span class='ocrx_word' id='word_1_242' title='bbox 523 1795 878 1875; x_wconf 59' lang='lat' dir='ltr'><strong>Soluscodcx</strong></span> <span class='ocrx_word' id='word_1_243' title='bbox 906 1797 1117 1856; x_wconf 80' lang='lat' dir='ltr'><strong>Martia.</strong></span> <span class='ocrx_word' id='word_1_244' title='bbox 1149 1809 1614 1875; x_wconf 74' lang='lat' dir='ltr'><strong>concorporatus...</strong></span> <span class='ocrx_word' id='word_1_245' title='bbox 1654 1801 1952 1875; x_wconf 73' lang='lat' dir='ltr'><strong>discessisti,</strong></span> <span class='ocrx_word' id='word_1_246' title='bbox 1984 1802 2034 1865; x_wconf 92' lang='lat' dir='ltr'><strong>B</strong></span> <span class='ocrx_word' id='word_1_247' title='bbox 2060 1804 2227 1875; x_wconf 85' lang='lat' dir='ltr'><strong>prima</strong></span> <span class='ocrx_word' id='word_1_248' title='bbox 2266 1804 2549 1859; x_wconf 82' lang='lat' dir='ltr'><strong>secessione</strong></span> <span class='ocrx_word' id='word_1_249' title='bbox 2578 1819 2721 1867; x_wconf 82' lang='lat' dir='ltr'><strong>mea,</strong></span> <span class='ocrx_word' id='word_1_250' title='bbox 2750 1802 2835 1859; x_wconf 91' lang='lat' dir='ltr'><strong>vel</strong></span> <span class='ocrx_word' id='word_1_251' title='bbox 2858 1803 2931 1875; x_wconf 81' lang='lat' dir='ltr'><strong>in</strong></span> <span class='ocrx_word' id='word_1_252' title='bbox 2961 1819 3053 1873; x_wconf 86' lang='lat' dir='ltr'><strong>ea;</strong></span> <span class='ocrx_word' id='word_1_253' title='bbox 3084 1815 3377 1873; x_wconf 87' lang='lat' dir='ltr'><strong>utrumque</strong></span> <span class='ocrx_word' id='word_1_254' title='bbox 3414 1808 3561 1865; x_wconf 90' lang='lat' dir='ltr'><strong>enim</strong></span> <span class='ocrx_word' id='word_1_255' title='bbox 3612 1810 3665 1866; x_wconf 93' lang='lat' dir='ltr'><strong>in</strong></span> 
     </span>
    </p>
   </div>
   <div class='ocr_carea' id='block_1_33' title="bbox 348 1869 1949 1940">
    <p class='ocr_par' dir='ltr' id='par_1_33' title="bbox 348 1869 1949 1940">
     <span class='ocr_line' id='line_1_33' title="bbox 348 1869 1949 1940; baseline 0.001 -15"><span class='ocrx_word' id='word_1_256' title='bbox 348 1879 623 1939; x_wconf 86' lang='lat' dir='ltr'><strong>corrupte.</strong></span> <span class='ocrx_word' id='word_1_257' title='bbox 657 1869 1063 1940; x_wconf 86' lang='lat' dir='ltr'><strong>Coucorporatos</strong></span> <span class='ocrx_word' id='word_1_258' title='bbox 1086 1883 1242 1929; x_wconf 86' lang='lat' dir='ltr'><strong>vocat</strong></span> <span class='ocrx_word' id='word_1_259' title='bbox 1263 1869 1496 1928; x_wconf 83' lang='lat' dir='ltr'><strong>Hilarius</strong></span> <span class='ocrx_word' id='word_1_260' title='bbox 1522 1874 1847 1938; x_wconf 84' lang='lat' dir='ltr'><strong>sacerdotes,</strong></span> <span class='ocrx_word' id='word_1_261' title='bbox 1879 1875 1949 1929; x_wconf 91' lang='lat' dir='ltr'><strong>ob</strong></span> 
     </span>
    </p>
   </div>
   <div class='ocr_carea' id='block_1_34' title="bbox 350 1942 1950 2017">
    <p class='ocr_par' dir='ltr' id='par_1_34' title="bbox 350 1942 1950 2017">
     <span class='ocr_line' id='line_1_34' title="bbox 350 1942 1950 2017; baseline 0.006 -25"><span class='ocrx_word' id='word_1_262' title='bbox 350 1952 553 2017; x_wconf 77' lang='lat' dir='ltr'><strong>corpus</strong></span> <span class='ocrx_word' id='word_1_263' title='bbox 583 1942 790 1998; x_wconf 88' lang='lat' dir='ltr'><strong>Domini</strong></span> <span class='ocrx_word' id='word_1_264' title='bbox 821 1944 961 2017; x_wconf 87' lang='lat' dir='ltr'><strong>quod</strong></span> <span class='ocrx_word' id='word_1_265' title='bbox 992 1959 1057 2000; x_wconf 80' lang='lat' dir='ltr'><strong>ex</strong></span> <span class='ocrx_word' id='word_1_266' title='bbox 1084 1944 1236 2000; x_wconf 81' lang='lat' dir='ltr'><strong>altari</strong></span> <span class='ocrx_word' id='word_1_267' title='bbox 1264 1946 1565 2017; x_wconf 77' lang='lat' dir='ltr'><strong>percipiunt</strong></span> <span class='ocrx_word' id='word_1_268' title='bbox 1592 1967 1603 2002; x_wconf 91' lang='lat'>:</span> <span class='ocrx_word' id='word_1_269' title='bbox 1633 1962 1662 2000; x_wconf 87' lang='lat' dir='ltr'><strong>a</strong></span> <span class='ocrx_word' id='word_1_270' title='bbox 1691 1962 1796 2017; x_wconf 85' lang='lat' dir='ltr'><strong>quo</strong></span> <span class='ocrx_word' id='word_1_271' title='bbox 1826 1961 1950 2002; x_wconf 89' lang='lat' dir='ltr'><strong>cum</strong></span> 
     </span>
    </p>
   </div>
   <div class='ocr_carea' id='block_1_35' title="bbox 350 2012 1948 2086">
    <p class='ocr_par' dir='ltr' id='par_1_35' title="bbox 350 2012 1948 2086">
     <span class='ocr_line' id='line_1_35' title="bbox 350 2012 1948 2086; baseline 0.004 -19"><span class='ocrx_word' id='word_1_272' title='bbox 350 2012 697 2086; x_wconf 81' lang='lat' dir='ltr'><strong>divelluutur,</strong></span> <span class='ocrx_word' id='word_1_273' title='bbox 742 2030 773 2076; x_wconf 70' lang='grc' dir='ltr'><strong>ιι</strong></span> <span class='ocrx_word' id='word_1_274' title='bbox 821 2012 1040 2071; x_wconf 65' lang='lat' dir='ltr'><strong>Christo</strong></span> <span class='ocrx_word' id='word_1_275' title='bbox 1066 2012 1296 2086; x_wconf 85' lang='lat' dir='ltr'><strong>quodam</strong></span> <span class='ocrx_word' id='word_1_276' title='bbox 1346 2012 1507 2072; x_wconf 80' lang='lat' dir='ltr'><strong>modo</strong></span> <span class='ocrx_word' id='word_1_277' title='bbox 1533 2012 1948 2074; x_wconf 74' lang='lat' dir='ltr'><strong>&#39;discindnutur.</strong></span> 
     </span>
    </p>
   </div>
   <div class='ocr_carea' id='block_1_36' title="bbox 351 2084 1952 2161">
    <p class='ocr_par' dir='ltr' id='par_1_36' title="bbox 351 2084 1952 2161">
     <span class='ocr_line' id='line_1_36' title="bbox 351 2084 1952 2161; baseline 0.004 -22"><span class='ocrx_word' id='word_1_278' title='bbox 351 2084 533 2142; x_wconf 80' lang='lat' dir='ltr'><strong>Altare</strong></span> <span class='ocrx_word' id='word_1_279' title='bbox 558 2087 928 2161; x_wconf 82' lang='lat' dir='ltr'><strong>enim,_i_nquit</strong></span> <span class='ocrx_word' id='word_1_280' title='bbox 955 2084 1203 2161; x_wconf 23' lang='lat' dir='ltr'><strong>tha’tus,</strong></span> <span class='ocrx_word' id='word_1_281' title='bbox 1235 2091 1326 2143; x_wconf 89' lang='lat' dir='ltr'><strong>lib.</strong></span> <span class='ocrx_word' id='word_1_282' title='bbox 1352 2106 1427 2157; x_wconf 81' lang='lat' dir='ltr'><strong>Vl,</strong></span> <span class='ocrx_word' id='word_1_283' title='bbox 1454 2091 1599 2146; x_wconf 87' lang='lat' dir='ltr'><strong>sedes</strong></span> <span class='ocrx_word' id='word_1_284' title='bbox 1627 2102 1699 2146; x_wconf 88' lang='lat' dir='ltr'><strong>est</strong></span> <span class='ocrx_word' id='word_1_285' title='bbox 1721 2092 1952 2161; x_wconf 88' lang='lat' dir='ltr'><strong>corporis</strong></span> 
     </span>
    </p>
   </div>
   <div class='ocr_carea' id='block_1_37' title="bbox 353 2157 1954 2229">
    <p class='ocr_par' dir='ltr' id='par_1_37' title="bbox 353 2157 1954 2229">
     <span class='ocr_line' id='line_1_37' title="bbox 353 2157 1954 2229; baseline 0.002 -18"><span class='ocrx_word' id='word_1_286' title='bbox 353 2168 402 2211; x_wconf 90' lang='lat' dir='ltr'><strong>et</strong></span> <span class='ocrx_word' id='word_1_287' title='bbox 428 2159 693 2229; x_wconf 80' lang='lat' dir='ltr'><strong>sanguinis</strong></span> <span class='ocrx_word' id='word_1_288' title='bbox 719 2157 931 2215; x_wconf 74' lang='lat' dir='ltr'><strong>Christi.</strong></span> <span class='ocrx_word' id='word_1_289' title='bbox 964 2157 1114 2216; x_wconf 88' lang='lat' dir='ltr'><strong>Unde</strong></span> <span class='ocrx_word' id='word_1_290' title='bbox 1136 2171 1189 2215; x_wconf 90' lang='lat' dir='ltr'><strong>et</strong></span> <span class='ocrx_word' id='word_1_291' title='bbox 1215 2169 1400 2219; x_wconf 88' lang='lat' dir='ltr'><strong>contra</strong></span> <span class='ocrx_word' id='word_1_292' title='bbox 1427 2163 1676 2218; x_wconf 85' lang='lat' dir='ltr'><strong>altarium</strong></span> <span class='ocrx_word' id='word_1_293' title='bbox 1704 2157 1954 2216; x_wconf 77' lang='lat' dir='ltr'><strong>cll‘racto-</strong></span> 
     </span>
    </p>
   </div>
   <div class='ocr_carea' id='block_1_38' title="bbox 354 2229 1955 2307">
    <p class='ocr_par' dir='ltr' id='par_1_38' title="bbox 354 2229 1955 2307">
     <span class='ocr_line' id='line_1_38' title="bbox 354 2229 1955 2307; baseline 0.002 -24"><span class='ocrx_word' id='word_1_294' title='bbox 354 2244 446 2284; x_wconf 86' lang='lat' dir='ltr'><strong>rcs</strong></span> <span class='ocrx_word' id='word_1_295' title='bbox 474 2230 689 2297; x_wconf 83' lang='lat' dir='ltr'><strong>sttbjicit</strong></span> <span class='ocrx_word' id='word_1_296' title='bbox 716 2248 729 2284; x_wconf 89' lang='lat'><strong>:</strong></span> <span class='ocrx_word' id='word_1_297' title='bbox 765 2229 902 2297; x_wconf 84' lang='lat' dir='ltr'><strong>Quid</strong></span> <span class='ocrx_word' id='word_1_298' title='bbox 933 2249 1017 2287; x_wconf 77' lang='lat' dir='ltr'><strong>vos</strong></span> <span class='ocrx_word' id='word_1_299' title='bbox 1049 2231 1331 2299; x_wconf 77' lang='lat' dir='ltr'><strong>olfenderat</strong></span> <span class='ocrx_word' id='word_1_300' title='bbox 1360 2232 1594 2307; x_wconf 80' lang='lat' dir='ltr'><strong>Christus</strong></span> <span class='ocrx_word' id='word_1_301' title='bbox 1614 2277 1625 2292; x_wconf 86' lang='lat'><strong>.</strong></span> <span class='ocrx_word' id='word_1_302' title='bbox 1657 2237 1805 2307; x_wconf 75' lang='lat' dir='ltr'><strong>cujus</strong></span> <span class='ocrx_word' id='word_1_303' title='bbox 1818 2232 1955 2307; x_wconf 75' lang='lat' dir='ltr'><strong>_illic</strong></span> 
     </span>
    </p>
   </div>
   <div class='ocr_carea' id='block_1_39' title="bbox 357 2305 1954 2375">
    <p class='ocr_par' dir='ltr' id='par_1_39' title="bbox 357 2305 1954 2375">
     <span class='ocr_line' id='line_1_39' title="bbox 357 2305 1954 2375; baseline 0.004 -22"><span class='ocrx_word' id='word_1_304' title='bbox 357 2314 450 2371; x_wconf 75' lang='lat' dir='ltr'><strong>per</strong></span> <span class='ocrx_word' id='word_1_305' title='bbox 487 2312 627 2375; x_wconf 77' lang='lat' dir='ltr'><strong>certa</strong></span> <span class='ocrx_word' id='word_1_306' title='bbox 663 2313 917 2357; x_wconf 79' lang='lat' dir='ltr'><strong>momenta</strong></span> <span class='ocrx_word' id='word_1_307' title='bbox 944 2320 1130 2374; x_wconf 83' lang='lat' dir='ltr'><strong>corpus</strong></span> <span class='ocrx_word' id='word_1_308' title='bbox 1156 2316 1201 2359; x_wconf 88' lang='lat' dir='ltr'><strong>et</strong></span> <span class='ocrx_word' id='word_1_309' title='bbox 1236 2309 1444 2375; x_wconf 83' lang='lat' dir='ltr'><strong>sanguis</strong></span> <span class='ocrx_word' id='word_1_310' title='bbox 1486 2305 1789 2360; x_wconf 76' lang='lat' dir='ltr'><strong>habitabat?</strong></span> <span class='ocrx_word' id='word_1_311' title='bbox 1817 2305 1954 2360; x_wconf 89' lang='lat' dir='ltr'><strong>Tum</strong></span> 
     </span>
    </p>
   </div>
   <div class='ocr_carea' id='block_1_40' title="bbox 357 2374 1955 2447">
    <p class='ocr_par' dir='ltr' id='par_1_40' title="bbox 357 2374 1955 2447">
     <span class='ocr_line' id='line_1_40' title="bbox 357 2374 1955 2447; baseline 0.002 -17"><span class='ocrx_word' id='word_1_312' title='bbox 357 2387 455 2447; x_wconf 74' lang='lat' dir='ltr'><strong>eos</strong></span> <span class='ocrx_word' id='word_1_313' title='bbox 486 2374 670 2429; x_wconf 82' lang='lat' dir='ltr'><strong>Ililnl‘ii</strong></span> <span class='ocrx_word' id='word_1_314' title='bbox 702 2376 885 2447; x_wconf 77' lang='lat' dir='ltr'><strong>nostri</strong></span> <span class='ocrx_word' id='word_1_315' title='bbox 917 2391 1068 2433; x_wconf 89' lang='lat' dir='ltr'><strong>more</strong></span> <span class='ocrx_word' id='word_1_316' title='bbox 1112 2392 1233 2431; x_wconf 91' lang='lat' dir='ltr'><strong>cum</strong></span> <span class='ocrx_word' id='word_1_317' title='bbox 1262 2374 1462 2433; x_wconf 61' lang='lat' dir='ltr'><strong>ludatis</strong></span> <span class='ocrx_word' id='word_1_318' title='bbox 1489 2393 1810 2447; x_wconf 84' lang='lat' dir='ltr'><strong>comparans</strong></span> <span class='ocrx_word' id='word_1_319' title='bbox 1840 2379 1914 2432; x_wconf 86' lang='lat' dir='ltr'><strong>ait</strong></span> <span class='ocrx_word' id='word_1_320' title='bbox 1940 2394 1955 2433; x_wconf 90' lang='lat'><strong>:</strong></span> 
     </span>
    </p>
   </div>
   <div class='ocr_carea' id='block_1_41' title="bbox 363 2443 1957 2533">
    <p class='ocr_par' dir='ltr' id='par_1_41' title="bbox 363 2443 1957 2533">
     <span class='ocr_line' id='line_1_41' title="bbox 363 2443 1957 2533; baseline 0.005 -37"><span class='ocrx_word' id='word_1_321' title='bbox 363 2443 484 2533; x_wconf 42' lang='lat' dir='ltr'><strong>ll&#39;oc.</strong></span> <span class='ocrx_word' id='word_1_322' title='bbox 507 2446 656 2527; x_wconf 79' lang='lat' dir='ltr'><strong>modo</strong></span> <span class='ocrx_word' id='word_1_323' title='bbox 682 2445 896 2501; x_wconf 77' lang='lat' dir='ltr'><strong>Judceos</strong></span> <span class='ocrx_word' id='word_1_324' title='bbox 926 2449 1049 2533; x_wconf 73' lang='lat' dir='ltr'><strong>estis</strong></span> <span class='ocrx_word' id='word_1_325' title='bbox 1089 2449 1291 2503; x_wconf 82' lang='lat' dir='ltr'><strong>imitati.</strong></span> <span class='ocrx_word' id='word_1_326' title='bbox 1336 2447 1423 2503; x_wconf 87' lang='lat' dir='ltr'><strong>Illi</strong></span> <span class='ocrx_word' id='word_1_327' title='bbox 1452 2443 1736 2533; x_wconf 56' lang='lat' dir='ltr'><strong>iniecerunt</strong></span> <span class='ocrx_word' id='word_1_328' title='bbox 1774 2466 1957 2533; x_wconf 57' lang='lat' dir='ltr'><strong>{nanus</strong></span> 
     </span>
    </p>
   </div>
   <div class='ocr_carea' id='block_1_42' title="bbox 361 2516 1961 2591">
    <p class='ocr_par' dir='ltr' id='par_1_42' title="bbox 361 2516 1961 2591">
     <span class='ocr_line' id='line_1_42' title="bbox 361 2516 1961 2591; baseline 0.004 -22"><span class='ocrx_word' id='word_1_329' title='bbox 361 2516 562 2570; x_wconf 78' lang='lat' dir='ltr'><strong>Christo</strong></span> <span class='ocrx_word' id='word_1_330' title='bbox 589 2519 641 2572; x_wconf 88' lang='lat' dir='ltr'><strong>in</strong></span> <span class='ocrx_word' id='word_1_331' title='bbox 667 2535 853 2591; x_wconf 80' lang='lat' dir='ltr'><strong>cruce:</strong></span> <span class='ocrx_word' id='word_1_332' title='bbox 881 2537 912 2572; x_wconf 90' lang='lat' dir='ltr'><strong>a</strong></span> <span class='ocrx_word' id='word_1_333' title='bbox 938 2518 1075 2575; x_wconf 79' lang='lat' dir='ltr'><strong>vobis</strong></span> <span class='ocrx_word' id='word_1_334' title='bbox 1100 2536 1368 2591; x_wconf 80' lang='lat' dir='ltr'><strong>percussus</strong></span> <span class='ocrx_word' id='word_1_335' title='bbox 1387 2533 1461 2576; x_wconf 89' lang='lat' dir='ltr'><strong>est</strong></span> <span class='ocrx_word' id='word_1_336' title='bbox 1491 2516 1545 2575; x_wconf 77' lang='lat' dir='ltr'><strong>in</strong></span> <span class='ocrx_word' id='word_1_337' title='bbox 1570 2522 1744 2577; x_wconf 82' lang='lat' dir='ltr'><strong>altari.</strong></span> <span class='ocrx_word' id='word_1_338' title='bbox 1775 2521 1961 2591; x_wconf 86' lang='lat' dir='ltr'><strong>Neque</strong></span> 
     </span>
    </p>
   </div>
   <div class='ocr_carea' id='block_1_43' title="bbox 362 2590 1962 2661">
    <p class='ocr_par' dir='ltr' id='par_1_43' title="bbox 362 2590 1962 2661">
     <span class='ocr_line' id='line_1_43' title="bbox 362 2590 1962 2661; baseline 0.006 -23"><span class='ocrx_word' id='word_1_339' title='bbox 362 2603 490 2661; x_wconf 80' lang='lat' dir='ltr'><strong>vero</strong></span> <span class='ocrx_word' id='word_1_340' title='bbox 541 2591 702 2643; x_wconf 88' lang='lat' dir='ltr'><strong>ambo</strong></span> <span class='ocrx_word' id='word_1_341' title='bbox 745 2590 1055 2646; x_wconf 66' lang='lat' dir='ltr'><strong>indicarunt</strong></span> <span class='ocrx_word' id='word_1_342' title='bbox 1100 2590 1299 2648; x_wconf 79' lang='lat' dir='ltr'><strong>sceleri</strong></span> <span class='ocrx_word' id='word_1_343' title='bbox 1359 2603 1506 2649; x_wconf 90' lang='lat' dir='ltr'><strong>recte</strong></span> <span class='ocrx_word' id='word_1_344' title='bbox 1552 2600 1962 2661; x_wconf 79' lang='lat' dir='ltr'><strong>comparassent</strong></span> 
     </span>
    </p>
   </div>
   <div class='ocr_carea' id='block_1_44' title="bbox 363 2660 1962 2731">
    <p class='ocr_par' dir='ltr' id='par_1_44' title="bbox 363 2660 1962 2731">
     <span class='ocr_line' id='line_1_44' title="bbox 363 2660 1962 2731; baseline 0.001 -14"><span class='ocrx_word' id='word_1_345' title='bbox 363 2660 683 2721; x_wconf 80' lang='lat' dir='ltr'><strong>Arianorum</strong></span> <span class='ocrx_word' id='word_1_346' title='bbox 704 2663 1166 2719; x_wconf 87' lang='lat' dir='ltr'><strong>Donatistarumve</strong></span> <span class='ocrx_word' id='word_1_347' title='bbox 1187 2663 1414 2731; x_wconf 85' lang='lat' dir='ltr'><strong>crimen,</strong></span> <span class='ocrx_word' id='word_1_348' title='bbox 1436 2665 1536 2720; x_wconf 76' lang='lat' dir='ltr'><strong>llial</strong></span> <span class='ocrx_word' id='word_1_349' title='bbox 1557 2660 1742 2722; x_wconf 80' lang='lat' dir='ltr'><strong>verum</strong></span> <span class='ocrx_word' id='word_1_350' title='bbox 1764 2664 1962 2721; x_wconf 78' lang='lat' dir='ltr'><strong>Christi</strong></span> 
     </span>
    </p>
   </div>
   <div class='ocr_carea' id='block_1_45' title="bbox 362 2734 1425 2804">
    <p class='ocr_par' dir='ltr' id='par_1_45' title="bbox 362 2734 1425 2804">
     <span class='ocr_line' id='line_1_45' title="bbox 362 2734 1425 2804; baseline -0.001 -18"><span class='ocrx_word' id='word_1_351' title='bbox 362 2746 560 2804; x_wconf 82' lang='lat' dir='ltr'><strong>corpus</strong></span> <span class='ocrx_word' id='word_1_352' title='bbox 587 2750 651 2788; x_wconf 80' lang='lat' dir='ltr'><strong>ex</strong></span> <span class='ocrx_word' id='word_1_353' title='bbox 680 2734 831 2789; x_wconf 87' lang='lat' dir='ltr'><strong>altari</strong></span> <span class='ocrx_word' id='word_1_354' title='bbox 858 2735 1025 2804; x_wconf 91' lang='lat' dir='ltr'><strong>accipi</strong></span> <span class='ocrx_word' id='word_1_355' title='bbox 1051 2737 1425 2791; x_wconf 78' lang='lat' dir='ltr'><strong>credidissent.</strong></span> 
     </span>
    </p>
   </div>
   <div class='ocr_carea' id='block_1_46' title="bbox 460 2802 1964 2878">
    <p class='ocr_par' dir='ltr' id='par_1_46' title="bbox 460 2802 1964 2878">
     <span class='ocr_line' id='line_1_46' title="bbox 460 2802 1964 2878; baseline 0.003 -21"><span class='ocrx_word' id='word_1_356' title='bbox 460 2802 512 2875; x_wconf 88' lang='lat' dir='ltr'><strong>b)</strong></span> <span class='ocrx_word' id='word_1_357' title='bbox 551 2805 722 2874; x_wconf 86' lang='lat' dir='ltr'><strong>Quam</strong></span> <span class='ocrx_word' id='word_1_358' title='bbox 771 2802 1072 2867; x_wconf 79' lang='lat' dir='ltr'><strong>malitiose.</strong></span> <span class='ocrx_word' id='word_1_359' title='bbox 1124 2824 1283 2878; x_wconf 87' lang='lat' dir='ltr'><strong>qttatn</strong></span> <span class='ocrx_word' id='word_1_360' title='bbox 1327 2808 1622 2876; x_wconf 86' lang='lat' dir='ltr'><strong>violenter,</strong></span> <span class='ocrx_word' id='word_1_361' title='bbox 1657 2808 1779 2864; x_wconf 90' lang='lat' dir='ltr'><strong>vide</strong></span> <span class='ocrx_word' id='word_1_362' title='bbox 1822 2806 1964 2877; x_wconf 85' lang='lat' dir='ltr'><strong>apud</strong></span> 
     </span>
    </p>
   </div>
   <div class='ocr_carea' id='block_1_47' title="bbox 363 2875 1965 2950">
    <p class='ocr_par' dir='ltr' id='par_1_47' title="bbox 363 2875 1965 2950">
     <span class='ocr_line' id='line_1_47' title="bbox 363 2875 1965 2950; baseline 0.003 -22"><span class='ocrx_word' id='word_1_363' title='bbox 363 2875 627 2950; x_wconf 47' lang='lat' dir='ltr'><strong>Albanas.</strong></span> <span class='ocrx_word' id='word_1_364' title='bbox 661 2878 725 2931; x_wconf 92' lang='lat' dir='ltr'><strong>ad</strong></span> <span class='ocrx_word' id='word_1_365' title='bbox 752 2877 891 2945; x_wconf 86' lang='lat' dir='ltr'><strong>So|.,</strong></span> <span class='ocrx_word' id='word_1_366' title='bbox 921 2894 972 2949; x_wconf 92' lang='lat' dir='ltr'><strong>p.</strong></span> <span class='ocrx_word' id='word_1_367' title='bbox 999 2875 1248 2950; x_wconf 47' lang='lat' dir='ltr'><strong>832fuhi</strong></span> <span class='ocrx_word' id='word_1_368' title='bbox 1284 2889 1403 2950; x_wconf 90' lang='lat' dir='ltr'><strong>post</strong></span> <span class='ocrx_word' id='word_1_369' title='bbox 1429 2882 1594 2934; x_wconf 84' lang='lat' dir='ltr'><strong>multa</strong></span> <span class='ocrx_word' id='word_1_370' title='bbox 1624 2898 1637 2933; x_wconf 88' lang='lat'><strong>:</strong></span> <span class='ocrx_word' id='word_1_371' title='bbox 1667 2877 1827 2950; x_wconf 80' lang='lat' dir='ltr'><strong>Coepit</strong></span> <span class='ocrx_word' id='word_1_372' title='bbox 1857 2875 1965 2933; x_wconf 80' lang='lat' dir='ltr'><strong>tum</strong></span> 
     </span>
    </p>
   </div>
   <div class='ocr_carea' id='block_1_48' title="bbox 364 2945 1966 3022">
    <p class='ocr_par' dir='ltr' id='par_1_48' title="bbox 364 2945 1966 3022">
     <span class='ocr_line' id='line_1_48' title="bbox 364 2945 1966 3022; baseline 0.001 -19"><span class='ocrx_word' id='word_1_373' title='bbox 364 2945 534 3022; x_wconf 83' lang='lat' dir='ltr'><strong>Roma</strong></span> <span class='ocrx_word' id='word_1_374' title='bbox 591 2945 995 3022; x_wconf 70' lang='lat' dir='ltr'><strong>experimentum</strong></span> <span class='ocrx_word' id='word_1_375' title='bbox 1040 2948 1233 3006; x_wconf 81' lang='lat' dir='ltr'><strong>Christi</strong></span> <span class='ocrx_word' id='word_1_376' title='bbox 1285 2945 1642 3020; x_wconf 69' lang='lat' dir='ltr'><strong>perduellium.</strong></span> <span class='ocrx_word' id='word_1_377' title='bbox 1721 2949 1966 3022; x_wconf 86' lang='lat' dir='ltr'><strong>Cognovit</strong></span> 
     </span>
    </p>
   </div>
   <div class='ocr_carea' id='block_1_49' title="bbox 367 3020 1966 3094">
    <p class='ocr_par' dir='ltr' id='par_1_49' title="bbox 367 3020 1966 3094">
     <span class='ocr_line' id='line_1_49' title="bbox 367 3020 1966 3094; baseline 0.001 -19"><span class='ocrx_word' id='word_1_378' title='bbox 367 3020 601 3094; x_wconf 79' lang='lat' dir='ltr'><strong>tandem,</strong></span> <span class='ocrx_word' id='word_1_379' title='bbox 631 3020 767 3091; x_wconf 77' lang='lat' dir='ltr'><strong>quod</strong></span> <span class='ocrx_word' id='word_1_380' title='bbox 806 3033 956 3079; x_wconf 87' lang='lat' dir='ltr'><strong>antea</strong></span> <span class='ocrx_word' id='word_1_381' title='bbox 985 3040 1088 3078; x_wconf 89' lang='lat' dir='ltr'><strong>non</strong></span> <span class='ocrx_word' id='word_1_382' title='bbox 1115 3023 1379 3092; x_wconf 85' lang='lat' dir='ltr'><strong>crcdebat,</strong></span> <span class='ocrx_word' id='word_1_383' title='bbox 1410 3023 1668 3094; x_wconf 87' lang='lat' dir='ltr'><strong>quomodo</strong></span> <span class='ocrx_word' id='word_1_384' title='bbox 1709 3020 1966 3078; x_wconf 80' lang='lat' dir='ltr'><strong>Ecclest&#39;as</strong></span> 
     </span>
    </p>
   </div>
   <div class='ocr_carea' id='block_1_50' title="bbox 366 3091 1295 3166">
    <p class='ocr_par' dir='ltr' id='par_1_50' title="bbox 366 3091 1295 3166">
     <span class='ocr_line' id='line_1_50' title="bbox 366 3091 1295 3166; baseline 0.003 -21"><span class='ocrx_word' id='word_1_385' title='bbox 366 3091 420 3147; x_wconf 86' lang='lat' dir='ltr'><strong>in</strong></span> <span class='ocrx_word' id='word_1_386' title='bbox 448 3093 668 3166; x_wconf 75' lang='lat' dir='ltr'><strong>singulis</strong></span> <span class='ocrx_word' id='word_1_387' title='bbox 695 3093 900 3149; x_wconf 82' lang='lat' dir='ltr'><strong>urbibus</strong></span> <span class='ocrx_word' id='word_1_388' title='bbox 930 3093 1295 3151; x_wconf 82' lang='lat' dir='ltr'><strong>devastassent.</strong></span> 
     </span>
    </p>
   </div>
   <div class='ocr_carea' id='block_1_51' title="bbox 440 3162 1959 3236">
    <p class='ocr_par' dir='ltr' id='par_1_51' title="bbox 440 3162 1959 3236">
     <span class='ocr_line' id='line_1_51' title="bbox 440 3162 1959 3236; baseline 0.002 -19"><span class='ocrx_word' id='word_1_389' title='bbox 440 3162 512 3236; x_wconf 91' lang='lat' dir='ltr'><strong>(c)</strong></span> <span class='ocrx_word' id='word_1_390' title='bbox 531 3162 635 3221; x_wconf 50' lang='lat' dir='ltr'><strong>&#39;lta</strong></span> <span class='ocrx_word' id='word_1_391' title='bbox 664 3181 794 3222; x_wconf 75' lang='lat' dir='ltr'><strong>mss.</strong></span> <span class='ocrx_word' id='word_1_392' title='bbox 842 3167 910 3220; x_wconf 86' lang='lat' dir='ltr'><strong>At</strong></span> <span class='ocrx_word' id='word_1_393' title='bbox 936 3165 1102 3231; x_wconf 90' lang='lat' dir='ltr'><strong>editi,</strong></span> <span class='ocrx_word' id='word_1_394' title='bbox 1133 3175 1189 3221; x_wconf 87' lang='lat' dir='ltr'><strong>ut</strong></span> <span class='ocrx_word' id='word_1_395' title='bbox 1219 3166 1543 3223; x_wconf 81' lang='lat' dir='ltr'><strong>sanctissimi.</strong></span> <span class='ocrx_word' id='word_1_396' title='bbox 1576 3168 1749 3223; x_wconf 82' lang='lat' dir='ltr'><strong>Antea</strong></span> <span class='ocrx_word' id='word_1_397' title='bbox 1779 3165 1829 3221; x_wconf 87' lang='lat' dir='ltr'><strong>iit</strong></span> <span class='ocrx_word' id='word_1_398' title='bbox 1859 3180 1959 3221; x_wconf 87' lang='lat' dir='ltr'><strong>ms.</strong></span> 
     </span>
    </p>
   </div>
   <div class='ocr_carea' id='block_1_52' title="bbox 368 3234 1432 3310">
    <p class='ocr_par' dir='ltr' id='par_1_52' title="bbox 368 3234 1432 3310">
     <span class='ocr_line' id='line_1_52' title="bbox 368 3234 1432 3310; baseline 0.002 -20"><span class='ocrx_word' id='word_1_399' title='bbox 368 3234 500 3310; x_wconf 16' lang='lat' dir='ltr'><strong>Vat.»</strong></span> <span class='ocrx_word' id='word_1_400' title='bbox 523 3238 663 3310; x_wconf 81' lang='lat' dir='ltr'><strong>bas.,</strong></span> <span class='ocrx_word' id='word_1_401' title='bbox 696 3250 740 3294; x_wconf 81' lang='lat' dir='ltr'><strong>et</strong></span> <span class='ocrx_word' id='word_1_402' title='bbox 766 3239 942 3310; x_wconf 87' lang='lat' dir='ltr'><strong>impie,</strong></span> <span class='ocrx_word' id='word_1_403' title='bbox 969 3255 1072 3294; x_wconf 89' lang='lat' dir='ltr'><strong>non</strong></span> <span class='ocrx_word' id='word_1_404' title='bbox 1097 3242 1219 3310; x_wconf 76' lang='lat' dir='ltr'><strong>etin</strong></span> <span class='ocrx_word' id='word_1_405' title='bbox 1241 3239 1432 3309; x_wconf 87' lang='lat' dir='ltr'><strong>ipsum.</strong></span> 
     </span>
    </p>
   </div>
   <div class='ocr_carea' id='block_1_53' title="bbox 441 3306 1970 3383">
    <p class='ocr_par' dir='ltr' id='par_1_53' title="bbox 441 3306 1970 3383">
     <span class='ocr_line' id='line_1_53' title="bbox 441 3306 1970 3383; baseline 0 -21"><span class='ocrx_word' id='word_1_406' title='bbox 441 3306 518 3383; x_wconf 72' lang='grc' dir='ltr'><strong>(ά)</strong></span> <span class='ocrx_word' id='word_1_407' title='bbox 558 3309 613 3364; x_wconf 90' lang='lat' dir='ltr'><strong>ltt</strong></span> <span class='ocrx_word' id='word_1_408' title='bbox 642 3325 773 3366; x_wconf 82' lang='lat' dir='ltr'><strong>mss.</strong></span> <span class='ocrx_word' id='word_1_409' title='bbox 801 3306 1026 3383; x_wconf 67' lang='lat' dir='ltr'><strong>Martia.</strong></span> <span class='ocrx_word' id='word_1_410' title='bbox 1056 3322 1107 3365; x_wconf 90' lang='lat' dir='ltr'><strong>ct</strong></span> <span class='ocrx_word' id='word_1_411' title='bbox 1130 3306 1312 3376; x_wconf 86' lang='lat' dir='ltr'><strong>C0lb.,</strong></span> <span class='ocrx_word' id='word_1_412' title='bbox 1340 3310 1393 3365; x_wconf 86' lang='lat' dir='ltr'><strong>in</strong></span> <span class='ocrx_word' id='word_1_413' title='bbox 1420 3309 1675 3383; x_wconf 84' lang='lat' dir='ltr'><strong>Christum</strong></span> <span class='ocrx_word' id='word_1_414' title='bbox 1704 3309 1970 3382; x_wconf 85' lang='lat' dir='ltr'><strong>gentilium</strong></span> 
     </span>
    </p>
   </div>
   <div class='ocr_carea' id='block_1_54' title="bbox 366 3380 1967 3454">
    <p class='ocr_par' dir='ltr' id='par_1_54' title="bbox 366 3380 1967 3454">
     <span class='ocr_line' id='line_1_54' title="bbox 366 3380 1967 3454; baseline 0.001 -21"><span class='ocrx_word' id='word_1_415' title='bbox 366 3380 550 3454; x_wconf 66' lang='lat' dir='ltr'><strong>manus</strong></span> <span class='ocrx_word' id='word_1_416' title='bbox 578 3383 768 3438; x_wconf 60' lang='lat' dir='ltr'><strong>missas.</strong></span> <span class='ocrx_word' id='word_1_417' title='bbox 796 3380 854 3437; x_wconf 86' lang='lat' dir='ltr'><strong>In</strong></span> <span class='ocrx_word' id='word_1_418' title='bbox 883 3383 1003 3438; x_wconf 84' lang='lat' dir='ltr'><strong>aliis</strong></span> <span class='ocrx_word' id='word_1_419' title='bbox 1033 3398 1246 3454; x_wconf 80' lang='lat' dir='ltr'><strong>quoque</strong></span> <span class='ocrx_word' id='word_1_420' title='bbox 1273 3400 1375 3439; x_wconf 94' lang='lat' dir='ltr'><strong>non</strong></span> <span class='ocrx_word' id='word_1_421' title='bbox 1411 3382 1673 3452; x_wconf 87' lang='lat' dir='ltr'><strong>repetitur</strong></span> <span class='ocrx_word' id='word_1_422' title='bbox 1699 3380 1751 3435; x_wconf 84' lang='lat' dir='ltr'><strong>in</strong></span> <span class='ocrx_word' id='word_1_423' title='bbox 1775 3383 1967 3454; x_wconf 84' lang='lat' dir='ltr'><strong>ipsum.</strong></span> 
     </span>
    </p>
   </div>
   <div class='ocr_carea' id='block_1_55' title="bbox 368 3451 1967 3523">
    <p class='ocr_par' dir='ltr' id='par_1_55' title="bbox 368 3451 1967 3523">
     <span class='ocr_line' id='line_1_55' title="bbox 368 3451 1967 3523; baseline -0.001 -17"><span class='ocrx_word' id='word_1_424' title='bbox 368 3451 498 3508; x_wconf 47' lang='lat' dir='ltr'><strong>Haec</strong></span> <span class='ocrx_word' id='word_1_425' title='bbox 524 3466 639 3520; x_wconf 87' lang='lat' dir='ltr'><strong>post</strong></span> <span class='ocrx_word' id='word_1_426' title='bbox 666 3456 1026 3510; x_wconf 84' lang='lat' dir='ltr'><strong>Biterrensem</strong></span> <span class='ocrx_word' id='word_1_427' title='bbox 1052 3451 1334 3523; x_wconf 79' lang='lat' dir='ltr'><strong>synodum</strong></span> <span class='ocrx_word' id='word_1_428' title='bbox 1367 3451 1668 3523; x_wconf 85' lang='lat' dir='ltr'><strong>perpetrata</strong></span> <span class='ocrx_word' id='word_1_429' title='bbox 1696 3469 1817 3509; x_wconf 86' lang='lat' dir='ltr'><strong>esse</strong></span> <span class='ocrx_word' id='word_1_430' title='bbox 1845 3452 1967 3507; x_wconf 83' lang='lat' dir='ltr'><strong>nul-</strong></span> 
     </span>
    </p>
   </div>
   <div class='ocr_carea' id='block_1_56' title="bbox 367 3522 1968 3594">
    <p class='ocr_par' dir='ltr' id='par_1_56' title="bbox 367 3522 1968 3594">
     <span class='ocr_line' id='line_1_56' title="bbox 367 3522 1968 3594; baseline 0.001 -16"><span class='ocrx_word' id='word_1_431' title='bbox 367 3524 478 3579; x_wconf 86' lang='lat' dir='ltr'><strong>lum</strong></span> <span class='ocrx_word' id='word_1_432' title='bbox 506 3526 618 3582; x_wconf 90' lang='lat' dir='ltr'><strong>fere</strong></span> <span class='ocrx_word' id='word_1_433' title='bbox 639 3526 858 3585; x_wconf 88' lang='lat' dir='ltr'><strong>dubium</strong></span> <span class='ocrx_word' id='word_1_434' title='bbox 884 3536 986 3581; x_wconf 85' lang='lat' dir='ltr'><strong>est.</strong></span> <span class='ocrx_word' id='word_1_435' title='bbox 1016 3522 1146 3594; x_wconf 84' lang='lat' dir='ltr'><strong>Quis</strong></span> <span class='ocrx_word' id='word_1_436' title='bbox 1173 3542 1301 3581; x_wconf 89' lang='lat' dir='ltr'><strong>vero</strong></span> <span class='ocrx_word' id='word_1_437' title='bbox 1322 3526 1409 3581; x_wconf 89' lang='lat' dir='ltr'><strong>ille</strong></span> <span class='ocrx_word' id='word_1_438' title='bbox 1431 3522 1700 3588; x_wconf 85' lang='lat' dir='ltr'><strong>Christus,</strong></span> <span class='ocrx_word' id='word_1_439' title='bbox 1726 3524 1777 3579; x_wconf 89' lang='lat' dir='ltr'><strong>in</strong></span> <span class='ocrx_word' id='word_1_440' title='bbox 1810 3540 1968 3594; x_wconf 89' lang='lat' dir='ltr'><strong>quem</strong></span> 
     </span>
    </p>
   </div>
   <div class='ocr_carea' id='block_1_57' title="bbox 367 3596 1968 3668">
    <p class='ocr_par' dir='ltr' id='par_1_57' title="bbox 367 3596 1968 3668">
     <span class='ocr_line' id='line_1_57' title="bbox 367 3596 1968 3668; baseline 0 -17"><span class='ocrx_word' id='word_1_441' title='bbox 367 3611 564 3653; x_wconf 90' lang='lat' dir='ltr'><strong>manus</strong></span> <span class='ocrx_word' id='word_1_442' title='bbox 611 3598 823 3653; x_wconf 73' lang='lat' dir='ltr'><strong>missm?</strong></span> <span class='ocrx_word' id='word_1_443' title='bbox 853 3596 969 3655; x_wconf 87' lang='lat' dir='ltr'><strong>Non</strong></span> <span class='ocrx_word' id='word_1_444' title='bbox 999 3599 1148 3654; x_wconf 75' lang='lat' dir='ltr'><strong>certe</strong></span> <span class='ocrx_word' id='word_1_445' title='bbox 1193 3596 1501 3664; x_wconf 81' lang='lat' dir='ltr'><strong>Bodanius,</strong></span> <span class='ocrx_word' id='word_1_446' title='bbox 1533 3599 1620 3668; x_wconf 86' lang='lat' dir='ltr'><strong>qui</strong></span> <span class='ocrx_word' id='word_1_447' title='bbox 1668 3596 1887 3653; x_wconf 87' lang='lat' dir='ltr'><strong>Biterris</strong></span> <span class='ocrx_word' id='word_1_448' title='bbox 1916 3596 1968 3651; x_wconf 91' lang='lat' dir='ltr'><strong>in</strong></span> 
     </span>
    </p>
   </div>
   <div class='ocr_carea' id='block_1_58' title="bbox 367 3668 1971 3741">
    <p class='ocr_par' dir='ltr' id='par_1_58' title="bbox 367 3668 1971 3741">
     <span class='ocr_line' id='line_1_58' title="bbox 367 3668 1971 3741; baseline -0.001 -19"><span class='ocrx_word' id='word_1_449' title='bbox 367 3670 625 3725; x_wconf 80' lang='lat' dir='ltr'><strong>exsilium</strong></span> <span class='ocrx_word' id='word_1_450' title='bbox 671 3670 906 3741; x_wconf 84' lang='lat' dir='ltr'><strong>ejectus,</strong></span> <span class='ocrx_word' id='word_1_451' title='bbox 952 3668 1019 3725; x_wconf 89' lang='lat' dir='ltr'><strong>ad</strong></span> <span class='ocrx_word' id='word_1_452' title='bbox 1050 3669 1335 3741; x_wconf 79' lang='lat' dir='ltr'><strong>ecclesiam</strong></span> <span class='ocrx_word' id='word_1_453' title='bbox 1365 3684 1514 3724; x_wconf 88' lang='lat' dir='ltr'><strong>suam</strong></span> <span class='ocrx_word' id='word_1_454' title='bbox 1565 3669 1740 3725; x_wconf 83' lang='lat' dir='ltr'><strong>redire</strong></span> <span class='ocrx_word' id='word_1_455' title='bbox 1770 3683 1971 3737; x_wconf 84' lang='lat' dir='ltr'><strong>nequa-</strong></span> 
     </span>
    </p>
   </div>
   <div class='ocr_carea' id='block_1_59' title="bbox 369 3739 1969 3812">
    <p class='ocr_par' dir='ltr' id='par_1_59' title="bbox 369 3739 1969 3812">
     <span class='ocr_line' id='line_1_59' title="bbox 369 3739 1969 3812; baseline -0.001 -18"><span class='ocrx_word' id='word_1_456' title='bbox 369 3755 533 3812; x_wconf 84' lang='lat' dir='ltr'><strong>quam</strong></span> <span class='ocrx_word' id='word_1_457' title='bbox 578 3739 873 3812; x_wconf 77' lang='lat' dir='ltr'><strong>permissus</strong></span> <span class='ocrx_word' id='word_1_458' title='bbox 918 3753 1017 3798; x_wconf 81' lang='lat' dir='ltr'><strong>est.</strong></span> <span class='ocrx_word' id='word_1_459' title='bbox 1048 3739 1355 3797; x_wconf 85' lang='lat' dir='ltr'><strong>Vehemens</strong></span> <span class='ocrx_word' id='word_1_460' title='bbox 1400 3741 1635 3811; x_wconf 88' lang='lat' dir='ltr'><strong>suspicio</strong></span> <span class='ocrx_word' id='word_1_461' title='bbox 1675 3751 1758 3795; x_wconf 80' lang='lat' dir='ltr'><strong>est</strong></span> <span class='ocrx_word' id='word_1_462' title='bbox 1799 3742 1969 3809; x_wconf 84' lang='lat' dir='ltr'><strong>ipsum</strong></span> 
     </span>
    </p>
   </div>
   <div class='ocr_carea' id='block_1_60' title="bbox 372 3810 1968 3881">
    <p class='ocr_par' dir='ltr' id='par_1_60' title="bbox 372 3810 1968 3881">
     <span class='ocr_line' id='line_1_60' title="bbox 372 3810 1968 3881; baseline 0.001 -16"><span class='ocrx_word' id='word_1_463' title='bbox 372 3810 642 3867; x_wconf 78' lang='lat' dir='ltr'><strong>Christum</strong></span> <span class='ocrx_word' id='word_1_464' title='bbox 704 3816 882 3869; x_wconf 86' lang='lat' dir='ltr'><strong>vocari</strong></span> <span class='ocrx_word' id='word_1_465' title='bbox 932 3813 1232 3868; x_wconf 86' lang='lat' dir='ltr'><strong>veneranda</strong></span> <span class='ocrx_word' id='word_1_466' title='bbox 1288 3810 1532 3881; x_wconf 83' lang='lat' dir='ltr'><strong>corpuiis</strong></span> <span class='ocrx_word' id='word_1_467' title='bbox 1584 3821 1639 3869; x_wconf 90' lang='lat' dir='ltr'><strong>et</strong></span> <span class='ocrx_word' id='word_1_468' title='bbox 1692 3812 1968 3877; x_wconf 79' lang='lat' dir='ltr'><strong>sanguinis</strong></span> 
     </span>
    </p>
   </div>
   <div class='ocr_carea' id='block_1_61' title="bbox 367 3884 1967 3952">
    <p class='ocr_par' dir='ltr' id='par_1_61' title="bbox 367 3884 1967 3952">
     <span class='ocr_line' id='line_1_61' title="bbox 367 3884 1967 3952; baseline -0.001 -15"><span class='ocrx_word' id='word_1_469' title='bbox 367 3884 571 3939; x_wconf 79' lang='lat' dir='ltr'><strong>Christi</strong></span> <span class='ocrx_word' id='word_1_470' title='bbox 603 3894 971 3952; x_wconf 59' lang='lat' dir='ltr'><strong>sacramenta;</strong></span> <span class='ocrx_word' id='word_1_471' title='bbox 1002 3885 1251 3949; x_wconf 79' lang='lat' dir='ltr'><strong>idemque</strong></span> <span class='ocrx_word' id='word_1_472' title='bbox 1286 3884 1370 3939; x_wconf 79' lang='lat' dir='ltr'><strong>hic</strong></span> <span class='ocrx_word' id='word_1_473' title='bbox 1397 3900 1550 3951; x_wconf 88' lang='lat' dir='ltr'><strong>esse,</strong></span> <span class='ocrx_word' id='word_1_474' title='bbox 1584 3895 1637 3938; x_wconf 88' lang='lat' dir='ltr'><strong>ut</strong></span> <span class='ocrx_word' id='word_1_475' title='bbox 1672 3884 1833 3938; x_wconf 87' lang='lat' dir='ltr'><strong>sancti</strong></span> <span class='ocrx_word' id='word_1_476' title='bbox 1863 3897 1967 3936; x_wconf 84' lang='lat' dir='ltr'><strong>nte-</strong></span> 
     </span>
    </p>
   </div>
   <div class='ocr_carea' id='block_1_62' title="bbox 368 3954 1971 4028">
    <p class='ocr_par' dir='ltr' id='par_1_62' title="bbox 368 3954 1971 4028">
     <span class='ocr_line' id='line_1_62' title="bbox 368 3954 1971 4028; baseline -0.002 -19"><span class='ocrx_word' id='word_1_477' title='bbox 368 3971 486 4010; x_wconf 88' lang='lat' dir='ltr'><strong>cum</strong></span> <span class='ocrx_word' id='word_1_478' title='bbox 511 3957 823 4028; x_wconf 86' lang='lat' dir='ltr'><strong>intelligunt.</strong></span> <span class='ocrx_word' id='word_1_479' title='bbox 854 3956 997 4027; x_wconf 88' lang='lat' dir='ltr'><strong>quod</strong></span> <span class='ocrx_word' id='word_1_480' title='bbox 1024 3957 1143 4012; x_wconf 87' lang='lat' dir='ltr'><strong>aliis</strong></span> <span class='ocrx_word' id='word_1_481' title='bbox 1168 3955 1437 4018; x_wconf 67' lang='lat' dir='ltr'><strong>Patribus.</strong></span> <span class='ocrx_word' id='word_1_482' title='bbox 1464 3956 1552 4011; x_wconf 91' lang='lat' dir='ltr'><strong>ubi</strong></span> <span class='ocrx_word' id='word_1_483' title='bbox 1576 3955 1642 4010; x_wconf 90' lang='lat' dir='ltr'><strong>de</strong></span> <span class='ocrx_word' id='word_1_484' title='bbox 1664 3954 1855 4009; x_wconf 85' lang='lat' dir='ltr'><strong>iisdem</strong></span> <span class='ocrx_word' id='word_1_485' title='bbox 1883 3970 1971 4007; x_wconf 85' lang='lat' dir='ltr'><strong>sn-</strong></span> 
     </span>
    </p>
   </div>
   <div class='ocr_carea' id='block_1_63' title="bbox 368 4028 1969 4098">
    <p class='ocr_par' dir='ltr' id='par_1_63' title="bbox 368 4028 1969 4098">
     <span class='ocr_line' id='line_1_63' title="bbox 368 4028 1969 4098; baseline -0.001 -17"><span class='ocrx_word' id='word_1_486' title='bbox 368 4029 665 4098; x_wconf 81' lang='lat' dir='ltr'><strong>cramentis</strong></span> <span class='ocrx_word' id='word_1_487' title='bbox 685 4045 991 4086; x_wconf 82' lang='lat' dir='ltr'><strong>sermonem</strong></span> <span class='ocrx_word' id='word_1_488' title='bbox 1015 4030 1212 4086; x_wconf 86' lang='lat' dir='ltr'><strong>habent</strong></span> <span class='ocrx_word' id='word_1_489' title='bbox 1233 4028 1667 4092; x_wconf 82' lang='lat' dir='ltr'><strong>reconditiorem,</strong></span> <span class='ocrx_word' id='word_1_490' title='bbox 1699 4029 1969 4098; x_wconf 77' lang='lat' dir='ltr'><strong>vulgatum</strong></span> 
     </span>
    </p>
   </div>
   <div class='ocr_carea' id='block_1_64' title="bbox 370 4097 988 4171">
    <p class='ocr_par' dir='ltr' id='par_1_64' title="bbox 370 4097 988 4171">
     <span class='ocr_line' id='line_1_64' title="bbox 370 4097 988 4171; baseline 0.003 -18"><span class='ocrx_word' id='word_1_491' title='bbox 370 4097 527 4166; x_wconf 83' lang='lat' dir='ltr'><strong>illud,</strong></span> <span class='ocrx_word' id='word_1_492' title='bbox 557 4098 767 4156; x_wconf 82' lang='lat' dir='ltr'><strong>Norant</strong></span> <span class='ocrx_word' id='word_1_493' title='bbox 791 4100 988 4171; x_wconf 73' lang='lat' dir='ltr'><strong>fideles.</strong></span> 
     </span>
    </p>
   </div>
   <div class='ocr_carea' id='block_1_65' title="bbox 443 4169 1966 4244">
    <p class='ocr_par' dir='ltr' id='par_1_65' title="bbox 443 4169 1966 4244">
     <span class='ocr_line' id='line_1_65' title="bbox 443 4169 1966 4244; baseline -0.001 -19"><span class='ocrx_word' id='word_1_494' title='bbox 443 4173 516 4243; x_wconf 81' lang='lat' dir='ltr'><strong>(c)</strong></span> <span class='ocrx_word' id='word_1_495' title='bbox 555 4169 972 4237; x_wconf 44' lang='lat' dir='ltr'><strong>Vetbum&#39;dicto,</strong></span> <span class='ocrx_word' id='word_1_496' title='bbox 994 4171 1132 4244; x_wconf 89' lang='lat' dir='ltr'><strong>apud</strong></span> <span class='ocrx_word' id='word_1_497' title='bbox 1159 4172 1275 4236; x_wconf 81' lang='lat' dir='ltr'><strong>Er.,</strong></span> <span class='ocrx_word' id='word_1_498' title='bbox 1299 4171 1526 4244; x_wconf 28' lang='lat' dir='ltr'><strong>Lipsset</strong></span> <span class='ocrx_word' id='word_1_499' title='bbox 1544 4169 1966 4244; x_wconf 80' lang='lat' dir='ltr'><strong>Par.ontissum,</strong></span> 
     </span>
    </p>
   </div>
   <div class='ocr_carea' id='block_1_66' title="bbox 368 4241 1970 4319">
    <p class='ocr_par' dir='ltr' id='par_1_66' title="bbox 368 4241 1970 4319">
     <span class='ocr_line' id='line_1_66' title="bbox 368 4241 1970 4319; baseline -0.001 -21"><span class='ocrx_word' id='word_1_500' title='bbox 368 4241 656 4319; x_wconf 82' lang='lat' dir='ltr'><strong>revocatur</strong></span> <span class='ocrx_word' id='word_1_501' title='bbox 682 4261 747 4319; x_wconf 82' lang='lat' dir='ltr'><strong>ex</strong></span> <span class='ocrx_word' id='word_1_502' title='bbox 776 4246 908 4305; x_wconf 86' lang='lat' dir='ltr'><strong>Bnd.</strong></span> <span class='ocrx_word' id='word_1_503' title='bbox 937 4253 992 4301; x_wconf 90' lang='lat' dir='ltr'><strong>et</strong></span> <span class='ocrx_word' id='word_1_504' title='bbox 1023 4241 1231 4319; x_wconf 79' lang='lat' dir='ltr'><strong>septem</strong></span> <span class='ocrx_word' id='word_1_505' title='bbox 1269 4241 1397 4319; x_wconf 60' lang='lat' dir='ltr'><strong>mss.</strong></span> <span class='ocrx_word' id='word_1_506' title='bbox 1430 4242 1583 4319; x_wconf 44' lang='lat' dir='ltr'><strong>[line</strong></span> <span class='ocrx_word' id='word_1_507' title='bbox 1610 4241 1970 4319; x_wconf 84' lang='lat' dir='ltr'><strong>prius_ittalle-</strong></span> 
     </span>
    </p>
   </div>
   <div class='ocr_carea' id='block_1_67' title="bbox 370 4314 1967 4387">
    <p class='ocr_par' dir='ltr' id='par_1_67' title="bbox 370 4314 1967 4387">
     <span class='ocr_line' id='line_1_67' title="bbox 370 4314 1967 4387; baseline 0 -19"><span class='ocrx_word' id='word_1_508' title='bbox 370 4330 493 4387; x_wconf 79' lang='lat' dir='ltr'><strong>tuus</strong></span> <span class='ocrx_word' id='word_1_509' title='bbox 523 4315 805 4384; x_wconf 82' lang='lat' dir='ltr'><strong>maledica,</strong></span> <span class='ocrx_word' id='word_1_510' title='bbox 833 4320 986 4387; x_wconf 68' lang='lat' dir='ltr'><strong>justa</strong></span> <span class='ocrx_word' id='word_1_511' title='bbox 1017 4317 1147 4371; x_wconf 89' lang='lat' dir='ltr'><strong>illud</strong></span> <span class='ocrx_word' id='word_1_512' title='bbox 1178 4332 1324 4371; x_wconf 92' lang='lat' dir='ltr'><strong>nutn.</strong></span> <span class='ocrx_word' id='word_1_513' title='bbox 1346 4314 1390 4371; x_wconf 81' lang='grc'><strong>’6</strong></span> <span class='ocrx_word' id='word_1_514' title='bbox 1417 4332 1430 4369; x_wconf 83' lang='lat'><strong>2</strong></span> <span class='ocrx_word' id='word_1_515' title='bbox 1466 4314 1526 4371; x_wconf 88' lang='lat' dir='ltr'><strong>Si</strong></span> <span class='ocrx_word' id='word_1_516' title='bbox 1557 4317 1691 4386; x_wconf 81' lang='lat' dir='ltr'><strong>falsa</strong></span> <span class='ocrx_word' id='word_1_517' title='bbox 1716 4314 1967 4382; x_wconf 79' lang='lat' dir='ltr'><strong>dicimus,</strong></span> 
     </span>
    </p>
   </div>
   <div class='ocr_carea' id='block_1_68' title="bbox 367 4384 1186 4459">
    <p class='ocr_par' dir='ltr' id='par_1_68' title="bbox 367 4384 1186 4459">
     <span class='ocr_line' id='line_1_68' title="bbox 367 4384 1186 4459; baseline 0.004 -18"><span class='ocrx_word' id='word_1_518' title='bbox 367 4384 581 4459; x_wconf 78' lang='lat' dir='ltr'><strong>infamis</strong></span> <span class='ocrx_word' id='word_1_519' title='bbox 604 4389 669 4443; x_wconf 87' lang='lat' dir='ltr'><strong>sit</strong></span> <span class='ocrx_word' id='word_1_520' title='bbox 688 4384 854 4445; x_wconf 79' lang='lat' dir='ltr'><strong>sermo</strong></span> <span class='ocrx_word' id='word_1_521' title='bbox 884 4389 1186 4444; x_wconf 85' lang='lat' dir='ltr'><strong>maledicus.</strong></span> 
     </span>
    </p>
   </div>
   <div class='ocr_carea' id='block_1_69' title="bbox 442 4478 1969 4556">
    <p class='ocr_par' dir='ltr' id='par_1_69' title="bbox 442 4478 1969 4556">
     <span class='ocr_line' id='line_1_69' title="bbox 442 4478 1969 4556; baseline -0.005 -18"><span class='ocrx_word' id='word_1_522' title='bbox 442 4478 700 4556; x_wconf 4' lang='lat' dir='ltr'><strong>(“gladiti</strong></span> <span class='ocrx_word' id='word_1_523' title='bbox 721 4525 737 4550; x_wconf 93' lang='lat'><strong>,</strong></span> <span class='ocrx_word' id='word_1_524' title='bbox 769 4483 834 4536; x_wconf 89' lang='lat' dir='ltr'><strong>de</strong></span> <span class='ocrx_word' id='word_1_525' title='bbox 873 4482 951 4537; x_wconf 89' lang='lat' dir='ltr'><strong>his</strong></span> <span class='ocrx_word' id='word_1_526' title='bbox 960 4480 1161 4556; x_wconf 81' lang='lat' dir='ltr'><strong>judicet</strong></span> <span class='ocrx_word' id='word_1_527' title='bbox 1189 4480 1444 4554; x_wconf 74' lang='lat' dir='ltr'><strong>quomodo</strong></span> <span class='ocrx_word' id='word_1_528' title='bbox 1469 4481 1526 4536; x_wconf 72' lang='lat' dir='ltr'><strong>in</strong></span> <span class='ocrx_word' id='word_1_529' title='bbox 1553 4496 1607 4534; x_wconf 86' lang='lat' dir='ltr'><strong>se</strong></span> <span class='ocrx_word' id='word_1_530' title='bbox 1624 4478 1969 4552; x_wconf 81' lang='lat' dir='ltr'><strong>judicandum</strong></span> 
     </span>
    </p>
   </div>
   <div class='ocr_carea' id='block_1_70' title="bbox 370 4554 1054 4610">
    <p class='ocr_par' dir='ltr' id='par_1_70' title="bbox 370 4554 1054 4610">
     <span class='ocr_line' id='line_1_70' title="bbox 370 4554 1054 4610; baseline -0.004 -1"><span class='ocrx_word' id='word_1_531' title='bbox 370 4564 444 4609; x_wconf 79' lang='lat' dir='ltr'><strong>est</strong></span> <span class='ocrx_word' id='word_1_532' title='bbox 467 4554 487 4607; x_wconf 82' lang='lat'><em>:</em></span> <span class='ocrx_word' id='word_1_533' title='bbox 510 4554 896 4610; x_wconf 87' lang='lat' dir='ltr'><strong>dissidentibus</strong></span> <span class='ocrx_word' id='word_1_534' title='bbox 926 4554 1054 4609; x_wconf 85' lang='lat' dir='ltr'><strong>mss.</strong></span> 
     </span>
    </p>
   </div>
   <div class='ocr_carea' id='block_1_71' title="bbox 1994 3205 2041 3268">
    <p class='ocr_par' dir='ltr' id='par_1_71' title="bbox 1994 3205 2041 3268">
     <span class='ocr_line' id='line_1_71' title="bbox 1994 3205 2041 3268; baseline 0 0"><span class='ocrx_word' id='word_1_535' title='bbox 1994 3205 2041 3268; x_wconf 91' lang='lat' dir='ltr'><strong>C</strong></span> 
     </span>
    </p>
   </div>
   <div class='ocr_carea' id='block_1_72' title="bbox 2059 1874 3667 1946">
    <p class='ocr_par' dir='ltr' id='par_1_72' title="bbox 2059 1874 3667 1946">
     <span class='ocr_line' id='line_1_72' title="bbox 2059 1874 3667 1946; baseline 0.006 -17"><span class='ocrx_word' id='word_1_536' title='bbox 2059 1874 2195 1932; x_wconf 84' lang='lat' dir='ltr'><strong>mss.</strong></span> <span class='ocrx_word' id='word_1_537' title='bbox 2225 1892 2329 1930; x_wconf 87' lang='lat' dir='ltr'><strong>non</strong></span> <span class='ocrx_word' id='word_1_538' title='bbox 2365 1875 2523 1931; x_wconf 89' lang='lat' dir='ltr'><strong>aliter</strong></span> <span class='ocrx_word' id='word_1_539' title='bbox 2562 1876 2816 1944; x_wconf 82' lang='lat' dir='ltr'><strong>pingitur.</strong></span> <span class='ocrx_word' id='word_1_540' title='bbox 2849 1874 2927 1929; x_wconf 84' lang='lat' dir='ltr'><strong>Ex</strong></span> <span class='ocrx_word' id='word_1_541' title='bbox 2960 1883 3066 1946; x_wconf 82' lang='lat' dir='ltr'><strong>qtto</strong></span> <span class='ocrx_word' id='word_1_542' title='bbox 3096 1877 3331 1933; x_wconf 86' lang='lat' dir='ltr'><strong>efficitur</strong></span> <span class='ocrx_word' id='word_1_543' title='bbox 3362 1896 3552 1935; x_wconf 88' lang='lat' dir='ltr'><strong>sensus</strong></span> <span class='ocrx_word' id='word_1_544' title='bbox 3581 1897 3667 1937; x_wconf 84' lang='lat' dir='ltr'><strong>re-</strong></span> 
     </span>
    </p>
   </div>
   <div class='ocr_carea' id='block_1_73' title="bbox 2056 1947 3669 2023">
    <p class='ocr_par' dir='ltr' id='par_1_73' title="bbox 2056 1947 3669 2023">
     <span class='ocr_line' id='line_1_73' title="bbox 2056 1947 3669 2023; baseline 0.004 -20"><span class='ocrx_word' id='word_1_545' title='bbox 2056 1963 2175 2023; x_wconf 85' lang='lat' dir='ltr'><strong>rum</strong></span> <span class='ocrx_word' id='word_1_546' title='bbox 2213 1955 2482 2023; x_wconf 73' lang='lat' dir='ltr'><strong>gestarum</strong></span> <span class='ocrx_word' id='word_1_547' title='bbox 2514 1947 2994 2023; x_wconf 72' lang='lat' dir='ltr'><strong>veri_tati__prot&#39;sus</strong></span> <span class='ocrx_word' id='word_1_548' title='bbox 3020 1951 3387 2005; x_wconf 86' lang='lat' dir='ltr'><strong>consentiens.</strong></span> <span class='ocrx_word' id='word_1_549' title='bbox 3421 1950 3669 2023; x_wconf 89' lang='lat' dir='ltr'><strong>Namque</strong></span> 
     </span>
    </p>
   </div>
   <div class='ocr_carea' id='block_1_74' title="bbox 2061 2017 3669 2088">
    <p class='ocr_par' dir='ltr' id='par_1_74' title="bbox 2061 2017 3669 2088">
     <span class='ocr_line' id='line_1_74' title="bbox 2061 2017 3669 2088; baseline 0.006 -18"><span class='ocrx_word' id='word_1_550' title='bbox 2061 2020 2236 2083; x_wconf 83' lang='lat' dir='ltr'><strong>primo</strong></span> <span class='ocrx_word' id='word_1_551' title='bbox 2260 2019 2348 2075; x_wconf 91' lang='lat' dir='ltr'><strong>die</strong></span> <span class='ocrx_word' id='word_1_552' title='bbox 2383 2017 2637 2074; x_wconf 83' lang='lat' dir='ltr'><strong>Acaciani</strong></span> <span class='ocrx_word' id='word_1_553' title='bbox 2665 2034 2694 2072; x_wconf 89' lang='lat' dir='ltr'><strong>a</strong></span> <span class='ocrx_word' id='word_1_554' title='bbox 2726 2019 2966 2073; x_wconf 87' lang='lat' dir='ltr'><strong>Concilio</strong></span> <span class='ocrx_word' id='word_1_555' title='bbox 2990 2033 3350 2088; x_wconf 87' lang='lat' dir='ltr'><strong>secesserant,</strong></span> <span class='ocrx_word' id='word_1_556' title='bbox 3381 2024 3461 2079; x_wconf 91' lang='lat' dir='ltr'><strong>uti</strong></span> <span class='ocrx_word' id='word_1_557' title='bbox 3487 2017 3669 2080; x_wconf 79' lang='lat' dir='ltr'><strong>narrat</strong></span> 
     </span>
    </p>
   </div>
   <div class='ocr_carea' id='block_1_75' title="bbox 2058 2088 3663 2155">
    <p class='ocr_par' dir='ltr' id='par_1_75' title="bbox 2058 2088 3663 2155">
     <span class='ocr_line' id='line_1_75' title="bbox 2058 2088 3663 2155; baseline 0.003 -8"><span class='ocrx_word' id='word_1_558' title='bbox 2058 2091 2332 2155; x_wconf 80' lang='lat' dir='ltr'><strong>Socrates,</strong></span> <span class='ocrx_word' id='word_1_559' title='bbox 2366 2089 2457 2143; x_wconf 92' lang='lat' dir='ltr'><strong>lib.</strong></span> <span class='ocrx_word' id='word_1_560' title='bbox 2481 2105 2537 2153; x_wconf 87' lang='lat' dir='ltr'><strong>ll,</strong></span> <span class='ocrx_word' id='word_1_561' title='bbox 2567 2104 2614 2143; x_wconf 93' lang='lat' dir='ltr'><strong>c.</strong></span> <span class='ocrx_word' id='word_1_562' title='bbox 2649 2090 2738 2145; x_wconf 80' lang='lat'><strong>59.</strong></span> <span class='ocrx_word' id='word_1_563' title='bbox 2763 2088 2899 2145; x_wconf 90' lang='lat' dir='ltr'><strong>Tum</strong></span> <span class='ocrx_word' id='word_1_564' title='bbox 2929 2091 3026 2148; x_wconf 86' lang='lat' dir='ltr'><strong>hac</strong></span> <span class='ocrx_word' id='word_1_565' title='bbox 3052 2092 3359 2149; x_wconf 80' lang='lat' dir='ltr'><strong>secessione</strong></span> <span class='ocrx_word' id='word_1_566' title='bbox 3386 2093 3523 2150; x_wconf 85' lang='lat' dir='ltr'><strong>facta</strong></span> <span class='ocrx_word' id='word_1_567' title='bbox 3551 2096 3663 2151; x_wconf 85' lang='lat' dir='ltr'><strong>dis-</strong></span> 
     </span>
    </p>
   </div>
   <div class='ocr_carea' id='block_1_76' title="bbox 2057 2161 3665 2237">
    <p class='ocr_par' dir='ltr' id='par_1_76' title="bbox 2057 2161 3665 2237">
     <span class='ocr_line' id='line_1_76' title="bbox 2057 2161 3665 2237; baseline 0.003 -20"><span class='ocrx_word' id='word_1_568' title='bbox 2057 2161 2333 2237; x_wconf 68' lang='lat' dir='ltr'><strong>criminari</strong></span> <span class='ocrx_word' id='word_1_569' title='bbox 2389 2161 2835 2237; x_wconf 76' lang='lat' dir='ltr'><strong>ac__dinutner:tri</strong></span> <span class='ocrx_word' id='word_1_570' title='bbox 2884 2176 3165 2237; x_wconf 50' lang='lat' dir='ltr'><strong>coeperunt</strong></span> <span class='ocrx_word' id='word_1_571' title='bbox 3203 2166 3298 2237; x_wconf 77' lang='lat' dir='ltr'><strong>qui</strong></span> <span class='ocrx_word' id='word_1_572' title='bbox 3354 2166 3442 2221; x_wconf 89' lang='lat' dir='ltr'><strong>uni</strong></span> <span class='ocrx_word' id='word_1_573' title='bbox 3493 2167 3665 2237; x_wconf 86' lang='lat' dir='ltr'><strong>parti,</strong></span> 
     </span>
    </p>
   </div>
   <div class='ocr_carea' id='block_1_77' title="bbox 2097 2230 3663 2304">
    <p class='ocr_par' dir='ltr' id='par_1_77' title="bbox 2097 2230 3663 2304">
     <span class='ocr_line' id='line_1_77' title="bbox 2097 2230 3663 2304; baseline 0.003 -16"><span class='ocrx_word' id='word_1_574' title='bbox 2097 2234 2219 2288; x_wconf 90' lang='lat' dir='ltr'><strong>uive</strong></span> <span class='ocrx_word' id='word_1_575' title='bbox 2249 2233 2404 2288; x_wconf 89' lang='lat' dir='ltr'><strong>alteri</strong></span> <span class='ocrx_word' id='word_1_576' title='bbox 2420 2230 2793 2298; x_wconf 73' lang='lat' dir='ltr'><strong>adlimrerent;</strong></span> <span class='ocrx_word' id='word_1_577' title='bbox 2826 2230 3157 2302; x_wconf 84' lang='lat' dir='ltr'><strong>quodetiam</strong></span> <span class='ocrx_word' id='word_1_578' title='bbox 3185 2230 3535 2304; x_wconf 47' lang='lat' dir='ltr'><strong>Athanasiui,</strong></span> <span class='ocrx_word' id='word_1_579' title='bbox 3570 2230 3663 2293; x_wconf 53' lang='lat' dir='ltr'><strong>lib;</strong></span> 
     </span>
    </p>
   </div>
   <div class='ocr_carea' id='block_1_78' title="bbox 2059 2250 3668 2379">
    <p class='ocr_par' dir='ltr' id='par_1_78' title="bbox 2059 2250 3668 2379">
     <span class='ocr_line' id='line_1_78' title="bbox 2097 2250 3663 2304; baseline 0.004 -16"><span class='ocrx_word' id='word_1_580' title='bbox 2097 2250 2219 2288; x_wconf 81' lang='lat' dir='ltr'><strong>nive</strong></span> <span class='ocrx_word' id='word_1_581' title='bbox 2249 2250 2793 2298; x_wconf 73' lang='lat' dir='ltr'><strong>attertaanzererent;</strong></span> <span class='ocrx_word' id='word_1_582' title='bbox 2826 2250 2965 2302; x_wconf 81' lang='lat' dir='ltr'><strong>quod</strong></span> <span class='ocrx_word' id='word_1_583' title='bbox 2996 2250 3157 2289; x_wconf 81' lang='lat' dir='ltr'><strong>etiam</strong></span> <span class='ocrx_word' id='word_1_584' title='bbox 3185 2250 3535 2304; x_wconf 70' lang='grc' dir='ltr'>Λιιιτιιιιιειιις,</span> <span class='ocrx_word' id='word_1_585' title='bbox 3570 2250 3663 2293; x_wconf 86' lang='grc' dir='ltr'>ιιι).</span> 
     </span>
     <span class='ocr_line' id='line_1_79' title="bbox 2059 2250 3668 2379; baseline 0.002 -19"><span class='ocrx_word' id='word_1_586' title='bbox 2059 2250 2129 2361; x_wconf 60' lang='lat' dir='ltr'><strong>de</strong></span> <span class='ocrx_word' id='word_1_587' title='bbox 2149 2304 2381 2379; x_wconf 57' lang='lat' dir='ltr'><strong>Synod,</strong></span> <span class='ocrx_word' id='word_1_588' title='bbox 2406 2320 2456 2379; x_wconf 62' lang='lat' dir='ltr'><strong>p.</strong></span> <span class='ocrx_word' id='word_1_589' title='bbox 2480 2305 2609 2371; x_wconf 81' lang='lat' dir='ltr'><strong>88l,</strong></span> <span class='ocrx_word' id='word_1_590' title='bbox 2644 2311 2796 2379; x_wconf 74' lang='lat' dir='ltr'><strong>nutat</strong></span> <span class='ocrx_word' id='word_1_591' title='bbox 2818 2304 2902 2379; x_wconf 83' lang='lat' dir='ltr'><strong>his</strong></span> <span class='ocrx_word' id='word_1_592' title='bbox 2926 2308 3106 2379; x_wconf 79' lang='lat' dir='ltr'><strong>verbis</strong></span> <span class='ocrx_word' id='word_1_593' title='bbox 3134 2324 3145 2360; x_wconf 91' lang='lat'><strong>:</strong></span> <span class='ocrx_word' id='word_1_594' title='bbox 3174 2307 3361 2379; x_wconf 79' lang='lat' dir='ltr'><strong>Postea</strong></span> <span class='ocrx_word' id='word_1_595' title='bbox 3383 2310 3668 2364; x_wconf 81' lang='lat' dir='ltr'><strong>secessione</strong></span> 
     </span>
    </p>
   </div>
   <div class='ocr_carea' id='block_1_79' title="bbox 2062 2375 3671 2449">
    <p class='ocr_par' dir='ltr' id='par_1_79' title="bbox 2062 2375 3671 2449">
     <span class='ocr_line' id='line_1_80' title="bbox 2062 2375 3671 2449; baseline 0.003 -17"><span class='ocrx_word' id='word_1_596' title='bbox 2062 2375 2207 2449; x_wconf 50' lang='lat' dir='ltr'><strong>facta&#39;</strong></span> <span class='ocrx_word' id='word_1_597' title='bbox 2226 2375 2461 2449; x_wconf 84' lang='lat' dir='ltr'><strong>disscissi</strong></span> <span class='ocrx_word' id='word_1_598' title='bbox 2478 2388 2616 2441; x_wconf 85' lang='lat' dir='ltr'><strong>sunt,</strong></span> <span class='ocrx_word' id='word_1_599' title='bbox 2640 2377 2831 2449; x_wconf 79' lang='lat' dir='ltr'><strong>aliique</strong></span> <span class='ocrx_word' id='word_1_600' title='bbox 2846 2378 3062 2449; x_wconf 64' lang='grc' dir='ltr'><strong>ΔΑειιιςὶο,</strong></span> <span class='ocrx_word' id='word_1_601' title='bbox 3090 2378 3182 2433; x_wconf 83' lang='lat' dir='ltr'><strong>sed</strong></span> <span class='ocrx_word' id='word_1_602' title='bbox 3207 2380 3356 2446; x_wconf 86' lang='lat' dir='ltr'><strong>pauci</strong></span> <span class='ocrx_word' id='word_1_603' title='bbox 3381 2391 3426 2434; x_wconf 89' lang='lat' dir='ltr'><strong>et</strong></span> <span class='ocrx_word' id='word_1_604' title='bbox 3446 2382 3671 2449; x_wconf 81' lang='lat' dir='ltr'><strong>suspecti</strong></span> 
     </span>
    </p>
   </div>
   <div class='ocr_carea' id='block_1_80' title="bbox 2062 2447 3672 2522">
    <p class='ocr_par' dir='ltr' id='par_1_80' title="bbox 2062 2447 3672 2522">
     <span class='ocr_line' id='line_1_81' title="bbox 2062 2447 3672 2522; baseline 0.004 -20"><span class='ocrx_word' id='word_1_605' title='bbox 2062 2447 2359 2514; x_wconf 67' lang='lat' dir='ltr'><strong>adhaesere;</strong></span> <span class='ocrx_word' id='word_1_606' title='bbox 2390 2448 2482 2522; x_wconf 75' lang='lat' dir='ltr'><strong>a_l_ii</strong></span> <span class='ocrx_word' id='word_1_607' title='bbox 2511 2463 2651 2514; x_wconf 87' lang='lat' dir='ltr'><strong>vero,</strong></span> <span class='ocrx_word' id='word_1_608' title='bbox 2681 2447 2768 2516; x_wconf 86' lang='lat' dir='ltr'><strong>qui</strong></span> <span class='ocrx_word' id='word_1_609' title='bbox 2794 2447 2940 2502; x_wconf 87' lang='lat' dir='ltr'><strong>illum</strong></span> <span class='ocrx_word' id='word_1_610' title='bbox 2979 2450 3317 2522; x_wconf 81' lang='lat' dir='ltr'><strong>reliquerant,</strong></span> <span class='ocrx_word' id='word_1_611' title='bbox 3349 2447 3545 2522; x_wconf 84' lang='lat' dir='ltr'><strong>magno</strong></span> <span class='ocrx_word' id='word_1_612' title='bbox 3574 2471 3672 2508; x_wconf 86' lang='lat' dir='ltr'><strong>uu-</strong></span> 
     </span>
    </p>
   </div>
   <div class='ocr_carea' id='block_1_81' title="bbox 2064 2519 3666 2594">
    <p class='ocr_par' dir='ltr' id='par_1_81' title="bbox 2064 2519 3666 2594">
     <span class='ocr_line' id='line_1_82' title="bbox 2064 2519 3666 2594; baseline 0.002 -19"><span class='ocrx_word' id='word_1_613' title='bbox 2064 2536 2203 2575; x_wconf 88' lang='lat' dir='ltr'><strong>mero</strong></span> <span class='ocrx_word' id='word_1_614' title='bbox 2225 2525 2386 2592; x_wconf 78' lang='lat' dir='ltr'><strong>fuere.</strong></span> <span class='ocrx_word' id='word_1_615' title='bbox 2415 2520 2767 2594; x_wconf 33' lang='lat' dir='ltr'><strong>Hancuatttem</strong></span> <span class='ocrx_word' id='word_1_616' title='bbox 2794 2519 3156 2594; x_wconf 68' lang='lat' dir='ltr'><strong>secessionem</strong></span> <span class='ocrx_word' id='word_1_617' title='bbox 3183 2521 3412 2577; x_wconf 83' lang='lat' dir='ltr'><strong>Hilarius</strong></span> <span class='ocrx_word' id='word_1_618' title='bbox 3436 2519 3666 2594; x_wconf 78' lang='lat' dir='ltr'><strong>primam</strong></span> 
     </span>
    </p>
   </div>
   <div class='ocr_carea' id='block_1_82' title="bbox 2070 2589 3671 2665">
    <p class='ocr_par' dir='ltr' id='par_1_82' title="bbox 2070 2589 3671 2665">
     <span class='ocr_line' id='line_1_83' title="bbox 2070 2589 3671 2665; baseline 0.002 -18"><span class='ocrx_word' id='word_1_619' title='bbox 2070 2589 2373 2665; x_wconf 85' lang='lat' dir='ltr'><strong>nuncupat;</strong></span> <span class='ocrx_word' id='word_1_620' title='bbox 2407 2590 2530 2660; x_wconf 88' lang='lat' dir='ltr'><strong>quia</strong></span> <span class='ocrx_word' id='word_1_621' title='bbox 2560 2589 2722 2665; x_wconf 80' lang='lat' dir='ltr'><strong>iidem</strong></span> <span class='ocrx_word' id='word_1_622' title='bbox 2753 2591 3026 2665; x_wconf 87' lang='lat' dir='ltr'><strong>tertiodie</strong></span> <span class='ocrx_word' id='word_1_623' title='bbox 3052 2591 3248 2647; x_wconf 75' lang='lat' dir='ltr'><strong>Leonte</strong></span> <span class='ocrx_word' id='word_1_624' title='bbox 3278 2589 3449 2665; x_wconf 39' lang='lat' dir='ltr'><strong>opera‘</strong></span> <span class='ocrx_word' id='word_1_625' title='bbox 3471 2610 3671 2652; x_wconf 81' lang='lat' dir='ltr'><strong>conve-</strong></span> 
     </span>
    </p>
   </div>
   <div class='ocr_carea' id='block_1_83' title="bbox 2067 2662 3675 2733">
    <p class='ocr_par' dir='ltr' id='par_1_83' title="bbox 2067 2662 3675 2733">
     <span class='ocr_line' id='line_1_84' title="bbox 2067 2662 3675 2733; baseline 0.004 -14"><span class='ocrx_word' id='word_1_626' title='bbox 2067 2663 2281 2719; x_wconf 87' lang='lat' dir='ltr'><strong>nientes</strong></span> <span class='ocrx_word' id='word_1_627' title='bbox 2307 2663 2359 2716; x_wconf 92' lang='lat' dir='ltr'><strong>in</strong></span> <span class='ocrx_word' id='word_1_628' title='bbox 2392 2677 2587 2733; x_wconf 85' lang='lat' dir='ltr'><strong>unum,</strong></span> <span class='ocrx_word' id='word_1_629' title='bbox 2619 2662 2796 2716; x_wconf 88' lang='lat' dir='ltr'><strong>denuo</strong></span> <span class='ocrx_word' id='word_1_630' title='bbox 2839 2664 2995 2717; x_wconf 89' lang='lat' dir='ltr'><strong>unius</strong></span> <span class='ocrx_word' id='word_1_631' title='bbox 3028 2665 3198 2733; x_wconf 86' lang='lat' dir='ltr'><strong>partis</strong></span> <span class='ocrx_word' id='word_1_632' title='bbox 3228 2662 3536 2722; x_wconf 86' lang='lat' dir='ltr'><strong>secessione</strong></span> <span class='ocrx_word' id='word_1_633' title='bbox 3564 2668 3675 2725; x_wconf 89' lang='lat' dir='ltr'><strong>dis-</strong></span> 
     </span>
    </p>
   </div>
   <div class='ocr_carea' id='block_1_84' title="bbox 2062 2732 3672 2807">
    <p class='ocr_par' dir='ltr' id='par_1_84' title="bbox 2062 2732 3672 2807">
     <span class='ocr_line' id='line_1_85' title="bbox 2062 2732 3672 2807; baseline 0.005 -20"><span class='ocrx_word' id='word_1_634' title='bbox 2062 2736 2235 2807; x_wconf 87' lang='lat' dir='ltr'><strong>juncti</strong></span> <span class='ocrx_word' id='word_1_635' title='bbox 2258 2742 2408 2807; x_wconf 86' lang='lat' dir='ltr'><strong>sunt.</strong></span> <span class='ocrx_word' id='word_1_636' title='bbox 2452 2732 2636 2807; x_wconf 87' lang='lat' dir='ltr'><strong>Neque</strong></span> <span class='ocrx_word' id='word_1_637' title='bbox 2665 2734 2809 2807; x_wconf 88' lang='lat' dir='ltr'><strong>enim</strong></span> <span class='ocrx_word' id='word_1_638' title='bbox 2841 2734 2951 2801; x_wconf 90' lang='lat' dir='ltr'><strong>hic,</strong></span> <span class='ocrx_word' id='word_1_639' title='bbox 2986 2732 3042 2789; x_wconf 86' lang='lat' dir='ltr'><strong>ut</strong></span> <span class='ocrx_word' id='word_1_640' title='bbox 3073 2738 3315 2791; x_wconf 89' lang='lat' dir='ltr'><strong>nonnulli</strong></span> <span class='ocrx_word' id='word_1_641' title='bbox 3348 2747 3565 2807; x_wconf 85' lang='lat' dir='ltr'><strong>putant,</strong></span> <span class='ocrx_word' id='word_1_642' title='bbox 3605 2740 3672 2795; x_wconf 90' lang='lat' dir='ltr'><strong>de</strong></span> 
     </span>
    </p>
   </div>
   <div class='ocr_carea' id='block_1_85' title="bbox 2068 2806 3671 2881">
    <p class='ocr_par' dir='ltr' id='par_1_85' title="bbox 2068 2806 3671 2881">
     <span class='ocr_line' id='line_1_86' title="bbox 2068 2806 3671 2881; baseline 0.002 -19"><span class='ocrx_word' id='word_1_643' title='bbox 2068 2806 2304 2881; x_wconf 80' lang='lat' dir='ltr'><strong>secunda</strong></span> <span class='ocrx_word' id='word_1_644' title='bbox 2330 2806 2639 2881; x_wconf 78' lang='lat' dir='ltr'><strong>secessione</strong></span> <span class='ocrx_word' id='word_1_645' title='bbox 2672 2806 2935 2875; x_wconf 89' lang='lat' dir='ltr'><strong>loquitur;</strong></span> <span class='ocrx_word' id='word_1_646' title='bbox 2965 2821 3084 2881; x_wconf 85' lang='lat' dir='ltr'><strong>cum</strong></span> <span class='ocrx_word' id='word_1_647' title='bbox 3115 2806 3519 2881; x_wconf 80' lang='lat' dir='ltr'><strong>posteanarret</strong></span> <span class='ocrx_word' id='word_1_648' title='bbox 3547 2812 3671 2881; x_wconf 89' lang='lat' dir='ltr'><strong>quid</strong></span> 
     </span>
    </p>
   </div>
   <div class='ocr_carea' id='block_1_86' title="bbox 2070 2876 3669 2958">
    <p class='ocr_par' dir='ltr' id='par_1_86' title="bbox 2070 2876 3669 2958">
     <span class='ocr_line' id='line_1_87' title="bbox 2070 2876 3669 2958; baseline 0.004 -27"><span class='ocrx_word' id='word_1_649' title='bbox 2070 2878 2170 2958; x_wconf 68' lang='lat' dir='ltr'><strong>die</strong></span> <span class='ocrx_word' id='word_1_650' title='bbox 2182 2878 2340 2958; x_wconf 78' lang='lat' dir='ltr'><strong>tertio</strong></span> <span class='ocrx_word' id='word_1_651' title='bbox 2362 2889 2573 2958; x_wconf 81' lang='lat' dir='ltr'><strong>gestum</strong></span> <span class='ocrx_word' id='word_1_652' title='bbox 2598 2876 2825 2958; x_wconf 33' lang='lat' dir='ltr'><strong>sithquo</strong></span> <span class='ocrx_word' id='word_1_653' title='bbox 2851 2879 3070 2958; x_wconf 64' lang='lat' dir='ltr'><strong>contigit</strong></span> <span class='ocrx_word' id='word_1_654' title='bbox 3097 2879 3269 2958; x_wconf 76' lang='lat' dir='ltr'><strong>altera</strong></span> <span class='ocrx_word' id='word_1_655' title='bbox 3295 2879 3382 2934; x_wconf 90' lang='lat' dir='ltr'><strong>illa</strong></span> <span class='ocrx_word' id='word_1_656' title='bbox 3407 2876 3669 2958; x_wconf 72' lang='lat' dir='ltr'><strong>secessio.</strong></span> 
     </span>
    </p>
   </div>
   <div class='ocr_carea' id='block_1_87' title="bbox 2070 2947 3671 3022">
    <p class='ocr_par' dir='ltr' id='par_1_87' title="bbox 2070 2947 3671 3022">
     <span class='ocr_line' id='line_1_88' title="bbox 2070 2947 3671 3022; baseline 0.002 -18"><span class='ocrx_word' id='word_1_657' title='bbox 2070 2948 2110 3004; x_wconf 90' lang='lat' dir='ltr'><strong>li</strong></span> <span class='ocrx_word' id='word_1_658' title='bbox 2156 2950 2284 3022; x_wconf 83' lang='lat' dir='ltr'><strong>ipsi,</strong></span> <span class='ocrx_word' id='word_1_659' title='bbox 2343 2947 2579 3022; x_wconf 65' lang='lat' dir='ltr'><strong>priorum</strong></span> <span class='ocrx_word' id='word_1_660' title='bbox 2626 2947 2922 3005; x_wconf 84' lang='lat' dir='ltr'><strong>editionum</strong></span> <span class='ocrx_word' id='word_1_661' title='bbox 2965 2947 3097 3004; x_wconf 83' lang='lat' dir='ltr'><strong>falsa</strong></span> <span class='ocrx_word' id='word_1_662' title='bbox 3140 2951 3379 3022; x_wconf 80' lang='lat' dir='ltr'><strong>lectione</strong></span> <span class='ocrx_word' id='word_1_663' title='bbox 3422 2952 3671 3022; x_wconf 86' lang='lat' dir='ltr'><strong>addueti,</strong></span> 
     </span>
    </p>
   </div>
   <div class='ocr_carea' id='block_1_88' title="bbox 2072 3018 3669 3094">
    <p class='ocr_par' dir='ltr' id='par_1_88' title="bbox 2072 3018 3669 3094">
     <span class='ocr_line' id='line_1_89' title="bbox 2072 3018 3669 3094; baseline 0.003 -19"><span class='ocrx_word' id='word_1_664' title='bbox 2072 3018 2387 3076; x_wconf 79' lang='lat' dir='ltr'><strong>existimant</strong></span> <span class='ocrx_word' id='word_1_665' title='bbox 2430 3018 2688 3094; x_wconf 78' lang='lat' dir='ltr'><strong>Hilarium</strong></span> <span class='ocrx_word' id='word_1_666' title='bbox 2736 3029 2863 3094; x_wconf 68' lang='lat' dir='ltr'><strong>ante</strong></span> <span class='ocrx_word' id='word_1_667' title='bbox 2907 3036 2935 3072; x_wconf 90' lang='lat' dir='ltr'><strong>a</strong></span> <span class='ocrx_word' id='word_1_668' title='bbox 2980 3021 3212 3077; x_wconf 91' lang='lat' dir='ltr'><strong>concilio</strong></span> <span class='ocrx_word' id='word_1_669' title='bbox 3256 3038 3315 3077; x_wconf 86' lang='lat' dir='ltr'><strong>se</strong></span> <span class='ocrx_word' id='word_1_670' title='bbox 3358 3018 3669 3094; x_wconf 77' lang='lat' dir='ltr'><strong>recepisse,</strong></span> 
     </span>
    </p>
   </div>
   <div class='ocr_carea' id='block_1_89' title="bbox 2073 3090 3668 3165">
    <p class='ocr_par' dir='ltr' id='par_1_89' title="bbox 2073 3090 3668 3165">
     <span class='ocr_line' id='line_1_90' title="bbox 2073 3090 3668 3165; baseline 0.005 -20"><span class='ocrx_word' id='word_1_671' title='bbox 2073 3108 2232 3165; x_wconf 86' lang='lat' dir='ltr'><strong>quam</strong></span> <span class='ocrx_word' id='word_1_672' title='bbox 2256 3104 2444 3145; x_wconf 89' lang='lat' dir='ltr'><strong>omnes</strong></span> <span class='ocrx_word' id='word_1_673' title='bbox 2472 3091 2523 3144; x_wconf 91' lang='lat' dir='ltr'><strong>in</strong></span> <span class='ocrx_word' id='word_1_674' title='bbox 2555 3107 2717 3165; x_wconf 85' lang='lat' dir='ltr'><strong>unum</strong></span> <span class='ocrx_word' id='word_1_675' title='bbox 2738 3107 2774 3165; x_wconf 54' lang='grc' dir='ltr'><strong>ί)</strong></span> <span class='ocrx_word' id='word_1_676' title='bbox 2805 3090 2983 3165; x_wconf 85' lang='lat' dir='ltr'><strong>Leona</strong></span> <span class='ocrx_word' id='word_1_677' title='bbox 3011 3090 3496 3165; x_wconf 70' lang='lat' dir='ltr'><strong>congregarentur.</strong></span> <span class='ocrx_word' id='word_1_678' title='bbox 3514 3090 3668 3165; x_wconf 83' lang='lat' dir='ltr'><strong>Quod</strong></span> 
     </span>
    </p>
   </div>
   <div class='ocr_carea' id='block_1_90' title="bbox 2074 3161 3672 3236">
    <p class='ocr_par' dir='ltr' id='par_1_90' title="bbox 2074 3161 3672 3236">
     <span class='ocr_line' id='line_1_91' title="bbox 2074 3161 3672 3236; baseline 0.003 -18"><span class='ocrx_word' id='word_1_679' title='bbox 2074 3161 2400 3218; x_wconf 77' lang='lat' dir='ltr'><strong>confirmant</strong></span> <span class='ocrx_word' id='word_1_680' title='bbox 2427 3176 2502 3236; x_wconf 64' lang='lat' dir='ltr'><strong>es</strong></span> <span class='ocrx_word' id='word_1_681' title='bbox 2523 3162 2714 3236; x_wconf 76' lang='lat' dir='ltr'><strong>verbis</strong></span> <span class='ocrx_word' id='word_1_682' title='bbox 2733 3161 3016 3236; x_wconf 66' lang='lat' dir='ltr'><strong>Socratis.</strong></span> <span class='ocrx_word' id='word_1_683' title='bbox 3051 3163 3142 3218; x_wconf 89' lang='lat' dir='ltr'><strong>lib.</strong></span> <span class='ocrx_word' id='word_1_684' title='bbox 3172 3161 3243 3230; x_wconf 65' lang='lat' dir='ltr'><strong>tt,</strong></span> <span class='ocrx_word' id='word_1_685' title='bbox 3274 3180 3325 3220; x_wconf 92' lang='lat' dir='ltr'><strong>c.</strong></span> <span class='ocrx_word' id='word_1_686' title='bbox 3352 3166 3448 3233; x_wconf 71' lang='lat'><strong>40,</strong></span> <span class='ocrx_word' id='word_1_687' title='bbox 3477 3161 3672 3236; x_wconf 69' lang='lat' dir='ltr'><strong>quibus</strong></span> 
     </span>
    </p>
   </div>
   <div class='ocr_carea' id='block_1_91' title="bbox 2074 3232 3671 3308">
    <p class='ocr_par' dir='ltr' id='par_1_91' title="bbox 2074 3232 3671 3308">
     <span class='ocr_line' id='line_1_92' title="bbox 2074 3232 3671 3308; baseline 0.003 -18"><span class='ocrx_word' id='word_1_688' title='bbox 2074 3242 2445 3291; x_wconf 89' lang='lat' dir='ltr'><strong>memorantur</strong></span> <span class='ocrx_word' id='word_1_689' title='bbox 2467 3232 2715 3308; x_wconf 57' lang='lat' dir='ltr'><strong>Acaciani</strong></span> <span class='ocrx_word' id='word_1_690' title='bbox 2737 3235 2811 3308; x_wconf 15' lang='lat' dir='ltr'><strong>ad»</strong></span> <span class='ocrx_word' id='word_1_691' title='bbox 2833 3234 3108 3289; x_wconf 85' lang='lat' dir='ltr'><strong>concilium</strong></span> <span class='ocrx_word' id='word_1_692' title='bbox 3134 3252 3399 3292; x_wconf 82' lang='lat' dir='ltr'><strong>occurrere</strong></span> <span class='ocrx_word' id='word_1_693' title='bbox 3425 3232 3671 3308; x_wconf 82' lang='lat' dir='ltr'><strong>noluisse,</strong></span> 
     </span>
    </p>
   </div>
   <div class='ocr_carea' id='block_1_92' title="bbox 2072 3304 3676 3382">
    <p class='ocr_par' dir='ltr' id='par_1_92' title="bbox 2072 3304 3676 3382">
     <span class='ocr_line' id='line_1_93' title="bbox 2072 3304 3676 3382; baseline 0.003 -22"><span class='ocrx_word' id='word_1_694' title='bbox 2072 3323 2135 3382; x_wconf 78' lang='lat' dir='ltr'><strong>ea:</strong></span> <span class='ocrx_word' id='word_1_695' title='bbox 2158 3304 2703 3382; x_wconf 29' lang='lat' dir='ltr'><strong>conventulejicicndos</strong></span> <span class='ocrx_word' id='word_1_696' title='bbox 2734 3306 2876 3382; x_wconf 79' lang='lat' dir='ltr'><strong>prius</strong></span> <span class='ocrx_word' id='word_1_697' title='bbox 2904 3308 3263 3382; x_wconf 26' lang='lat' dir='ltr'><strong>esse‘dicentes</strong></span> <span class='ocrx_word' id='word_1_698' title='bbox 3283 3352 3297 3372; x_wconf 89' lang='lat'><strong>,</strong></span> <span class='ocrx_word' id='word_1_699' title='bbox 3330 3321 3437 3363; x_wconf 89' lang='lat' dir='ltr'><strong>tum</strong></span> <span class='ocrx_word' id='word_1_700' title='bbox 3466 3326 3549 3365; x_wconf 85' lang='lat' dir='ltr'><strong>eos</strong></span> <span class='ocrx_word' id='word_1_701' title='bbox 3587 3304 3676 3382; x_wconf 79' lang='lat' dir='ltr'><strong>qui</strong></span> 
     </span>
    </p>
   </div>
   <div class='ocr_carea' id='block_1_93' title="bbox 2062 3376 3677 3451">
    <p class='ocr_par' dir='ltr' id='par_1_93' title="bbox 2062 3376 3677 3451">
     <span class='ocr_line' id='line_1_94' title="bbox 2062 3376 3677 3451; baseline 0.003 -19"><span class='ocrx_word' id='word_1_702' title='bbox 2062 3380 2177 3451; x_wconf 87' lang='lat' dir='ltr'><strong>jant</strong></span> <span class='ocrx_word' id='word_1_703' title='bbox 2205 3388 2354 3434; x_wconf 85' lang='lat' dir='ltr'><strong>antea</strong></span> <span class='ocrx_word' id='word_1_704' title='bbox 2382 3376 2629 3451; x_wconf 77' lang='lat' dir='ltr'><strong>depositi,</strong></span> <span class='ocrx_word' id='word_1_705' title='bbox 2660 3387 2769 3430; x_wconf 85' lang='lat' dir='ltr'><strong>tum</strong></span> <span class='ocrx_word' id='word_1_706' title='bbox 2795 3377 2914 3451; x_wconf 83' lang='lat' dir='ltr'><strong>illos</strong></span> <span class='ocrx_word' id='word_1_707' title='bbox 2942 3378 3028 3446; x_wconf 87' lang='lat' dir='ltr'><strong>qui</strong></span> <span class='ocrx_word' id='word_1_708' title='bbox 3058 3380 3110 3432; x_wconf 86' lang='lat' dir='ltr'><strong>in</strong></span> <span class='ocrx_word' id='word_1_709' title='bbox 3136 3383 3411 3449; x_wconf 75' lang='lat' dir='ltr'><strong>prwsetttia</strong></span> <span class='ocrx_word' id='word_1_710' title='bbox 3448 3376 3677 3438; x_wconf 76' lang='lat' dir='ltr'><strong>accusati</strong></span> 
     </span>
    </p>
   </div>
   <div class='ocr_carea' id='block_1_94' title="bbox 2071 3448 3676 3519">
    <p class='ocr_par' dir='ltr' id='par_1_94' title="bbox 2071 3448 3676 3519">
     <span class='ocr_line' id='line_1_95' title="bbox 2071 3448 3676 3519; baseline 0.004 -14"><span class='ocrx_word' id='word_1_711' title='bbox 2071 3448 2236 3517; x_wconf 79' lang='lat' dir='ltr'><strong>erant,</strong></span> <span class='ocrx_word' id='word_1_712' title='bbox 2266 3451 2437 3519; x_wconf 89' lang='lat' dir='ltr'><strong>iisque</strong></span> <span class='ocrx_word' id='word_1_713' title='bbox 2458 3448 2677 3502; x_wconf 86' lang='lat' dir='ltr'><strong>tandem</strong></span> <span class='ocrx_word' id='word_1_714' title='bbox 2700 3448 2933 3519; x_wconf 82' lang='lat' dir='ltr'><strong>egressis</strong></span> <span class='ocrx_word' id='word_1_715' title='bbox 2954 3448 3269 3507; x_wconf 82' lang='lat' dir='ltr'><strong>accessisse.</strong></span> <span class='ocrx_word' id='word_1_716' title='bbox 3293 3452 3362 3509; x_wconf 82' lang='lat' dir='ltr'><strong>At</strong></span> <span class='ocrx_word' id='word_1_717' title='bbox 3385 3471 3450 3507; x_wconf 87' lang='lat' dir='ltr'><strong>eo</strong></span> <span class='ocrx_word' id='word_1_718' title='bbox 3478 3454 3531 3508; x_wconf 93' lang='lat' dir='ltr'><strong>in</strong></span> <span class='ocrx_word' id='word_1_719' title='bbox 3554 3453 3676 3511; x_wconf 90' lang='lat' dir='ltr'><strong>loco</strong></span> 
     </span>
    </p>
   </div>
   <div class='ocr_carea' id='block_1_95' title="bbox 2071 3521 3673 3595">
    <p class='ocr_par' dir='ltr' id='par_1_95' title="bbox 2071 3521 3673 3595">
     <span class='ocr_line' id='line_1_96' title="bbox 2071 3521 3673 3595; baseline 0.002 -17"><span class='ocrx_word' id='word_1_720' title='bbox 2071 3538 2179 3595; x_wconf 83' lang='lat' dir='ltr'><strong>non</strong></span> <span class='ocrx_word' id='word_1_721' title='bbox 2206 3522 2280 3595; x_wconf 88' lang='lat' dir='ltr'><strong>ait</strong></span> <span class='ocrx_word' id='word_1_722' title='bbox 2310 3521 2855 3595; x_wconf 59' lang='lat' dir='ltr'><strong>Socratescgrcsstts</strong></span> <span class='ocrx_word' id='word_1_723' title='bbox 2882 3535 3002 3595; x_wconf 75' lang='lat' dir='ltr'><strong>esse</strong></span> <span class='ocrx_word' id='word_1_724' title='bbox 3032 3524 3121 3592; x_wconf 91' lang='lat' dir='ltr'><strong>qui</strong></span> <span class='ocrx_word' id='word_1_725' title='bbox 3166 3522 3370 3579; x_wconf 90' lang='lat' dir='ltr'><strong>dudum</strong></span> <span class='ocrx_word' id='word_1_726' title='bbox 3401 3534 3555 3580; x_wconf 89' lang='lat' dir='ltr'><strong>erant</strong></span> <span class='ocrx_word' id='word_1_727' title='bbox 3581 3527 3673 3582; x_wconf 88' lang='lat' dir='ltr'><strong>ab-</strong></span> 
     </span>
    </p>
   </div>
   <div class='ocr_carea' id='block_1_96' title="bbox 2070 3589 3670 3668">
    <p class='ocr_par' dir='ltr' id='par_1_96' title="bbox 2070 3589 3670 3668">
     <span class='ocr_line' id='line_1_97' title="bbox 2070 3589 3670 3668; baseline 0.002 -19"><span class='ocrx_word' id='word_1_728' title='bbox 2070 3593 2234 3650; x_wconf 84' lang='lat' dir='ltr'><strong>dicati</strong></span> <span class='ocrx_word' id='word_1_729' title='bbox 2249 3611 2274 3668; x_wconf 91' lang='lat'><strong>_:</strong></span> <span class='ocrx_word' id='word_1_730' title='bbox 2310 3591 2436 3657; x_wconf 88' lang='lat' dir='ltr'><strong>sed,</strong></span> <span class='ocrx_word' id='word_1_731' title='bbox 2468 3589 2548 3668; x_wconf 73' lang='lat' dir='ltr'><strong>li,</strong></span> <span class='ocrx_word' id='word_1_732' title='bbox 2578 3589 2783 3668; x_wconf 66' lang='lat' dir='ltr'><strong>inquit,</strong></span> <span class='ocrx_word' id='word_1_733' title='bbox 2816 3593 2901 3659; x_wconf 81' lang='lat' dir='ltr'><strong>qui</strong></span> <span class='ocrx_word' id='word_1_734' title='bbox 2932 3592 2983 3668; x_wconf 83' lang='lat' dir='ltr'><strong>in</strong></span> <span class='ocrx_word' id='word_1_735' title='bbox 3008 3589 3199 3668; x_wconf 72' lang='lat' dir='ltr'><strong>crimen</strong></span> <span class='ocrx_word' id='word_1_736' title='bbox 3240 3597 3404 3668; x_wconf 68' lang='lat' dir='ltr'><strong>uocati</strong></span> <span class='ocrx_word' id='word_1_737' title='bbox 3429 3597 3670 3668; x_wconf 78' lang='lat' dir='ltr'><strong>fuerant,</strong></span> 
     </span>
    </p>
   </div>
   <div class='ocr_carea' id='block_1_97' title="bbox 2070 3663 3672 3737">
    <p class='ocr_par' dir='ltr' id='par_1_97' title="bbox 2070 3663 3672 3737">
     <span class='ocr_line' id='line_1_98' title="bbox 2070 3663 3672 3737; baseline 0.003 -17"><span class='ocrx_word' id='word_1_738' title='bbox 2070 3665 2260 3737; x_wconf 85' lang='lat' dir='ltr'><strong>egressi</strong></span> <span class='ocrx_word' id='word_1_739' title='bbox 2303 3673 2458 3731; x_wconf 83' lang='lat' dir='ltr'><strong>sunt;</strong></span> <span class='ocrx_word' id='word_1_740' title='bbox 2504 3663 2747 3737; x_wconf 73' lang='lat' dir='ltr'><strong>Acaciani</strong></span> <span class='ocrx_word' id='word_1_741' title='bbox 2790 3680 2905 3718; x_wconf 83' lang='lat' dir='ltr'><strong>vero</strong></span> <span class='ocrx_word' id='word_1_742' title='bbox 2936 3664 3197 3722; x_wconf 86' lang='lat' dir='ltr'><strong>introiere.</strong></span> <span class='ocrx_word' id='word_1_743' title='bbox 3247 3663 3449 3725; x_wconf 83' lang='lat' dir='ltr'><strong>Hilario</strong></span> <span class='ocrx_word' id='word_1_744' title='bbox 3491 3663 3672 3725; x_wconf 84' lang='lat' dir='ltr'><strong>autem</strong></span> 
     </span>
    </p>
   </div>
   <div class='ocr_carea' id='block_1_98' title="bbox 2073 3733 3673 3807">
    <p class='ocr_par' dir='ltr' id='par_1_98' title="bbox 2073 3733 3673 3807">
     <span class='ocr_line' id='line_1_99' title="bbox 2073 3733 3673 3807; baseline 0.003 -15"><span class='ocrx_word' id='word_1_745' title='bbox 2073 3733 2281 3792; x_wconf 62' lang='lat' dir='ltr'><strong>n&#39;ullum</strong></span> <span class='ocrx_word' id='word_1_746' title='bbox 2312 3738 2517 3791; x_wconf 88' lang='lat' dir='ltr'><strong>crimen</strong></span> <span class='ocrx_word' id='word_1_747' title='bbox 2548 3733 2817 3803; x_wconf 88' lang='lat' dir='ltr'><strong>objectum</strong></span> <span class='ocrx_word' id='word_1_748' title='bbox 2862 3736 3056 3791; x_wconf 83' lang='lat' dir='ltr'><strong>fuerat.</strong></span> <span class='ocrx_word' id='word_1_749' title='bbox 3103 3738 3306 3793; x_wconf 84' lang='lat' dir='ltr'><strong>Deinde</strong></span> <span class='ocrx_word' id='word_1_750' title='bbox 3335 3739 3455 3807; x_wconf 87' lang='lat' dir='ltr'><strong>quis</strong></span> <span class='ocrx_word' id='word_1_751' title='bbox 3485 3743 3673 3796; x_wconf 87' lang='lat' dir='ltr'><strong>credat</strong></span> 
     </span>
    </p>
   </div>
   <div class='ocr_carea' id='block_1_99' title="bbox 2071 3807 3671 3874">
    <p class='ocr_par' dir='ltr' id='par_1_99' title="bbox 2071 3807 3671 3874">
     <span class='ocr_line' id='line_1_100' title="bbox 2071 3807 3671 3874; baseline 0.002 -11"><span class='ocrx_word' id='word_1_752' title='bbox 2071 3823 2193 3863; x_wconf 91' lang='lat' dir='ltr'><strong>enm</strong></span> <span class='ocrx_word' id='word_1_753' title='bbox 2221 3823 2250 3862; x_wconf 91' lang='lat' dir='ltr'><strong>a</strong></span> <span class='ocrx_word' id='word_1_754' title='bbox 2280 3807 2513 3863; x_wconf 89' lang='lat' dir='ltr'><strong>concilio</strong></span> <span class='ocrx_word' id='word_1_755' title='bbox 2541 3807 2844 3874; x_wconf 80' lang='lat' dir='ltr'><strong>expulsum.</strong></span> <span class='ocrx_word' id='word_1_756' title='bbox 2874 3821 2995 3861; x_wconf 91' lang='lat' dir='ltr'><strong>cum</strong></span> <span class='ocrx_word' id='word_1_757' title='bbox 3021 3809 3201 3863; x_wconf 79' lang='lat' dir='ltr'><strong>Statim</strong></span> <span class='ocrx_word' id='word_1_758' title='bbox 3228 3810 3296 3864; x_wconf 91' lang='lat' dir='ltr'><strong>ab</strong></span> <span class='ocrx_word' id='word_1_759' title='bbox 3338 3811 3510 3872; x_wconf 88' lang='lat' dir='ltr'><strong>initio,</strong></span> <span class='ocrx_word' id='word_1_760' title='bbox 3549 3810 3671 3866; x_wconf 87' lang='lat' dir='ltr'><strong>Sul-</strong></span> 
     </span>
    </p>
   </div>
   <div class='ocr_carea' id='block_1_100' title="bbox 2072 3875 3648 3951">
    <p class='ocr_par' dir='ltr' id='par_1_100' title="bbox 2072 3875 3648 3951">
     <span class='ocr_line' id='line_1_101' title="bbox 2072 3875 3648 3951; baseline 0.001 -16"><span class='ocrx_word' id='word_1_761' title='bbox 2072 3881 2213 3951; x_wconf 86' lang='lat' dir='ltr'><strong>picio</strong></span> <span class='ocrx_word' id='word_1_762' title='bbox 2243 3888 2400 3951; x_wconf 83' lang='lat' dir='ltr'><strong>teste,</strong></span> <span class='ocrx_word' id='word_1_763' title='bbox 2432 3877 2526 3951; x_wconf 89' lang='lat' dir='ltr'><strong>lib.</strong></span> <span class='ocrx_word' id='word_1_764' title='bbox 2558 3892 2594 3932; x_wconf 90' lang='lat' dir='ltr'><strong>tt</strong></span> <span class='ocrx_word' id='word_1_765' title='bbox 2622 3919 2637 3943; x_wconf 95' lang='lat'><strong>,</strong></span> <span class='ocrx_word' id='word_1_766' title='bbox 2672 3875 2927 3951; x_wconf 70' lang='lat' dir='ltr'><strong>Exposita</strong></span> <span class='ocrx_word' id='word_1_767' title='bbox 2946 3879 3057 3951; x_wconf 13' lang='lat' dir='ltr'><strong>i/ide</strong></span> <span class='ocrx_word' id='word_1_768' title='bbox 3077 3896 3167 3933; x_wconf 85' lang='lat' dir='ltr'><strong>sua</strong></span> <span class='ocrx_word' id='word_1_769' title='bbox 3198 3881 3250 3933; x_wconf 87' lang='lat' dir='ltr'><strong>in</strong></span> <span class='ocrx_word' id='word_1_770' title='bbox 3272 3882 3567 3951; x_wconf 83' lang='lat' dir='ltr'><strong>societatem</strong></span> <span class='ocrx_word' id='word_1_771' title='bbox 3592 3900 3648 3937; x_wconf 88' lang='lat' dir='ltr'><strong>re</strong></span> 
     </span>
    </p>
   </div>
   <div class='ocr_carea' id='block_1_101' title="bbox 2071 3950 3663 4022">
    <p class='ocr_par' dir='ltr' id='par_1_101' title="bbox 2071 3950 3663 4022">
     <span class='ocr_line' id='line_1_102' title="bbox 2071 3950 3663 4022; baseline 0.004 -17"><span class='ocrx_word' id='word_1_772' title='bbox 2071 3960 2247 4022; x_wconf 81' lang='lat' dir='ltr'><strong>ceptus</strong></span> <span class='ocrx_word' id='word_1_773' title='bbox 2281 3950 2611 4022; x_wconf 76' lang='lat' dir='ltr'><strong>Concilioque</strong></span> <span class='ocrx_word' id='word_1_774' title='bbox 2638 3950 2865 4022; x_wconf 82' lang='lat' dir='ltr'><strong>adscitus</strong></span> <span class='ocrx_word' id='word_1_775' title='bbox 2910 3950 3013 4022; x_wconf 66' lang='lat' dir='ltr'><strong>sit?</strong></span> <span class='ocrx_word' id='word_1_776' title='bbox 3037 3952 3171 4005; x_wconf 83' lang='lat' dir='ltr'><strong>Cum</strong></span> <span class='ocrx_word' id='word_1_777' title='bbox 3211 3950 3374 4006; x_wconf 85' lang='lat' dir='ltr'><strong>etiam</strong></span> <span class='ocrx_word' id='word_1_778' title='bbox 3422 3956 3663 4010; x_wconf 87' lang='lat' dir='ltr'><strong>omnium</strong></span> 
     </span>
    </p>
   </div>
   <div class='ocr_carea' id='block_1_102' title="bbox 2072 4018 3665 4094">
    <p class='ocr_par' dir='ltr' id='par_1_102' title="bbox 2072 4018 3665 4094">
     <span class='ocr_line' id='line_1_103' title="bbox 2072 4018 3665 4094; baseline 0.003 -17"><span class='ocrx_word' id='word_1_779' title='bbox 2072 4018 2504 4094; x_wconf 82' lang='lat' dir='ltr'><strong>benevolentiam</strong></span> <span class='ocrx_word' id='word_1_780' title='bbox 2548 4018 2649 4075; x_wconf 86' lang='lat' dir='ltr'><strong>sibi</strong></span> <span class='ocrx_word' id='word_1_781' title='bbox 2695 4019 2793 4094; x_wconf 31' lang='lat' dir='ltr'><strong>ita‘</strong></span> <span class='ocrx_word' id='word_1_782' title='bbox 2814 4020 3115 4094; x_wconf 80' lang='lat' dir='ltr'><strong>conciliarit</strong></span> <span class='ocrx_word' id='word_1_783' title='bbox 3136 4033 3241 4094; x_wconf 73' lang='grc' dir='ltr'>,ιιι</span> <span class='ocrx_word' id='word_1_784' title='bbox 3274 4024 3354 4078; x_wconf 86' lang='lat' dir='ltr'><strong>vel</strong></span> <span class='ocrx_word' id='word_1_785' title='bbox 3388 4024 3489 4094; x_wconf 88' lang='lat' dir='ltr'><strong>ipsi</strong></span> <span class='ocrx_word' id='word_1_786' title='bbox 3515 4022 3665 4081; x_wconf 86' lang='lat' dir='ltr'><strong>Ano-</strong></span> 
     </span>
    </p>
   </div>
   <div class='ocr_carea' id='block_1_103' title="bbox 2071 4090 3668 4163">
    <p class='ocr_par' dir='ltr' id='par_1_103' title="bbox 2071 4090 3668 4163">
     <span class='ocr_line' id='line_1_104' title="bbox 2071 4090 3668 4163; baseline 0.002 -14"><span class='ocrx_word' id='word_1_787' title='bbox 2071 4095 2197 4150; x_wconf 80' lang='grc' dir='ltr'><strong>ιιιωὶ</strong></span> <span class='ocrx_word' id='word_1_788' title='bbox 2229 4108 2321 4148; x_wconf 87' lang='lat' dir='ltr'><strong>sua</strong></span> <span class='ocrx_word' id='word_1_789' title='bbox 2366 4091 2417 4146; x_wconf 90' lang='lat' dir='ltr'><strong>ci</strong></span> <span class='ocrx_word' id='word_1_790' title='bbox 2461 4105 2617 4146; x_wconf 84' lang='lat' dir='ltr'><strong>sens:t</strong></span> <span class='ocrx_word' id='word_1_791' title='bbox 2658 4090 2993 4146; x_wconf 82' lang='lat' dir='ltr'><strong>conﬁdenter</strong></span> <span class='ocrx_word' id='word_1_792' title='bbox 3022 4093 3320 4163; x_wconf 87' lang='lat' dir='ltr'><strong>aperirent.</strong></span> <span class='ocrx_word' id='word_1_793' title='bbox 3362 4090 3445 4150; x_wconf 79' lang='lat' dir='ltr'><strong>Nil</strong></span> <span class='ocrx_word' id='word_1_794' title='bbox 3489 4098 3668 4162; x_wconf 84' lang='lat' dir='ltr'><strong>itaque</strong></span> 
     </span>
    </p>
   </div>
   <div class='ocr_carea' id='block_1_104' title="bbox 2071 4163 3670 4237">
    <p class='ocr_par' dir='ltr' id='par_1_104' title="bbox 2071 4163 3670 4237">
     <span class='ocr_line' id='line_1_105' title="bbox 2071 4163 3670 4237; baseline 0.003 -16"><span class='ocrx_word' id='word_1_795' title='bbox 2071 4166 2246 4237; x_wconf 76' lang='lat' dir='ltr'><strong>cogit,</strong></span> <span class='ocrx_word' id='word_1_796' title='bbox 2282 4175 2337 4218; x_wconf 89' lang='lat' dir='ltr'><strong>ut</strong></span> <span class='ocrx_word' id='word_1_797' title='bbox 2363 4179 2484 4217; x_wconf 87' lang='lat' dir='ltr'><strong>eum</strong></span> <span class='ocrx_word' id='word_1_798' title='bbox 2531 4178 2558 4215; x_wconf 91' lang='lat' dir='ltr'><strong>a</strong></span> <span class='ocrx_word' id='word_1_799' title='bbox 2597 4163 2830 4237; x_wconf 87' lang='lat' dir='ltr'><strong>concilio</strong></span> <span class='ocrx_word' id='word_1_800' title='bbox 2861 4166 3151 4237; x_wconf 83' lang='lat' dir='ltr'><strong>recessisse</strong></span> <span class='ocrx_word' id='word_1_801' title='bbox 3177 4166 3523 4222; x_wconf 81' lang='lat' dir='ltr'><strong>arbitremur.</strong></span> <span class='ocrx_word' id='word_1_802' title='bbox 3561 4168 3670 4226; x_wconf 85' lang='lat' dir='ltr'><strong>Ne-</strong></span> 
     </span>
    </p>
   </div>
   <div class='ocr_carea' id='block_1_105' title="bbox 2072 4235 3668 4311">
    <p class='ocr_par' dir='ltr' id='par_1_105' title="bbox 2072 4235 3668 4311">
     <span class='ocr_line' id='line_1_106' title="bbox 2072 4235 3668 4311; baseline 0.004 -20"><span class='ocrx_word' id='word_1_803' title='bbox 2072 4235 2175 4311; x_wconf 72' lang='lat' dir='ltr'><strong>que</strong></span> <span class='ocrx_word' id='word_1_804' title='bbox 2222 4245 2506 4311; x_wconf 82' lang='lat' dir='ltr'><strong>propterea</strong></span> <span class='ocrx_word' id='word_1_805' title='bbox 2554 4236 2893 4311; x_wconf 82' lang='lat' dir='ltr'><strong>sentiendum</strong></span> <span class='ocrx_word' id='word_1_806' title='bbox 2933 4244 3046 4311; x_wconf 55' lang='lat' dir='ltr'><strong>est,</strong></span> <span class='ocrx_word' id='word_1_807' title='bbox 3076 4235 3251 4307; x_wconf 89' lang='lat' dir='ltr'><strong>ipsum</strong></span> <span class='ocrx_word' id='word_1_808' title='bbox 3282 4250 3375 4293; x_wconf 89' lang='lat' dir='ltr'><strong>attt</strong></span> <span class='ocrx_word' id='word_1_809' title='bbox 3412 4240 3668 4311; x_wconf 73' lang='lat' dir='ltr'><strong>Egyptios</strong></span> 
     </span>
    </p>
   </div>
   <div class='ocr_carea' id='block_1_106' title="bbox 2071 4306 3667 4381">
    <p class='ocr_par' dir='ltr' id='par_1_106' title="bbox 2071 4306 3667 4381">
     <span class='ocr_line' id='line_1_107' title="bbox 2071 4306 3667 4381; baseline 0.001 -16"><span class='ocrx_word' id='word_1_810' title='bbox 2071 4306 2353 4381; x_wconf 66' lang='lat' dir='ltr'><strong>episcotios</strong></span> <span class='ocrx_word' id='word_1_811' title='bbox 2395 4307 2443 4381; x_wconf 80' lang='lat' dir='ltr'><strong>ei</strong></span> <span class='ocrx_word' id='word_1_812' title='bbox 2490 4308 2777 4381; x_wconf 72' lang='lat' dir='ltr'><strong>conventui</strong></span> <span class='ocrx_word' id='word_1_813' title='bbox 2819 4306 3160 4381; x_wconf 70' lang='lat' dir='ltr'><strong>interfuisse,</strong></span> <span class='ocrx_word' id='word_1_814' title='bbox 3205 4313 3394 4379; x_wconf 91' lang='lat' dir='ltr'><strong>inquo</strong></span> <span class='ocrx_word' id='word_1_815' title='bbox 3437 4306 3667 4368; x_wconf 69' lang='lat' dir='ltr'><strong>formula</strong></span> 
     </span>
    </p>
   </div>
   <div class='ocr_carea' id='block_1_107' title="bbox 2072 4377 3666 4450">
    <p class='ocr_par' dir='ltr' id='par_1_107' title="bbox 2072 4377 3666 4450">
     <span class='ocr_line' id='line_1_108' title="bbox 2072 4377 3666 4450; baseline 0.003 -14"><span class='ocrx_word' id='word_1_816' title='bbox 2072 4377 2372 4436; x_wconf 70' lang='lat' dir='ltr'><strong>Antiochia:</strong></span> <span class='ocrx_word' id='word_1_817' title='bbox 2415 4377 2468 4433; x_wconf 91' lang='lat' dir='ltr'><strong>iu</strong></span> <span class='ocrx_word' id='word_1_818' title='bbox 2521 4379 2786 4432; x_wconf 80' lang='lat' dir='ltr'><strong>Encacniis</strong></span> <span class='ocrx_word' id='word_1_819' title='bbox 2826 4377 2966 4450; x_wconf 78' lang='lat' dir='ltr'><strong>edita</strong></span> <span class='ocrx_word' id='word_1_820' title='bbox 3017 4377 3504 4450; x_wconf 84' lang='lat' dir='ltr'><strong>subscriptionibus</strong></span> <span class='ocrx_word' id='word_1_821' title='bbox 3552 4393 3666 4440; x_wconf 89' lang='lat' dir='ltr'><strong>rata</strong></span> 
     </span>
    </p>
   </div>
   <div class='ocr_carea' id='block_1_108' title="bbox 2070 4448 3665 4520">
    <p class='ocr_par' dir='ltr' id='par_1_108' title="bbox 2070 4448 3665 4520">
     <span class='ocr_line' id='line_1_109' title="bbox 2070 4448 3665 4520; baseline 0.003 -13"><span class='ocrx_word' id='word_1_822' title='bbox 2070 4452 2210 4507; x_wconf 83' lang='lat' dir='ltr'><strong>facta</strong></span> <span class='ocrx_word' id='word_1_823' title='bbox 2234 4461 2353 4507; x_wconf 91' lang='lat' dir='ltr'><strong>est:</strong></span> <span class='ocrx_word' id='word_1_824' title='bbox 2387 4452 2625 4520; x_wconf 78' lang='lat' dir='ltr'><strong>privatus</strong></span> <span class='ocrx_word' id='word_1_825' title='bbox 2657 4452 2798 4504; x_wconf 90' lang='lat' dir='ltr'><strong>enim</strong></span> <span class='ocrx_word' id='word_1_826' title='bbox 2830 4448 2928 4504; x_wconf 85' lang='lat' dir='ltr'><strong>fuit</strong></span> <span class='ocrx_word' id='word_1_827' title='bbox 2954 4450 3045 4505; x_wconf 92' lang='lat' dir='ltr'><strong>ille</strong></span> <span class='ocrx_word' id='word_1_828' title='bbox 3071 4448 3390 4520; x_wconf 82' lang='lat' dir='ltr'><strong>conventus,</strong></span> <span class='ocrx_word' id='word_1_829' title='bbox 3416 4464 3472 4510; x_wconf 87' lang='lat' dir='ltr'><strong>et</strong></span> <span class='ocrx_word' id='word_1_830' title='bbox 3499 4471 3565 4511; x_wconf 80' lang='lat' dir='ltr'><strong>ex</strong></span> <span class='ocrx_word' id='word_1_831' title='bbox 3597 4457 3665 4512; x_wconf 89' lang='lat' dir='ltr'><strong>iis</strong></span> 
     </span>
    </p>
   </div>
   <div class='ocr_carea' id='block_1_109' title="bbox 2072 4521 3501 4592">
    <p class='ocr_par' dir='ltr' id='par_1_109' title="bbox 2072 4521 3501 4592">
     <span class='ocr_line' id='line_1_110' title="bbox 2072 4521 3501 4592; baseline -0.001 -11"><span class='ocrx_word' id='word_1_832' title='bbox 2072 4525 2201 4581; x_wconf 89' lang='lat' dir='ltr'><strong>solis</strong></span> <span class='ocrx_word' id='word_1_833' title='bbox 2229 4523 2492 4589; x_wconf 86' lang='lat' dir='ltr'><strong>constitit,</strong></span> <span class='ocrx_word' id='word_1_834' title='bbox 2522 4521 2613 4592; x_wconf 88' lang='lat' dir='ltr'><strong>qui</strong></span> <span class='ocrx_word' id='word_1_835' title='bbox 2642 4522 2983 4577; x_wconf 74' lang='grc' dir='ltr'>Ιιοιιιωιιεὶυιι</span> <span class='ocrx_word' id='word_1_836' title='bbox 3005 4522 3388 4580; x_wconf 89' lang='lat' dir='ltr'><strong>defendebant.</strong></span> <span class='ocrx_word' id='word_1_837' title='bbox 3494 4532 3501 4537; x_wconf 82' lang='lat'><em>‘</em></span> 
     </span>
    </p>
   </div>
   <div class='ocr_carea' id='block_1_110' title="bbox 448 4592 3667 4700">
    <p class='ocr_par' dir='ltr' id='par_1_110' title="bbox 448 4592 3667 4700">
     <span class='ocr_line' id='line_1_111' title="bbox 448 4592 3667 4700; baseline 0.025 -96"><span class='ocrx_word' id='word_1_838' title='bbox 448 4592 901 4700; x_wconf 54' lang='grc' dir='ltr'>ὼ</span> <span class='ocrx_word' id='word_1_839' title='bbox 1081 4592 1366 4695; x_wconf 42' lang='lat' dir='ltr'><strong>discipulus</strong></span> <span class='ocrx_word' id='word_1_840' title='bbox 1386 4623 1612 4700; x_wconf 43' lang='lat' dir='ltr'><strong>aqua“?</strong></span> <span class='ocrx_word' id='word_1_841' title='bbox 1635 4623 1817 4700; x_wconf 37' lang='lat' dir='ltr'><strong>assis-,9</strong></span> <span class='ocrx_word' id='word_1_842' title='bbox 1840 4638 1859 4676; x_wconf 66' lang='grc' dir='ltr'><strong><em>ε</em></strong></span> <span class='ocrx_word' id='word_1_843' title='bbox 1887 4622 1968 4700; x_wconf 54' lang='grc' dir='ltr'><strong>ιο..</strong></span> <span class='ocrx_word' id='word_1_844' title='bbox 1993 4598 2045 4669; x_wconf 79' lang='lat' dir='ltr'><strong>D</strong></span> <span class='ocrx_word' id='word_1_845' title='bbox 2144 4626 2207 4700; x_wconf 84' lang='lat' dir='ltr'><strong>(i)</strong></span> <span class='ocrx_word' id='word_1_846' title='bbox 2248 4625 2479 4700; x_wconf 76' lang='lat' dir='ltr'><strong>Excusi,</strong></span> <span class='ocrx_word' id='word_1_847' title='bbox 2514 4623 2828 4700; x_wconf 77' lang='lat' dir='ltr'><strong>deprehendi</strong></span> <span class='ocrx_word' id='word_1_848' title='bbox 2867 4633 2920 4677; x_wconf 86' lang='lat' dir='ltr'><strong>ut</strong></span> <span class='ocrx_word' id='word_1_849' title='bbox 2949 4622 3209 4700; x_wconf 78' lang='lat' dir='ltr'><strong>Christum</strong></span> <span class='ocrx_word' id='word_1_850' title='bbox 3227 4624 3434 4700; x_wconf 9' lang='lat' dir='ltr'><strong>rJesumr</strong></span> <span class='ocrx_word' id='word_1_851' title='bbox 3463 4639 3667 4685; x_wconf 87' lang='lat' dir='ltr'><strong>centum</strong></span> 
     </span>
    </p>
   </div>
   <div class='ocr_carea' id='block_1_111' title="bbox 372 4695 1964 4761">
    <p class='ocr_par' dir='ltr' id='par_1_111' title="bbox 372 4695 1964 4761">
     <span class='ocr_line' id='line_1_112' title="bbox 372 4695 1964 4761; baseline -0.003 -9"><span class='ocrx_word' id='word_1_852' title='bbox 372 4695 745 4759; x_wconf 57' lang='lat' dir='ltr'><strong>ens&#39;tnutilus.</strong></span> <span class='ocrx_word' id='word_1_853' title='bbox 782 4697 1134 4754; x_wconf 80' lang='lat' dir='ltr'><strong>Restauratur</strong></span> <span class='ocrx_word' id='word_1_854' title='bbox 1160 4714 1228 4753; x_wconf 78' lang='lat' dir='ltr'><strong>ex</strong></span> <span class='ocrx_word' id='word_1_855' title='bbox 1268 4713 1395 4753; x_wconf 88' lang='lat' dir='ltr'><strong>mss.</strong></span> <span class='ocrx_word' id='word_1_856' title='bbox 1436 4697 1550 4751; x_wconf 78' lang='lat' dir='ltr'><strong>Vat.</strong></span> <span class='ocrx_word' id='word_1_857' title='bbox 1583 4696 1723 4761; x_wconf 88' lang='lat' dir='ltr'><strong>bas.,</strong></span> <span class='ocrx_word' id='word_1_858' title='bbox 1752 4695 1964 4749; x_wconf 82' lang='lat' dir='ltr'><strong>Martia.</strong></span> 
     </span>
    </p>
   </div>
   <div class='ocr_carea' id='block_1_112' title="bbox 374 4767 1970 4840">
    <p class='ocr_par' dir='ltr' id='par_1_112' title="bbox 374 4767 1970 4840">
     <span class='ocr_line' id='line_1_113' title="bbox 374 4767 1970 4840; baseline -0.003 -15"><span class='ocrx_word' id='word_1_859' title='bbox 374 4780 430 4826; x_wconf 91' lang='lat' dir='ltr'><strong>et</strong></span> <span class='ocrx_word' id='word_1_860' title='bbox 455 4768 612 4826; x_wconf 84' lang='lat' dir='ltr'><strong>Colb.</strong></span> <span class='ocrx_word' id='word_1_861' title='bbox 646 4771 747 4826; x_wconf 90' lang='lat' dir='ltr'><strong>hoc</strong></span> <span class='ocrx_word' id='word_1_862' title='bbox 772 4786 934 4826; x_wconf 89' lang='lat' dir='ltr'><strong>sensu</strong></span> <span class='ocrx_word' id='word_1_863' title='bbox 966 4788 979 4825; x_wconf 91' lang='lat'><strong>:</strong></span> <span class='ocrx_word' id='word_1_864' title='bbox 1012 4772 1135 4840; x_wconf 90' lang='lat' dir='ltr'><strong>quia</strong></span> <span class='ocrx_word' id='word_1_865' title='bbox 1180 4783 1234 4824; x_wconf 87' lang='lat' dir='ltr'><strong>ut</strong></span> <span class='ocrx_word' id='word_1_866' title='bbox 1269 4770 1564 4839; x_wconf 77' lang='lat' dir='ltr'><strong>discipulus</strong></span> <span class='ocrx_word' id='word_1_867' title='bbox 1587 4767 1861 4840; x_wconf 85' lang='lat' dir='ltr'><strong>veritatis,</strong></span> <span class='ocrx_word' id='word_1_868' title='bbox 1898 4768 1970 4820; x_wconf 90' lang='lat' dir='ltr'><strong>ita</strong></span> 
     </span>
    </p>
   </div>
   <div class='ocr_carea' id='block_1_113' title="bbox 375 4839 1973 4919">
    <p class='ocr_par' dir='ltr' id='par_1_113' title="bbox 375 4839 1973 4919">
     <span class='ocr_line' id='line_1_114' title="bbox 375 4839 1973 4919; baseline -0.005 -21"><span class='ocrx_word' id='word_1_869' title='bbox 375 4858 523 4919; x_wconf 76' lang='lat' dir='ltr'><strong>nunc</strong></span> <span class='ocrx_word' id='word_1_870' title='bbox 552 4859 766 4914; x_wconf 69' lang='lat' dir='ltr'><strong>(Illoque</strong></span> <span class='ocrx_word' id='word_1_871' title='bbox 792 4842 948 4919; x_wconf 77' lang='lat' dir='ltr'><strong>testis</strong></span> <span class='ocrx_word' id='word_1_872' title='bbox 983 4839 1100 4898; x_wconf 89' lang='lat' dir='ltr'><strong>sum</strong></span> <span class='ocrx_word' id='word_1_873' title='bbox 1130 4841 1390 4897; x_wconf 86' lang='lat' dir='ltr'><strong>veritatis.</strong></span> <span class='ocrx_word' id='word_1_874' title='bbox 1421 4845 1528 4896; x_wconf 84' lang='lat' dir='ltr'><strong>Aut</strong></span> <span class='ocrx_word' id='word_1_875' title='bbox 1552 4839 1598 4919; x_wconf 73' lang='lat' dir='ltr'><strong>si</strong></span> <span class='ocrx_word' id='word_1_876' title='bbox 1637 4840 1855 4919; x_wconf 71' lang='lat' dir='ltr'><strong>verbum</strong></span> <span class='ocrx_word' id='word_1_877' title='bbox 1886 4854 1973 4919; x_wconf 76' lang='lat' dir='ltr'><strong>as-</strong></span> 
     </span>
    </p>
   </div>
   <div class='ocr_carea' id='block_1_114' title="bbox 376 4913 1972 4984">
    <p class='ocr_par' dir='ltr' id='par_1_114' title="bbox 376 4913 1972 4984">
     <span class='ocr_line' id='line_1_115' title="bbox 376 4913 1972 4984; baseline -0.004 -15"><span class='ocrx_word' id='word_1_878' title='bbox 376 4914 503 4969; x_wconf 76' lang='lat' dir='ltr'><strong>siste</strong></span> <span class='ocrx_word' id='word_1_879' title='bbox 535 4913 699 4972; x_wconf 84' lang='lat' dir='ltr'><strong>malet</strong></span> <span class='ocrx_word' id='word_1_880' title='bbox 725 4917 846 4984; x_wconf 86' lang='lat' dir='ltr'><strong>quis</strong></span> <span class='ocrx_word' id='word_1_881' title='bbox 879 4924 1202 4971; x_wconf 78' lang='lat' dir='ltr'><strong>Connectere</strong></span> <span class='ocrx_word' id='word_1_882' title='bbox 1242 4928 1364 4968; x_wconf 89' lang='lat' dir='ltr'><strong>cum</strong></span> <span class='ocrx_word' id='word_1_883' title='bbox 1407 4913 1805 4981; x_wconf 82' lang='lat' dir='ltr'><strong>superioribus;</strong></span> <span class='ocrx_word' id='word_1_884' title='bbox 1848 4913 1972 4984; x_wconf 84' lang='lat' dir='ltr'><strong>quia</strong></span> 
     </span>
    </p>
   </div>
   <div class='ocr_carea' id='block_1_115' title="bbox 378 4981 1973 5063">
    <p class='ocr_par' dir='ltr' id='par_1_115' title="bbox 378 4981 1973 5063">
     <span class='ocr_line' id='line_1_116' title="bbox 378 4981 1973 5063; baseline -0.005 -21"><span class='ocrx_word' id='word_1_885' title='bbox 378 4994 503 5063; x_wconf 69' lang='lat' dir='ltr'><strong>post</strong></span> <span class='ocrx_word' id='word_1_886' title='bbox 529 4981 778 5063; x_wconf 66' lang='lat' dir='ltr'><strong>sequitur</strong></span> <span class='ocrx_word' id='word_1_887' title='bbox 820 4988 905 5063; x_wconf 71' lang='lat' dir='ltr'><strong>ubi</strong></span> <span class='ocrx_word' id='word_1_888' title='bbox 934 4990 1101 5057; x_wconf 83' lang='lat' dir='ltr'><strong>reperi</strong></span> <span class='ocrx_word' id='word_1_889' title='bbox 1141 5002 1247 5041; x_wconf 90' lang='lat' dir='ltr'><strong>non</strong></span> <span class='ocrx_word' id='word_1_890' title='bbox 1291 4984 1377 5063; x_wconf 76' lang='lat' dir='ltr'><strong>ubi</strong></span> <span class='ocrx_word' id='word_1_891' title='bbox 1421 4984 1620 5054; x_wconf 85' lang='lat' dir='ltr'><strong>reperio</strong></span> <span class='ocrx_word' id='word_1_892' title='bbox 1643 4981 1973 5063; x_wconf 48' lang='lat' dir='ltr'><strong>ilegettdbm</strong></span> 
     </span>
    </p>
   </div>
   <div class='ocr_carea' id='block_1_116' title="bbox 378 5053 1976 5128">
    <p class='ocr_par' dir='ltr' id='par_1_116' title="bbox 378 5053 1976 5128">
     <span class='ocr_line' id='line_1_117' title="bbox 378 5053 1976 5128; baseline -0.006 -14"><span class='ocrx_word' id='word_1_893' title='bbox 378 5053 579 5115; x_wconf 67' lang='lat' dir='ltr'><strong>deinde</strong></span> <span class='ocrx_word' id='word_1_894' title='bbox 599 5053 703 5114; x_wconf 79' lang='lat' dir='ltr'><strong>erit</strong></span> <span class='ocrx_word' id='word_1_895' title='bbox 726 5074 851 5115; x_wconf 89' lang='lat' dir='ltr'><strong>cum</strong></span> <span class='ocrx_word' id='word_1_896' title='bbox 870 5053 1081 5114; x_wconf 86' lang='lat' dir='ltr'><strong>duobus</strong></span> <span class='ocrx_word' id='word_1_897' title='bbox 1110 5060 1397 5128; x_wconf 84' lang='lat' dir='ltr'><strong>postremis</strong></span> <span class='ocrx_word' id='word_1_898' title='bbox 1423 5053 1551 5111; x_wconf 75' lang='lat' dir='ltr'><strong>mss.</strong></span> <span class='ocrx_word' id='word_1_899' title='bbox 1585 5073 1608 5128; x_wconf 66' lang='grc' dir='ltr'><strong>ι</strong></span> <span class='ocrx_word' id='word_1_900' title='bbox 1637 5053 1976 5109; x_wconf 83' lang='lat' dir='ltr'><strong>Orientalium</strong></span> 
     </span>
    </p>
   </div>
   <div class='ocr_carea' id='block_1_117' title="bbox 378 5126 1970 5205">
    <p class='ocr_par' dir='ltr' id='par_1_117' title="bbox 378 5126 1970 5205">
     <span class='ocr_line' id='line_1_118' title="bbox 378 5126 1970 5205; baseline -0.005 -19"><span class='ocrx_word' id='word_1_901' title='bbox 378 5131 434 5186; x_wconf 85' lang='lat' dir='ltr'><strong>in</strong></span> <span class='ocrx_word' id='word_1_902' title='bbox 462 5129 964 5203; x_wconf 75' lang='lat' dir='ltr'><strong>Seleuciasynodu‘m</strong></span> <span class='ocrx_word' id='word_1_903' title='bbox 980 5126 1162 5203; x_wconf 67' lang='lat' dir='ltr'><strong>reperi,</strong></span> <span class='ocrx_word' id='word_1_904' title='bbox 1198 5129 1533 5205; x_wconf 79' lang='lat' dir='ltr'><strong>ubi,tantunt</strong></span> <span class='ocrx_word' id='word_1_905' title='bbox 1554 5126 1970 5205; x_wconf 26' lang='lat' dir='ltr'><strong>blatis/tentorium</strong></span> 
     </span>
    </p>
   </div>
   <div class='ocr_carea' id='block_1_118' title="bbox 378 5197 1967 5278">
    <p class='ocr_par' dir='ltr' id='par_1_118' title="bbox 378 5197 1967 5278">
     <span class='ocr_line' id='line_1_119' title="bbox 378 5197 1967 5278; baseline -0.004 -19"><span class='ocrx_word' id='word_1_906' title='bbox 378 5197 757 5278; x_wconf 52' lang='lat' dir='ltr'><strong>esuritionum;</strong></span> <span class='ocrx_word' id='word_1_907' title='bbox 780 5215 884 5278; x_wconf 33' lang='lat' dir='ltr'><strong>etc;</strong></span> <span class='ocrx_word' id='word_1_908' title='bbox 912 5197 1244 5278; x_wconf 74' lang='lat' dir='ltr'><strong>Quamquam</strong></span> <span class='ocrx_word' id='word_1_909' title='bbox 1270 5203 1363 5257; x_wconf 90' lang='lat' dir='ltr'><strong>lib.</strong></span> <span class='ocrx_word' id='word_1_910' title='bbox 1391 5217 1452 5278; x_wconf 70' lang='grc' dir='ltr'><strong>ιιι</strong></span> <span class='ocrx_word' id='word_1_911' title='bbox 1466 5200 1535 5255; x_wconf 89' lang='lat' dir='ltr'><strong>de</strong></span> <span class='ocrx_word' id='word_1_912' title='bbox 1554 5199 1774 5263; x_wconf 84' lang='lat' dir='ltr'><strong>Trtnit.,</strong></span> <span class='ocrx_word' id='word_1_913' title='bbox 1796 5216 1849 5278; x_wconf 69' lang='lat' dir='ltr'><strong>n.</strong></span> <span class='ocrx_word' id='word_1_914' title='bbox 1874 5197 1967 5278; x_wconf 55' lang='lat'><strong>20,</strong></span> 
     </span>
    </p>
   </div>
   <div class='ocr_carea' id='block_1_119' title="bbox 370 5270 1970 5348">
    <p class='ocr_par' dir='ltr' id='par_1_119' title="bbox 370 5270 1970 5348">
     <span class='ocr_line' id='line_1_120' title="bbox 370 5270 1970 5348; baseline -0.006 -18"><span class='ocrx_word' id='word_1_915' title='bbox 370 5270 513 5348; x_wconf 38' lang='lat' dir='ltr'><strong>jam&#39;</strong></span> <span class='ocrx_word' id='word_1_916' title='bbox 539 5279 768 5348; x_wconf 70' lang='lat' dir='ltr'><strong>legimus</strong></span> <span class='ocrx_word' id='word_1_917' title='bbox 796 5292 809 5328; x_wconf 89' lang='lat'><strong>:</strong></span> <span class='ocrx_word' id='word_1_918' title='bbox 841 5270 1281 5344; x_wconf 36' lang='lat' dir='ltr'><strong>Daumius—ﬁderit</strong></span> <span class='ocrx_word' id='word_1_919' title='bbox 1311 5272 1712 5348; x_wconf 73' lang='lat' dir='ltr'><strong>conﬁrmaturus</strong></span> <span class='ocrx_word' id='word_1_920' title='bbox 1733 5270 1970 5348; x_wconf 59' lang='lat' dir='ltr'><strong>assistit,</strong></span> 
     </span>
    </p>
   </div>
   <div class='ocr_carea' id='block_1_120' title="bbox 378 5339 1973 5422">
    <p class='ocr_par' dir='ltr' id='par_1_120' title="bbox 378 5339 1973 5422">
     <span class='ocr_line' id='line_1_121' title="bbox 378 5339 1973 5422; baseline -0.008 -18"><span class='ocrx_word' id='word_1_921' title='bbox 378 5339 636 5419; x_wconf 49' lang='lat' dir='ltr'><strong>palpandi</strong></span> <span class='ocrx_word' id='word_1_922' title='bbox 665 5350 896 5422; x_wconf 78' lang='lat' dir='ltr'><strong>corporis</strong></span> <span class='ocrx_word' id='word_1_923' title='bbox 921 5358 967 5403; x_wconf 84' lang='lat' dir='ltr'><strong>et</strong></span> <span class='ocrx_word' id='word_1_924' title='bbox 993 5339 1338 5403; x_wconf 73' lang='lat' dir='ltr'><strong>contrectandi</strong></span> <span class='ocrx_word' id='word_1_925' title='bbox 1360 5339 1580 5422; x_wconf 68' lang='lat' dir='ltr'><strong>uulneris</strong></span> <span class='ocrx_word' id='word_1_926' title='bbox 1606 5341 1783 5396; x_wconf 79' lang='lat' dir='ltr'><strong>obtulit</strong></span> <span class='ocrx_word' id='word_1_927' title='bbox 1811 5339 1973 5422; x_wconf 76' lang='lat' dir='ltr'><strong>[acul-</strong></span> 
     </span>
    </p>
   </div>
   <div class='ocr_carea' id='block_1_121' title="bbox 379 5416 1976 5489">
    <p class='ocr_par' dir='ltr' id='par_1_121' title="bbox 379 5416 1976 5489">
     <span class='ocr_line' id='line_1_122' title="bbox 379 5416 1976 5489; baseline -0.008 -12"><span class='ocrx_word' id='word_1_928' title='bbox 379 5416 584 5477; x_wconf 70' lang='lat' dir='ltr'><strong>tatein:</strong></span> <span class='ocrx_word' id='word_1_929' title='bbox 616 5420 706 5476; x_wconf 80' lang='lat' dir='ltr'><strong>ubi</strong></span> <span class='ocrx_word' id='word_1_930' title='bbox 755 5416 963 5489; x_wconf 88' lang='lat' dir='ltr'><strong>tempus</strong></span> <span class='ocrx_word' id='word_1_931' title='bbox 1008 5434 1248 5488; x_wconf 74' lang='lat' dir='ltr'><strong>praesens</strong></span> <span class='ocrx_word' id='word_1_932' title='bbox 1289 5418 1510 5489; x_wconf 81' lang='lat' dir='ltr'><strong>assistit,</strong></span> <span class='ocrx_word' id='word_1_933' title='bbox 1550 5416 1614 5489; x_wconf 81' lang='lat' dir='ltr'><strong>in</strong></span> <span class='ocrx_word' id='word_1_934' title='bbox 1652 5416 1976 5468; x_wconf 88' lang='lat' dir='ltr'><strong>narrationis</strong></span> 
     </span>
    </p>
   </div>
   <div class='ocr_carea' id='block_1_122' title="bbox 378 5487 1616 5563">
    <p class='ocr_par' dir='ltr' id='par_1_122' title="bbox 378 5487 1616 5563">
     <span class='ocr_line' id='line_1_123' title="bbox 378 5487 1616 5563; baseline -0.006 -16"><span class='ocrx_word' id='word_1_935' title='bbox 378 5492 633 5563; x_wconf 78' lang='lat' dir='ltr'><strong>ejusdem</strong></span> <span class='ocrx_word' id='word_1_936' title='bbox 659 5493 803 5549; x_wconf 83' lang='lat' dir='ltr'><strong>serie</strong></span> <span class='ocrx_word' id='word_1_937' title='bbox 829 5487 1030 5562; x_wconf 64' lang='lat' dir='ltr'><strong>escipii</strong></span> <span class='ocrx_word' id='word_1_938' title='bbox 1058 5494 1387 5561; x_wconf 82' lang='lat' dir='ltr'><strong>praeteritum</strong></span> <span class='ocrx_word' id='word_1_939' title='bbox 1415 5487 1616 5544; x_wconf 81' lang='lat' dir='ltr'><strong>obtulit.</strong></span> 
     </span>
    </p>
   </div>
   <div class='ocr_carea' id='block_1_123' title="bbox 456 5565 1975 5651">
    <p class='ocr_par' dir='ltr' id='par_1_123' title="bbox 456 5565 1975 5651">
     <span class='ocr_line' id='line_1_124' title="bbox 456 5565 1975 5651; baseline -0.011 -20"><span class='ocrx_word' id='word_1_940' title='bbox 456 5575 537 5647; x_wconf 81' lang='lat' dir='ltr'><strong>(lt)</strong></span> <span class='ocrx_word' id='word_1_941' title='bbox 579 5575 637 5631; x_wconf 76' lang='lat' dir='ltr'><strong>In</strong></span> <span class='ocrx_word' id='word_1_942' title='bbox 668 5576 915 5646; x_wconf 75' lang='lat' dir='ltr'><strong>vulgatis,</strong></span> <span class='ocrx_word' id='word_1_943' title='bbox 965 5584 1096 5651; x_wconf 76' lang='lat' dir='ltr'><strong>post</strong></span> <span class='ocrx_word' id='word_1_944' title='bbox 1120 5573 1450 5651; x_wconf 78' lang='lat' dir='ltr'><strong>secessionem</strong></span> <span class='ocrx_word' id='word_1_945' title='bbox 1478 5584 1658 5651; x_wconf 62' lang='lat' dir='ltr'><strong>meam:</strong></span> <span class='ocrx_word' id='word_1_946' title='bbox 1691 5565 1796 5651; x_wconf 60' lang='lat' dir='ltr'><strong>Pro</strong></span> <span class='ocrx_word' id='word_1_947' title='bbox 1828 5571 1975 5651; x_wconf 52' lang='lat' dir='ltr'><strong>post,</strong></span> 
     </span>
    </p>
   </div>
   <div class='ocr_carea' id='block_1_124' title="bbox 384 5634 1975 5721">
    <p class='ocr_par' dir='ltr' id='par_1_124' title="bbox 384 5634 1975 5721">
     <span class='ocr_line' id='line_1_125' title="bbox 384 5634 1975 5721; baseline -0.012 -15"><span class='ocrx_word' id='word_1_948' title='bbox 384 5634 579 5706; x_wconf 76' lang='lat' dir='ltr'><strong>omnes</strong></span> <span class='ocrx_word' id='word_1_949' title='bbox 600 5634 819 5705; x_wconf 77' lang='grc' dir='ltr'>οιιιιιιιῖο</span> <span class='ocrx_word' id='word_1_950' title='bbox 845 5634 975 5704; x_wconf 55' lang='lat' dir='ltr'><strong>mss:</strong></span> <span class='ocrx_word' id='word_1_951' title='bbox 1011 5646 1216 5721; x_wconf 79' lang='lat' dir='ltr'><strong>habent</strong></span> <span class='ocrx_word' id='word_1_952' title='bbox 1245 5646 1506 5721; x_wconf 52' lang='lat' dir='ltr'><strong>primum;</strong></span> <span class='ocrx_word' id='word_1_953' title='bbox 1533 5655 1596 5696; x_wconf 87' lang='lat' dir='ltr'><strong>ac</strong></span> <span class='ocrx_word' id='word_1_954' title='bbox 1622 5634 1975 5721; x_wconf 55' lang='lat' dir='ltr'><strong>deindeTell.</strong></span> 
     </span>
    </p>
   </div>
   <div class='ocr_carea' id='block_1_125' title="bbox 385 5712 1982 5792">
    <p class='ocr_par' dir='ltr' id='par_1_125' title="bbox 385 5712 1982 5792">
     <span class='ocr_line' id='line_1_126' title="bbox 385 5712 1982 5792; baseline -0.011 -15"><span class='ocrx_word' id='word_1_955' title='bbox 385 5724 758 5779; x_wconf 78' lang='lat' dir='ltr'><strong>successionem</strong></span> <span class='ocrx_word' id='word_1_956' title='bbox 785 5736 971 5787; x_wconf 80' lang='lat' dir='ltr'><strong>meam,</strong></span> <span class='ocrx_word' id='word_1_957' title='bbox 1002 5719 1132 5777; x_wconf 87' lang='lat' dir='ltr'><strong>Silv.</strong></span> <span class='ocrx_word' id='word_1_958' title='bbox 1166 5712 1438 5792; x_wconf 82' lang='lat' dir='ltr'><strong>sessionem</strong></span> <span class='ocrx_word' id='word_1_959' title='bbox 1460 5716 1513 5769; x_wconf 81' lang='lat' dir='ltr'><strong>in</strong></span> <span class='ocrx_word' id='word_1_960' title='bbox 1538 5727 1629 5780; x_wconf 86' lang='lat' dir='ltr'><strong>ea;</strong></span> <span class='ocrx_word' id='word_1_961' title='bbox 1652 5712 1873 5792; x_wconf 66' lang='lat' dir='ltr'><strong>reliqui,</strong></span> <span class='ocrx_word' id='word_1_962' title='bbox 1904 5723 1982 5790; x_wconf 70' lang='lat' dir='ltr'><strong>sc-</strong></span> 
     </span>
    </p>
   </div>
   <div class='ocr_carea' id='block_1_126' title="bbox 387 5781 1983 5863">
    <p class='ocr_par' dir='ltr' id='par_1_126' title="bbox 387 5781 1983 5863">
     <span class='ocr_line' id='line_1_127' title="bbox 387 5781 1983 5863; baseline -0.013 -11"><span class='ocrx_word' id='word_1_963' title='bbox 387 5798 669 5851; x_wconf 79' lang='lat' dir='ltr'><strong>cessionem</strong></span> <span class='ocrx_word' id='word_1_964' title='bbox 691 5811 874 5850; x_wconf 85' lang='lat' dir='ltr'><strong>meam.</strong></span> <span class='ocrx_word' id='word_1_965' title='bbox 904 5781 1182 5863; x_wconf 64' lang='lat' dir='ltr'><strong>Espuncta</strong></span> <span class='ocrx_word' id='word_1_966' title='bbox 1204 5790 1378 5863; x_wconf 80' lang='lat' dir='ltr'><strong>littera</strong></span> <span class='ocrx_word' id='word_1_967' title='bbox 1397 5804 1468 5855; x_wconf 87' lang='grc' dir='ltr'>ιιι,</span> <span class='ocrx_word' id='word_1_968' title='bbox 1491 5800 1611 5863; x_wconf 76' lang='lat' dir='ltr'><strong>qua:</strong></span> <span class='ocrx_word' id='word_1_969' title='bbox 1634 5781 1983 5863; x_wconf 76' lang='lat' dir='ltr'><strong>veteribusin</strong></span> 
     </span>
    </p>
   </div>
   <div class='ocr_carea' id='block_1_127' title="bbox 392 5854 1988 5934">
    <p class='ocr_par' dir='ltr' id='par_1_127' title="bbox 392 5854 1988 5934">
     <span class='ocr_line' id='line_1_128' title="bbox 392 5854 1988 5934; baseline -0.01 -12"><span class='ocrx_word' id='word_1_970' title='bbox 392 5866 546 5927; x_wconf 89' lang='lat' dir='ltr'><strong>libris</strong></span> <span class='ocrx_word' id='word_1_971' title='bbox 587 5868 643 5925; x_wconf 89' lang='lat' dir='ltr'><strong>in</strong></span> <span class='ocrx_word' id='word_1_972' title='bbox 689 5868 795 5924; x_wconf 84' lang='lat' dir='ltr'><strong>line</strong></span> <span class='ocrx_word' id='word_1_973' title='bbox 831 5854 1119 5924; x_wconf 67' lang='lat' dir='ltr'><strong>verborum</strong></span> <span class='ocrx_word' id='word_1_974' title='bbox 1161 5861 1461 5934; x_wconf 70' lang='lat' dir='ltr'><strong>saepissime</strong></span> <span class='ocrx_word' id='word_1_975' title='bbox 1507 5854 1776 5924; x_wconf 79' lang='lat' dir='ltr'><strong>abundat,</strong></span> <span class='ocrx_word' id='word_1_976' title='bbox 1816 5860 1988 5909; x_wconf 86' lang='lat' dir='ltr'><strong>restat</strong></span> 
     </span>
    </p>
   </div>
   <div class='ocr_carea' id='block_1_128' title="bbox 2069 4695 3667 4770">
    <p class='ocr_par' dir='ltr' id='par_1_128' title="bbox 2069 4695 3667 4770">
     <span class='ocr_line' id='line_1_129' title="bbox 2069 4695 3667 4770; baseline 0.003 -17"><span class='ocrx_word' id='word_1_977' title='bbox 2069 4710 2119 4754; x_wconf 89' lang='lat' dir='ltr'><strong>et</strong></span> <span class='ocrx_word' id='word_1_978' title='bbox 2143 4695 2366 4770; x_wconf 79' lang='lat' dir='ltr'><strong>quinque</strong></span> <span class='ocrx_word' id='word_1_979' title='bbox 2393 4697 2620 4770; x_wconf 84' lang='lat' dir='ltr'><strong>episcopi</strong></span> <span class='ocrx_word' id='word_1_980' title='bbox 2645 4695 2951 4770; x_wconf 68' lang='grc' dir='ltr'><strong>ὁμοιούσιον.</strong></span> <span class='ocrx_word' id='word_1_981' title='bbox 2981 4697 3037 4749; x_wconf 90' lang='lat' dir='ltr'><strong>id</strong></span> <span class='ocrx_word' id='word_1_982' title='bbox 3060 4708 3162 4759; x_wconf 86' lang='lat' dir='ltr'><strong>est,</strong></span> <span class='ocrx_word' id='word_1_983' title='bbox 3198 4699 3463 4753; x_wconf 84' lang='lat' dir='ltr'><strong>dissimilis</strong></span> <span class='ocrx_word' id='word_1_984' title='bbox 3495 4718 3667 4757; x_wconf 83' lang='lat' dir='ltr'><strong>essen-</strong></span> 
     </span>
    </p>
   </div>
   <div class='ocr_carea' id='block_1_129' title="bbox 2072 4768 3668 4838">
    <p class='ocr_par' dir='ltr' id='par_1_129' title="bbox 2072 4768 3668 4838">
     <span class='ocr_line' id='line_1_130' title="bbox 2072 4768 3668 4838; baseline 0.003 -13"><span class='ocrx_word' id='word_1_985' title='bbox 2072 4768 2176 4834; x_wconf 72' lang='lat' dir='ltr'><strong>tiat,</strong></span> <span class='ocrx_word' id='word_1_986' title='bbox 2194 4770 2390 4825; x_wconf 88' lang='lat' dir='ltr'><strong>additis</strong></span> <span class='ocrx_word' id='word_1_987' title='bbox 2406 4768 2744 4838; x_wconf 79' lang='lat' dir='ltr'><strong>quibusdam,</strong></span> <span class='ocrx_word' id='word_1_988' title='bbox 2770 4769 3010 4837; x_wconf 83' lang='lat' dir='ltr'><strong>pluribus</strong></span> <span class='ocrx_word' id='word_1_989' title='bbox 3028 4771 3269 4823; x_wconf 85' lang='lat' dir='ltr'><strong>omissis:</strong></span> <span class='ocrx_word' id='word_1_990' title='bbox 3296 4780 3668 4828; x_wconf 77' lang='lat' dir='ltr'><strong>reSIanrautur</strong></span> 
     </span>
    </p>
   </div>
   <div class='ocr_carea' id='block_1_130' title="bbox 2074 4838 3661 4903">
    <p class='ocr_par' dir='ltr' id='par_1_130' title="bbox 2074 4838 3661 4903">
     <span class='ocr_line' id='line_1_131' title="bbox 2074 4838 3661 4903; baseline 0.001 -5"><span class='ocrx_word' id='word_1_991' title='bbox 2074 4858 2139 4898; x_wconf 82' lang='lat' dir='ltr'><strong>ex</strong></span> <span class='ocrx_word' id='word_1_992' title='bbox 2164 4857 2292 4897; x_wconf 88' lang='lat' dir='ltr'><strong>mss.</strong></span> <span class='ocrx_word' id='word_1_993' title='bbox 2321 4839 2583 4895; x_wconf 68' lang='lat' dir='ltr'><strong>Vaticana:</strong></span> <span class='ocrx_word' id='word_1_994' title='bbox 2613 4838 2867 4903; x_wconf 68' lang='lat' dir='ltr'><strong>basilicte,</strong></span> <span class='ocrx_word' id='word_1_995' title='bbox 2895 4838 3212 4893; x_wconf 85' lang='lat' dir='ltr'><strong>Martiniano</strong></span> <span class='ocrx_word' id='word_1_996' title='bbox 3240 4856 3292 4896; x_wconf 89' lang='lat' dir='ltr'><strong>et</strong></span> <span class='ocrx_word' id='word_1_997' title='bbox 3315 4843 3623 4898; x_wconf 68' lang='lat' dir='ltr'><strong>tjolbertino</strong></span> <span class='ocrx_word' id='word_1_998' title='bbox 3647 4863 3661 4900; x_wconf 89' lang='lat'><strong>:</strong></span> 
     </span>
    </p>
   </div>
   <div class='ocr_carea' id='block_1_131' title="bbox 2075 4907 3669 4972">
    <p class='ocr_par' dir='ltr' id='par_1_131' title="bbox 2075 4907 3669 4972">
     <span class='ocr_line' id='line_1_132' title="bbox 2075 4907 3669 4972; baseline 0.002 -3"><span class='ocrx_word' id='word_1_999' title='bbox 2075 4931 2196 4969; x_wconf 90' lang='lat' dir='ltr'><strong>cum</strong></span> <span class='ocrx_word' id='word_1_1000' title='bbox 2239 4929 2266 4967; x_wconf 92' lang='lat' dir='ltr'><strong>a</strong></span> <span class='ocrx_word' id='word_1_1001' title='bbox 2291 4912 2501 4967; x_wconf 78' lang='lat' dir='ltr'><strong>caeteris</strong></span> <span class='ocrx_word' id='word_1_1002' title='bbox 2533 4912 2693 4964; x_wconf 89' lang='lat' dir='ltr'><strong>etiam</strong></span> <span class='ocrx_word' id='word_1_1003' title='bbox 2735 4910 2874 4966; x_wconf 83' lang='lat' dir='ltr'><strong>absit</strong></span> <span class='ocrx_word' id='word_1_1004' title='bbox 2903 4907 3164 4964; x_wconf 81' lang='lat' dir='ltr'><strong>Christum</strong></span> <span class='ocrx_word' id='word_1_1005' title='bbox 3191 4912 3390 4969; x_wconf 80' lang='lat' dir='ltr'><strong>Jcsum.</strong></span> <span class='ocrx_word' id='word_1_1006' title='bbox 3416 4914 3669 4972; x_wconf 86' lang='lat' dir='ltr'><strong>Testatur</strong></span> 
     </span>
    </p>
   </div>
   <div class='ocr_carea' id='block_1_132' title="bbox 2076 4981 3662 5057">
    <p class='ocr_par' dir='ltr' id='par_1_132' title="bbox 2076 4981 3662 5057">
     <span class='ocr_line' id='line_1_133' title="bbox 2076 4981 3662 5057; baseline 0.004 -21"><span class='ocrx_word' id='word_1_1007' title='bbox 2076 4985 2291 5057; x_wconf 86' lang='lat' dir='ltr'><strong>quidem</strong></span> <span class='ocrx_word' id='word_1_1008' title='bbox 2321 4985 2596 5057; x_wconf 75' lang='lat' dir='ltr'><strong>Sperates,</strong></span> <span class='ocrx_word' id='word_1_1009' title='bbox 2626 4982 2716 5035; x_wconf 88' lang='lat' dir='ltr'><strong>lib.</strong></span> <span class='ocrx_word' id='word_1_1010' title='bbox 2750 4986 2807 5048; x_wconf 78' lang='lat' dir='ltr'><strong>tt,</strong></span> <span class='ocrx_word' id='word_1_1011' title='bbox 2843 4998 2892 5057; x_wconf 85' lang='lat' dir='ltr'><strong>c.</strong></span> <span class='ocrx_word' id='word_1_1012' title='bbox 2921 4981 3011 5049; x_wconf 79' lang='grc'><strong>59,</strong></span> <span class='ocrx_word' id='word_1_1013' title='bbox 3040 4998 3069 5036; x_wconf 85' lang='lat' dir='ltr'><strong>a</strong></span> <span class='ocrx_word' id='word_1_1014' title='bbox 3099 4997 3246 5053; x_wconf 80' lang='lat' dir='ltr'><strong>parte</strong></span> <span class='ocrx_word' id='word_1_1015' title='bbox 3278 4989 3662 5042; x_wconf 76' lang='lat' dir='ltr'><strong>Attulitceurum</strong></span> 
     </span>
    </p>
   </div>
   <div class='ocr_carea' id='block_1_133' title="bbox 2077 5055 3667 5126">
    <p class='ocr_par' dir='ltr' id='par_1_133' title="bbox 2077 5055 3667 5126">
     <span class='ocr_line' id='line_1_134' title="bbox 2077 5055 3667 5126; baseline 0.003 -15"><span class='ocrx_word' id='word_1_1016' title='bbox 2077 5055 2292 5112; x_wconf 78' lang='lat' dir='ltr'><strong>stetisse</strong></span> <span class='ocrx_word' id='word_1_1017' title='bbox 2315 5055 2527 5126; x_wconf 77' lang='lat' dir='ltr'><strong>triginta</strong></span> <span class='ocrx_word' id='word_1_1018' title='bbox 2550 5065 2779 5126; x_wconf 86' lang='lat' dir='ltr'><strong>quatuor</strong></span> <span class='ocrx_word' id='word_1_1019' title='bbox 2804 5056 3108 5123; x_wconf 88' lang='lat' dir='ltr'><strong>episcopos,</strong></span> <span class='ocrx_word' id='word_1_1020' title='bbox 3138 5057 3466 5126; x_wconf 78' lang='lat' dir='ltr'><strong>Epiphanius</strong></span> <span class='ocrx_word' id='word_1_1021' title='bbox 3488 5067 3667 5114; x_wconf 89' lang='lat' dir='ltr'><strong>autent</strong></span> 
     </span>
    </p>
   </div>
   <div class='ocr_carea' id='block_1_134' title="bbox 2078 5123 3668 5199">
    <p class='ocr_par' dir='ltr' id='par_1_134' title="bbox 2078 5123 3668 5199">
     <span class='ocr_line' id='line_1_135' title="bbox 2078 5123 3668 5199; baseline 0.001 -15"><span class='ocrx_word' id='word_1_1022' title='bbox 2078 5128 2211 5184; x_wconf 68' lang='lat' dir='ltr'><strong>hier.</strong></span> <span class='ocrx_word' id='word_1_1023' title='bbox 2240 5123 2471 5191; x_wconf 57' lang='grc' dir='ltr'><strong>ωηιξη.</strong></span> <span class='ocrx_word' id='word_1_1024' title='bbox 2499 5123 2590 5199; x_wconf 58' lang='lat'><strong>26.</strong></span> <span class='ocrx_word' id='word_1_1025' title='bbox 2622 5133 2730 5199; x_wconf 87' lang='lat' dir='ltr'><strong>tres</strong></span> <span class='ocrx_word' id='word_1_1026' title='bbox 2755 5141 2917 5199; x_wconf 88' lang='lat' dir='ltr'><strong>supra</strong></span> <span class='ocrx_word' id='word_1_1027' title='bbox 2936 5123 3282 5196; x_wconf 79' lang='lat' dir='ltr'><strong>quadraginta</strong></span> <span class='ocrx_word' id='word_1_1028' title='bbox 3314 5145 3327 5181; x_wconf 92' lang='lat'><strong>:</strong></span> <span class='ocrx_word' id='word_1_1029' title='bbox 3356 5130 3449 5183; x_wconf 90' lang='lat' dir='ltr'><strong>sed</strong></span> <span class='ocrx_word' id='word_1_1030' title='bbox 3478 5131 3668 5199; x_wconf 88' lang='lat' dir='ltr'><strong>majori</strong></span> 
     </span>
    </p>
   </div>
   <div class='ocr_carea' id='block_1_135' title="bbox 2079 5195 3673 5269">
    <p class='ocr_par' dir='ltr' id='par_1_135' title="bbox 2079 5195 3673 5269">
     <span class='ocr_line' id='line_1_136' title="bbox 2079 5195 3673 5269; baseline -0.002 -15"><span class='ocrx_word' id='word_1_1031' title='bbox 2079 5200 2184 5254; x_wconf 87' lang='lat' dir='ltr'><strong>lide</strong></span> <span class='ocrx_word' id='word_1_1032' title='bbox 2213 5199 2405 5269; x_wconf 78' lang='lat' dir='ltr'><strong>dignus</strong></span> <span class='ocrx_word' id='word_1_1033' title='bbox 2434 5205 2519 5253; x_wconf 90' lang='lat' dir='ltr'><strong>est</strong></span> <span class='ocrx_word' id='word_1_1034' title='bbox 2549 5195 2778 5251; x_wconf 86' lang='lat' dir='ltr'><strong>Hilarius</strong></span> <span class='ocrx_word' id='word_1_1035' title='bbox 2802 5195 2953 5252; x_wconf 71' lang='lat' dir='ltr'><strong>testis</strong></span> <span class='ocrx_word' id='word_1_1036' title='bbox 2977 5195 3238 5266; x_wconf 79' lang='lat' dir='ltr'><strong>oculatus,</strong></span> <span class='ocrx_word' id='word_1_1037' title='bbox 3267 5199 3476 5254; x_wconf 80' lang='lat' dir='ltr'><strong>favente</strong></span> <span class='ocrx_word' id='word_1_1038' title='bbox 3501 5195 3673 5255; x_wconf 71' lang='lat' dir='ltr'><strong>Alim-</strong></span> 
     </span>
    </p>
   </div>
   <div class='ocr_carea' id='block_1_136' title="bbox 2080 5268 3674 5339">
    <p class='ocr_par' dir='ltr' id='par_1_136' title="bbox 2080 5268 3674 5339">
     <span class='ocr_line' id='line_1_137' title="bbox 2080 5268 3674 5339; baseline 0.003 -14"><span class='ocrx_word' id='word_1_1039' title='bbox 2080 5271 2253 5337; x_wconf 88' lang='lat' dir='ltr'><strong>nasio,</strong></span> <span class='ocrx_word' id='word_1_1040' title='bbox 2281 5268 2388 5325; x_wconf 78' lang='lat' dir='ltr'><strong>lib.</strong></span> <span class='ocrx_word' id='word_1_1041' title='bbox 2429 5270 2498 5324; x_wconf 87' lang='lat' dir='ltr'><strong>de</strong></span> <span class='ocrx_word' id='word_1_1042' title='bbox 2537 5268 2765 5339; x_wconf 62' lang='lat' dir='ltr'><strong>Synod,</strong></span> <span class='ocrx_word' id='word_1_1043' title='bbox 2815 5285 2868 5339; x_wconf 93' lang='lat' dir='ltr'><strong>p.</strong></span> <span class='ocrx_word' id='word_1_1044' title='bbox 2895 5269 3022 5336; x_wconf 88' lang='lat' dir='ltr'><strong>88l,</strong></span> <span class='ocrx_word' id='word_1_1045' title='bbox 3072 5270 3159 5324; x_wconf 90' lang='lat' dir='ltr'><strong>ttbi</strong></span> <span class='ocrx_word' id='word_1_1046' title='bbox 3189 5274 3404 5325; x_wconf 85' lang='lat' dir='ltr'><strong>eosdem</strong></span> <span class='ocrx_word' id='word_1_1047' title='bbox 3446 5287 3674 5330; x_wconf 73' lang='lat' dir='ltr'><strong>nurnero</strong></span> 
     </span>
    </p>
   </div>
   <div class='ocr_carea' id='block_1_137' title="bbox 2082 5340 3668 5414">
    <p class='ocr_par' dir='ltr' id='par_1_137' title="bbox 2082 5340 3668 5414">
     <span class='ocr_line' id='line_1_138' title="bbox 2082 5340 3668 5414; baseline 0.003 -18"><span class='ocrx_word' id='word_1_1048' title='bbox 2082 5358 2281 5414; x_wconf 87' lang='lat' dir='ltr'><strong>paucos</strong></span> <span class='ocrx_word' id='word_1_1049' title='bbox 2326 5340 2597 5414; x_wconf 74' lang='lat' dir='ltr'><strong>exstitisse</strong></span> <span class='ocrx_word' id='word_1_1050' title='bbox 2646 5340 2854 5396; x_wconf 67' lang='lat' dir='ltr'><strong>scribit.</strong></span> <span class='ocrx_word' id='word_1_1051' title='bbox 2904 5341 3016 5414; x_wconf 82' lang='lat' dir='ltr'><strong>lino</strong></span> <span class='ocrx_word' id='word_1_1052' title='bbox 3063 5341 3311 5414; x_wconf 70' lang='lat' dir='ltr'><strong>Socrates</strong></span> <span class='ocrx_word' id='word_1_1053' title='bbox 3357 5341 3423 5396; x_wconf 89' lang='lat' dir='ltr'><strong>ad</strong></span> <span class='ocrx_word' id='word_1_1054' title='bbox 3480 5345 3668 5401; x_wconf 84' lang='lat' dir='ltr'><strong>Hilarii</strong></span> 
     </span>
    </p>
   </div>
   <div class='ocr_carea' id='block_1_138' title="bbox 2080 5411 3672 5481">
    <p class='ocr_par' dir='ltr' id='par_1_138' title="bbox 2080 5411 3672 5481">
     <span class='ocr_line' id='line_1_139' title="bbox 2080 5411 3672 5481; baseline 0.002 -12"><span class='ocrx_word' id='word_1_1055' title='bbox 2080 5411 2402 5471; x_wconf 82' lang='lat' dir='ltr'><strong>sententiam</strong></span> <span class='ocrx_word' id='word_1_1056' title='bbox 2428 5411 2661 5481; x_wconf 83' lang='lat' dir='ltr'><strong>quodam</strong></span> <span class='ocrx_word' id='word_1_1057' title='bbox 2690 5413 2849 5468; x_wconf 88' lang='lat' dir='ltr'><strong>modo</strong></span> <span class='ocrx_word' id='word_1_1058' title='bbox 2875 5413 3033 5477; x_wconf 81' lang='lat' dir='ltr'><strong>redit,</strong></span> <span class='ocrx_word' id='word_1_1059' title='bbox 3061 5427 3111 5466; x_wconf 86' lang='lat' dir='ltr'><strong>c.</strong></span> <span class='ocrx_word' id='word_1_1060' title='bbox 3153 5411 3254 5480; x_wconf 72' lang='grc'>40,</span> <span class='ocrx_word' id='word_1_1061' title='bbox 3299 5414 3424 5468; x_wconf 89' lang='lat' dir='ltr'><strong>dum</strong></span> <span class='ocrx_word' id='word_1_1062' title='bbox 3454 5419 3672 5472; x_wconf 86' lang='lat' dir='ltr'><strong>nomina</strong></span> 
     </span>
    </p>
   </div>
   <div class='ocr_carea' id='block_1_139' title="bbox 2081 5484 3676 5553">
    <p class='ocr_par' dir='ltr' id='par_1_139' title="bbox 2081 5484 3676 5553">
     <span class='ocr_line' id='line_1_140' title="bbox 2081 5484 3676 5553; baseline 0.001 -10"><span class='ocrx_word' id='word_1_1063' title='bbox 2081 5502 2269 5543; x_wconf 91' lang='lat' dir='ltr'><strong>eorum</strong></span> <span class='ocrx_word' id='word_1_1064' title='bbox 2310 5498 2626 5548; x_wconf 89' lang='lat' dir='ltr'><strong>recensens,</strong></span> <span class='ocrx_word' id='word_1_1065' title='bbox 2675 5500 2811 5553; x_wconf 88' lang='lat' dir='ltr'><strong>quos</strong></span> <span class='ocrx_word' id='word_1_1066' title='bbox 2855 5498 2977 5553; x_wconf 90' lang='lat' dir='ltr'><strong>pars</strong></span> <span class='ocrx_word' id='word_1_1067' title='bbox 3015 5484 3295 5539; x_wconf 84' lang='lat' dir='ltr'><strong>Acacianis</strong></span> <span class='ocrx_word' id='word_1_1068' title='bbox 3326 5485 3550 5541; x_wconf 87' lang='lat' dir='ltr'><strong>adversa</strong></span> <span class='ocrx_word' id='word_1_1069' title='bbox 3582 5499 3676 5544; x_wconf 89' lang='lat' dir='ltr'><strong>aut</strong></span> 
     </span>
    </p>
   </div>
   <div class='ocr_carea' id='block_1_140' title="bbox 2083 5554 3670 5629">
    <p class='ocr_par' dir='ltr' id='par_1_140' title="bbox 2083 5554 3670 5629">
     <span class='ocr_line' id='line_1_141' title="bbox 2083 5554 3670 5629; baseline 0.002 -15"><span class='ocrx_word' id='word_1_1070' title='bbox 2083 5560 2150 5615; x_wconf 88' lang='lat' dir='ltr'><strong>ab</strong></span> <span class='ocrx_word' id='word_1_1071' title='bbox 2172 5561 2503 5629; x_wconf 75' lang='lat' dir='ltr'><strong>cpiscoliatu,</strong></span> <span class='ocrx_word' id='word_1_1072' title='bbox 2528 5565 2619 5611; x_wconf 89' lang='lat' dir='ltr'><strong>aut</strong></span> <span class='ocrx_word' id='word_1_1073' title='bbox 2639 5571 2672 5610; x_wconf 88' lang='lat' dir='ltr'><strong>a</strong></span> <span class='ocrx_word' id='word_1_1074' title='bbox 2690 5554 3070 5629; x_wconf 89' lang='lat' dir='ltr'><strong>communione</strong></span> <span class='ocrx_word' id='word_1_1075' title='bbox 3091 5570 3184 5609; x_wconf 85' lang='lat' dir='ltr'><strong>sua</strong></span> <span class='ocrx_word' id='word_1_1076' title='bbox 3210 5559 3458 5624; x_wconf 84' lang='lat' dir='ltr'><strong>removit,</strong></span> <span class='ocrx_word' id='word_1_1077' title='bbox 3480 5574 3670 5617; x_wconf 89' lang='lat' dir='ltr'><strong>novem</strong></span> 
     </span>
    </p>
   </div>
   <div class='ocr_carea' id='block_1_141' title="bbox 2083 5628 3671 5700">
    <p class='ocr_par' dir='ltr' id='par_1_141' title="bbox 2083 5628 3671 5700">
     <span class='ocr_line' id='line_1_142' title="bbox 2083 5628 3671 5700; baseline 0.001 -13"><span class='ocrx_word' id='word_1_1078' title='bbox 2083 5628 2362 5700; x_wconf 88' lang='lat' dir='ltr'><strong>depositos</strong></span> <span class='ocrx_word' id='word_1_1079' title='bbox 2386 5630 2652 5694; x_wconf 88' lang='lat' dir='ltr'><strong>nominat,</strong></span> <span class='ocrx_word' id='word_1_1080' title='bbox 2688 5628 3016 5700; x_wconf 83' lang='lat' dir='ltr'><strong>totidemque</strong></span> <span class='ocrx_word' id='word_1_1081' title='bbox 3044 5638 3197 5700; x_wconf 83' lang='lat' dir='ltr'><strong>extra</strong></span> <span class='ocrx_word' id='word_1_1082' title='bbox 3234 5632 3671 5688; x_wconf 90' lang='lat' dir='ltr'><strong>communionem</strong></span> 
     </span>
    </p>
   </div>
   <div class='ocr_carea' id='block_1_142' title="bbox 2084 5695 3677 5776">
    <p class='ocr_par' dir='ltr' id='par_1_142' title="bbox 2084 5695 3677 5776">
     <span class='ocr_line' id='line_1_143' title="bbox 2084 5695 3677 5776; baseline 0 -17"><span class='ocrx_word' id='word_1_1083' title='bbox 2084 5695 2271 5760; x_wconf 80' lang='lat' dir='ltr'><strong>factos.</strong></span> <span class='ocrx_word' id='word_1_1084' title='bbox 2305 5703 2473 5776; x_wconf 81' lang='lat' dir='ltr'><strong>Porro</strong></span> <span class='ocrx_word' id='word_1_1085' title='bbox 2488 5710 2682 5776; x_wconf 85' lang='lat' dir='ltr'><strong>__totum</strong></span> <span class='ocrx_word' id='word_1_1086' title='bbox 2725 5695 3013 5776; x_wconf 74' lang='lat' dir='ltr'><strong>concilium</strong></span> <span class='ocrx_word' id='word_1_1087' title='bbox 3037 5695 3379 5776; x_wconf 52' lang='lat' dir='ltr'><strong>Athiinasius</strong></span> <span class='ocrx_word' id='word_1_1088' title='bbox 3404 5706 3677 5776; x_wconf 86' lang='lat' dir='ltr'><strong>episcopis</strong></span> 
     </span>
    </p>
   </div>
   <div class='ocr_carea' id='block_1_143' title="bbox 2086 5770 3767 5845">
    <p class='ocr_par' dir='ltr' id='par_1_143' title="bbox 2086 5770 3767 5845">
     <span class='ocr_line' id='line_1_144' title="bbox 2086 5770 3767 5845; baseline -0.001 -12"><span class='ocrx_word' id='word_1_1089' title='bbox 2086 5777 2304 5833; x_wconf 86' lang='lat' dir='ltr'><strong>circiter</strong></span> <span class='ocrx_word' id='word_1_1090' title='bbox 2325 5773 2452 5840; x_wconf 83' lang='grc'>160,</span> <span class='ocrx_word' id='word_1_1091' title='bbox 2482 5773 2732 5845; x_wconf 81' lang='lat' dir='ltr'><strong>socrates</strong></span> <span class='ocrx_word' id='word_1_1092' title='bbox 2753 5770 2972 5828; x_wconf 80' lang='lat' dir='ltr'><strong>deﬁnite</strong></span> <span class='ocrx_word' id='word_1_1093' title='bbox 2993 5770 3120 5843; x_wconf 79' lang='grc'>160,</span> <span class='ocrx_word' id='word_1_1094' title='bbox 3145 5770 3521 5834; x_wconf 81' lang='lat' dir='ltr'><strong>Theodoretus</strong></span> <span class='ocrx_word' id='word_1_1095' title='bbox 3550 5770 3677 5845; x_wconf 76' lang='grc'>150,</span> <span class='ocrx_word' id='word_1_1096' title='bbox 3760 5776 3767 5783; x_wconf 89' lang='grc'><em>’</em></span> 
     </span>
    </p>
   </div>
   <div class='ocr_carea' id='block_1_144' title="bbox 2087 5843 2665 5906">
    <p class='ocr_par' dir='ltr' id='par_1_144' title="bbox 2087 5843 2665 5906">
     <span class='ocr_line' id='line_1_145' title="bbox 2087 5843 2665 5906; baseline -0.012 0"><span class='ocrx_word' id='word_1_1097' title='bbox 2087 5846 2402 5906; x_wconf 85' lang='lat' dir='ltr'><strong>constitisse</strong></span> <span class='ocrx_word' id='word_1_1098' title='bbox 2425 5843 2665 5902; x_wconf 91' lang='lat' dir='ltr'><strong>tradunt.</strong></span> 
     </span>
    </p>
   </div>
  </div>
