3996 6330
485 308 588 366 591

1689 296 1935 355 SANC'ﬂ
1975 295 2234 353 lllLARll
2277 293 2582 353 El‘lSCOPl

3650 294 3740 352 592

488 434 543 479 et
579 423 816 495 quinque
856 418 1095 493 episcopi
1128 416 1469 475 homteusion
1492 458 1505 480 ,
1539 414 1590 470 id
1633 422 1748 482 est,
1778 412 1969 470 similis
1997 428 2087 468 es-
2117 415 2164 476 Α
2192 413 2237 469 0
2267 413 2492 470 miseras
2519 427 2678 467 :mrcs
2702 424 2873 478 meas,
2893 424 3014 482 qua:
3038 417 3144 465 tam
3169 407 3390 465 funestze
3417 409 3554 473 vocis
3578 423 3743 468 sonum
3820 436 3821 443 η

487 518 677 573 εειιιίειε
704 515 1081 586 prtedicarent,
1103 522 1161 569 et
1182 513 1367 569 decem
1396 520 1451 567 et
1472 525 1665 566 novem
1691 508 2089 575 anomtnusion,

487 608 538 663 id
597 619 682 664 est
731 607 1009 661 dissimilis
1063 606 1356 672 essentne,
1422 601 1821 673 proﬁterentur,
1876 610 1934 657 et
1988 600 2089 655 soli

486 700 725 773 ASgyplii
753 708 950 771 pra-ter
971 698 1394 774 Alexpndrinum
1425 696 1736 752 haereticum
1764 694 2091 773 (Georgium)

488 793 811 849 homousion
837 790 1275 847 constantissime
1305 789 1630 844 obtinerent.
1663 786 1823 860 573
1851 785 2092 856 Cogentc

489 885 728 961 (Conrilii
771 885 828 940 5°
872 884 978 957 die)
1046 885 1223 956 itaque
1270 882 1452 939 Leona
1516 880 1759 948 Comite,
1822 880 1874 934 in
1924 894 2090 934 unum

488 995 677 1037 onmes
705 978 781 1052 (a)
808 981 1120 1051 congregati
1161 986 1307 1034 sunt.
1341 977 1420 1033 Ex
1463 976 1575 1044 his,
1615 976 1710 1047 qui
1749 974 2090 1032 bomteusion

488 1075 878 1149 prtcdicabant,
903 1076 1069 1148 aliqui
1091 1074 1348 1131 nonnulla
1375 1075 1463 1146 pie
1481 1074 1666 1131 verbis
1689 1073 2087 1145 prrierebant:

480 1170 625 1243 quod
654 1180 709 1228 ct
733 1186 803 1226 cx
833 1170 943 1226 Deo
967 1178 1132 1237 esset,
1166 1169 1220 1225 id
1241 1176 1347 1236 est,
1372 1169 1443 1225 de
1471 1169 1776 1225 substantia
1806 1167 1899 1225 Dei
1925 1166 2088 1235 ﬁlius,

479 1274 536 1321 et
564 1280 780 1335 semper
822 1263 1033 1319 fuisset.
1073 1263 1336 1332 Quivero
1371 1262 1447 1333 (b)
1482 1261 1859 1318 anomteusion
1898 1259 2090 1316 defen-

478 1359 703 1426 debant,
735 1357 870 1413 nihil
898 1357 1002 1413 nisi
1030 1356 1469 1431 profanissimum
1492 1356 1812 1413 asserebant
1844 1372 1857 1410 :
1888 1370 2092 1426 negan-

483 1464 564 1510 tes
593 1453 883 1526 quidquam
923 1452 1244 1508 substantiae
1276 1451 1368 1507 Dei
1402 1451 1579 1508 simile
1604 1466 1727 1508 esse
1766 1465 1958 1520 posse,
1990 1466 2087 1507 nc-

481 1563 588 1616 que
617 1547 686 1604 de
730 1548 842 1602 Deo
887 1561 1046 1618 posse
1074 1545 1341 1603 exsistere
1361 1545 1794 1617 generationem,
1826 1544 1921 1601 sed
1966 1559 2092 1602 esse

478 1639 755 1696 Christum
798 1646 1136 1706 creaturam;
1168 1637 1245 1712 (ε)
1278 1639 1350 1694 ita
1374 1638 1519 1711 quod
1546 1648 1761 1695 creatus
1792 1647 1907 1707 est,
1956 1637 2006 1693 id
2037 1638 2088 1694 ci

478 1733 733 1789 nativitas
759 1732 1152 1804 deputaretur:
1184 1749 1253 1789 ex
1293 1732 1465 1789 nihilo
1500 1743 1680 1790 autem
1712 1748 1866 1799 esse;
1908 1744 1963 1789 ct
2001 1731 2087 1788 id-

475 1828 623 1885 circo
650 1843 756 1883 non
781 1842 905 1884 esse
926 1827 1120 1894 lilium,
1150 1842 1252 1884 nec
1279 1829 1391 1884 Deo
1412 1826 1668 1884 similem.

550 1922 640 1977 15.
670 1920 1016 1992 Blaspltemia:
1058 1920 1259 1994 publice
1300 1922 1633 1978 recitatte.——
1657 1921 1876 1993 Loquor
1899 1931 2081 1977 autem

477 2015 654 2085 vobis,
684 2015 827 2089 quod
853 2031 954 2088 ego
975 2016 1094 2088 ipse
1116 2017 1333 2073 recitari
1363 2017 1416 2073 in
1441 2026 1713 2073 conventu
1746 2016 1962 2088 publice
1989 2031 2083 2071 au-

472 2108 607 2175 divi,
640 2109 723 2182 (d)
753 2109 897 2182 quod
917 2108 1245 2181 pradicante
1272 2114 1530 2182 eplscopo
1552 2111 1850 2167 Antiochia:
1883 2124 2085 2180 excep-

478 2211 591 2258 tum
619 2200 938 2259 habebatur.
970 2202 1098 2259 Haec
1119 2218 1248 2275 ergo
1279 2203 1351 2259 ita
1396 2202 1540 2259 dicta
1578 2219 1701 2260 esse
1730 2204 1799 2260 ab
1837 2219 1903 2259 co
1933 2218 2085 2259 com-

471 2295 955 2352 memorabantur:
994 2314 1014 2346 ‹
1054 2296 1183 2351 Erat
1212 2296 1375 2363 Deus,
1427 2296 1571 2368 quod
1616 2304 1721 2352 est.
1772 2295 1934 2352 Pater
1973 2310 2082 2351 non

470 2397 617 2456 erat,
648 2389 773 2461 quia
805 2404 980 2459 neque
1009 2388 1060 2445 ei
1083 2389 1253 2444 Filius
1282 2409 1296 2444 :
1325 2404 1449 2445 nam
1476 2390 1521 2445 si
1550 2389 1713 2455 illius,
1745 2404 1972 2445 necesse
2000 2395 2085 2444 est

472 2491 533 2541 ut
558 2494 614 2540 et
669 2484 871 2541 femina
902 2484 991 2548 sit,
1016 2493 1071 2537 et
1099 2482 1457 2553 colloquium,
1492 2482 1564 2556 (ε)
1596 2491 1651 2539 et
1672 2482 2078 2552 sermocinatio,

467 2584 526 2632 et
554 2576 867 2646 conjunctio
894 2573 1194 2647 coniugalis
1220 2575 1406 2644 verbi,
1437 2584 1495 2631 et
1524 2575 1955 2632 blandimentum
1976 2618 1991 2643 ,
2023 2583 2080 2633 et

469 2680 810 2742 postremum
854 2668 922 2725 ad
964 2667 1336 2741 generandum
1383 2668 1647 2725 naturalis
1687 2668 2014 2724 maehinula.
2055 2686 2076 2721 ι

545 2834 719 2908 (alin
735 2832 987 2908 vulgatis,
1015 2832 1310 2908 congregati
1329 2840 1449 2908 sunt
1478 2849 1540 2908 ea:
1568 2832 1655 2908 liis
1673 2831 1761 2897 qui
1792 2829 2087 2908 ὁμοιοὶξσιον

473 2903 849 2978 ρνίὲάίταραηιξ
895 2904 1070 2975 Aliqui
1115 2920 1290 2959 eorum
1330 2919 1348 2978 ς
1399 2904 1593 2978 vitiosa
1639 2903 2084 2978 interp'ttnCIionc

469 2975 637 3034 lalsus
665 2977 901 3032 efﬁcitur
929 2990 1123 3031 sensus
1143 3018 1156 3037 ,
1189 2975 1341 3047 quasi
1375 2976 1478 3032 soli
1510 2977 1546 3031 ii
1574 2991 1601 3029 a
1636 2975 1819 3031 [.eona
1850 2991 2087 3047 congre-

468 3051 579 3120 gati
608 3051 738 3113 sint,
764 3049 855 3120 qui
886 3047 1225 3103 bomteusion
1256 3047 1646 3119 pra-dicabant.
1674 3046 2086 3120 Abundat‘quo-

470 3117 579 3193 quc
611 3117 882 3192 postrema
910 3135 1015 3175 vox
1041 3135 1240 3185 eorum,
1258 3117 1389 3190 quae
1409 3120 1738 3175 auctoritate
1767 3135 1897 3174 mss.
1924 3117 2080 3175 Colb.

468 3204 525 3250 et
552 3193 768 3248 Martin.
803 3199 1136 3248 removetur.

877 3262 964 3338 qui
980 3277 1106 3338 uero
1163 3261 1455 3337 ὁμοιούσιον
1482 3262 1823 3335 defendebant
1847 3278 1866 3317 .'
1894 3277 2082 3319 entcn-
2107 3245 2152 3308 C

469 3335 669 3392 dantur
697 3352 763 3391 ex
801 3335 1097 3406 potioribus
1130 3335 1262 3390 mss.

544 3408 613 3479 (ε)
648 3406 778 3461 Post
807 3408 883 3460 ita
911 3406 1212 3479 supplendo
1240 3416 1327 3469 ut,
1360 3405 1567 3478 integra
1597 3405 1702 3462 erit
1726 3406 1889 3464 lectio
1915 3422 2077 3477 quam

468 3478 790 3536 exhibemus
821 3493 888 3533 ex
929 3478 1033 3533 lide
1052 3492 1191 3549 mss.
1236 3493 1359 3533 cum
1394 3480 1540 3549 prius
1571 3480 1866 3549 legeretur,
1897 3478 2085 3549 Itaque

467 3550 605 3620 quod
635 3559 837 3603 creatus
868 3558 1015 3603 esset.
1049 3548 1183 3603 Tum
1209 3565 1339 3604 mss.
1372 3548 1531 3605 Colb.
1557 3559 1614 3605 et
1632 3548 1882 3616 Μαι-ηιμ,
1910 3553 1963 3605 in
1986 3548 2083 3605 Dei

468 3622 753 3692 nativita_te.
806 3620 1103 3676 Haereticos
1147 3621 1388 3692 dicentes
1426 3639 1440 3674 :
1475 3621 1633 3675 Pater
1681 3620 1845 3689 Deus,
1886 3638 2086 3692 semper

470 3693 625 3748 etiam
652 3689 826 3747 Filius
857 3700 1088 3755 creatus;
1138 3691 1272 3746 idem
1312 3693 1447 3745 enim
1488 3702 1563 3749 est
1594 3693 1648 3747 in
1688 3692 1798 3748 Deo
1827 3689 2004 3749 rreare’
2037 3703 2085 3748 et

470 3765 729 3837 gignere;
760 3762 1229 3837 ab_Antiocbenis
1274 3761 1652 3837 Beat/tyrialios
1697 3774 1918 3821 vocatos
1962 3780 2085 3822 esse

476 3834 643 3892 tradit
666 3834 1066 3901 Tbeodoretus,
1102 3834 1195 3889 lib.
1223 3851 1275 3891 tv
1306 3834 1504 3891 "teret.
1540 3834 1670 3891 Fab.
1701 3852 1750 3892 c.
1783 3838 1838 3892 4.

553 3905 634 4035 sd)
670 3906 819 3962 Hanc
849 3906 1109 3977 optimam
1159 3906 1445 3962 lectio:iem
1494 3923 1638 3980 saepe
1685 3908 1916 3963 laudatis
1947 3923 2078 3963 mss.

553 4012 554 4017 η
584 3978 635 4034 1).
667 3987 721 4035 et
749 3978 901 4033 Mart.
923 3977 1205 4034 debemus.
1238 3978 1495 4033 Eamdem
1524 3979 1791 4035 exoressit
1823 3981 2078 4035 Baronius

476 3977 635 4038 Colb.
667 3987 721 4035 et
749 3978 901 4033 Mart.
923 3977 1205 4034 debemus.
1238 3978 1495 4033 Eamdem
1524 3977 1791 4048 expressit
1823 3981 2085 4035 Baronius

472 4051 540 4106 ad
574 4066 663 4105 an.
693 4051 824 4123 559,
858 4066 912 4123 n.
949 4050 1038 4106 67.
1069 4050 1129 4106 In
1156 4050 1274 4105 aliis
1304 4062 1483 4123 autem
1516 4050 1688 4116 libris,
1719 4053 1856 4123 quod
1895 4051 2085 4122 prwdi-

471 4132 644 4178 catum
675 4121 963 4177 Antiochiae
994 4131 1260 4193 exceptum
1290 4121 1639 4177 habebatur...
1673 4121 1738 4177 ab
1766 4140 1823 4177 eo
1858 4121 2082 4178 eamme-

474 4195 997 4263 morantur:primo
1040 4193 1196 4250 deest
1223 4209 1457 4259 nomen,
1511 4193 1577 4248 ad
1626 4195 1767 4263 quod
1816 4194 2087 4251 referatur

473 4266 607 4323 illud
656 4266 719 4321 ab
765 4265 1089 4336 eo;deinde
1119 4265 1250 4320 latet
1291 4266 1411 4335 quis
1458 4265 1549 4320 ille
1591 4265 1660 4320 sit
1691 4265 1883 4335 homo,
1929 4266 2084 4336 cujus

477 4337 868 4406 impudentiam
920 4335 1053 4390 infra
1103 4345 1285 4403 stupet
1334 4336 1602 4400 Hilarius;
1656 4351 1930 4406 postremo
1974 4354 2082 4393 non

480 4409 714 4465 habetur
743 4408 795 4461 in
826 4422 986 4478 quem
1008 4406 1212 4479 cadant
1243 4407 1405 4479 verba
1442 4408 1599 4477 paulo
1629 4419 1742 4476 post
1774 4411 2081 4479 sequentia,

476 4477 855 4552 comparasset,
873 4480 965 4533 ait.
997 4477 1116 4533 Jam
1140 4492 1268 4552 vero
1294 4485 1348 4532 et
1376 4477 1579 4548 integra
1599 4489 1692 4552 est
1714 4477 1910 4544 oratio,
1945 4488 2001 4535 et
2029 4481 2080 4535 in

474 4548 783 4607 Eud'oxium
813 4549 1205 4606 Auomteornm
1238 4548 1429 4603 ducem
1461 4549 1703 4619 apprime
1728 4553 2080 4607 conveniens.

470 4621 586 4679 Nec
612 4630 875 4692 repugnat
904 4621 1048 4692 quod
1072 4620 1468 4692 Theodoretus,
1504 4620 1597 4677 lib.
1639 4637 1691 4675 iv
1721 4623 1918 4679 Haeret.
1947 4623 2079 4677 Fab.

472 4712 523 4766 c.
580 4693 636 4760 9.,
680 4691 1091 4766 'scribita'illum
1125 4691 1204 4766 ad
1249 4692 1652 4766 Seleuciensem
1695 4696 1961 4766 synodum
1994 4694 2074 4749 ire

471 4765 703 4837 iussum,
724 4764 1024 4837 accessisse
1047 4764 1288 4835 quidem,
1320 4764 1415 4837 sed
1448 4782 1552 4821 non
1578 4764 1765 4821 ausum
1794 4782 1915 4822 esse
1944 4781 2075 4822 con-

473 4835 684 4893 sessum
722 4835 949 4904 ingredi.
981 4835 1098 4891 Non
1132 4838 1277 4892 enim
1312 4836 1545 4892 Hilarius
1580 4837 1732 4904 dicit,
1764 4837 2074 4893 Eudoxium

480 4910 583 4980 hoc
608 4907 877 4980 Seleuciae
896 4907 1239 4976 praedicasse,
1268 4908 1362 4963 sed
1389 4924 1510 4964 cum
1540 4910 1675 4964 alias
1730 4909 2079 4980 praedicasset

483 4979 650 5048 (haud
675 4978 837 5034 dubie
867 4978 921 5051 in
944 4995 1010 5035 eo
1036 4990 1332 5046 conventu,
1358 4997 1518 5051 quem
1542 4978 1865 5047 Antiochiae,
1895 4981 2074 5037 statim

479 5067 643 5122 atque
674 5052 885 5125 invasit
913 5050 1051 5105 banc
1081 5052 1287 5116 sedem,
1322 5050 1682 5125 convocavit),
1726 5054 1939 5123 publice
1973 5054 2078 5108 lec-

474 5121 589 5179 tum
631 5138 753 5195 esse
798 5121 1090 5195 Seleuciae;
1134 5131 1189 5178 et
1228 5123 1441 5190 quidem
1473 5121 1779 5195 antequam
1817 5125 2073 5181 Acaciaui

471 5210 668 5250 novam
701 5193 828 5249 ﬁdei
855 5192 1142 5247 formulam
1185 5194 1444 5249 caderent
1466 5238 1481 5259 ,
1512 5207 1564 5250 et
1598 5192 1822 5264 proinde
1854 5199 1907 5251 in
1936 5212 2068 5253 con-

467 5281 622 5323 sessu
655 5267 848 5336 primo.
883 5264 975 5336 llis
1008 5265 1149 5319 favet
1170 5265 1311 5336 quod
1339 5276 1521 5321 narrat
1545 5267 1942 5332 Theodoretus,
1975 5270 2067 5323 lib.

468 5352 507 5410 tt
539 5335 675 5410 Hist.
707 5339 839 5410 cccl.
869 5353 919 5392 c.
953 5335 1061 5410 27A,
1089 5335 1399 5410 Eudoxium
1432 5338 1501 5410 ab
1530 5338 1815 5395 Eustathio
1843 5341 2071 5410 aliisque

466 5408 828 5464 Seleuciensis
855 5408 1047 5534 SKIIOdi
1085 5407 1274 5478 legatis
1305 5407 1445 5466 apud
1488 5410 1867 5477 imperatorem
1912 5407 2069 5466 accu-

466 5486 663 5534 Satum.
697 5480 839 5534 uttod
922 5481 1185 5534 orrendas
1234 5480 1286 5534 itt
1329 5479 1424 5534 Dei
1468 5479 1665 5534 Filium
1703 5482 2067 5534 blasnhemias

465 5486 667 5551 Satum,
697 5480 839 5548 quod
880 5479 1185 5551 horrendas
1234 5480 1286 5534 itt
1329 5479 1424 5534 Dei
1468 5479 1665 5535 Filium
1703 5482 2067 5551 blasphemias

462 5550 815 5622 evomuisset,
865 5548 1168 5606 Constantii
1216 5551 1267 5605 in
1300 5551 1383 5605 sui
1419 5552 1583 5621 ipsius
1630 5548 1854 5619 gratiam
1897 5570 2069 5622 quan-

462 5621 659 5675 tumvis
693 5622 944 5691 prapensi
975 5623 1109 5678 iram
1144 5632 1452 5694 temperare
1484 5625 1770 5696 nonaliter
1802 5621 2066 5696 potuisse,

458 5706 630 5817 quan;
647 5706 831 5747 earum
858 5704 1141 5750 auctorem
1161 5709 1271 5750 non
1299 5709 1379 5763 se,
1410 5694 1503 5752 sed
1534 5697 1747 5752 Aetium
1778 5694 1899 5754 esse
1920 5697 2068 5753 afﬁr-

469 5778 593 5817 man
636 5779 690 5816 o.

469 5778 690 5819 Inanoo.

530 5832 598 5913 (ε)
628 5832 689 5889 lu
717 5831 964 5905 vulgatis,
995 5835 1307 5909 colloquium
1328 5840 1599 5913 sermonis,
1634 5850 1682 5899 et
1708 5841 2053 5920 compunctio.

2196 508 2499 573 attdict'unl,
2534 504 2651 561 lucc
2680 504 2747 560 de
2774 505 2882 560 Deo
2909 503 2976 559 ab
3005 502 3224 557 homine
3254 500 3379 568 dici,
3404 514 3454 557 et
3474 503 3536 558 de
3558 502 3746 559 Christo

2196 600 2247 655 in
2277 600 2506 656 ecclesia
2538 596 2819 671 prredicari
2846 598 2860 651 ε
2895 596 3021 651 Post
3051 594 3252 649 multas
3278 603 3450 650 autem
3480 595 3749 655 istiusmodi

2195 693 2522 764 impietatcs,
2547 708 2670 748 cum
2697 691 2913 747 Patrem
2953 702 3007 745 et
3034 688 3231 744 Filium
3259 704 3324 745 ex
3356 690 3639 747 nominibus
3664 708 3749 762 po-

2196 785 2301 841 tius
2343 801 2504 855 quant
2535 799 2600 841 ex
2646 794 2837 839 natura
2864 792 3267 854 comparasset,
3304 783 3417 837 ait:
3456 802 3474 835 ‹
3508 783 3752 852 Quantum

2194 879 2338 934 enim
2367 877 2536 933 Filius
2564 892 2625 932 se
2675 876 2923 933 extendit
2950 891 3283 946 cognoscere
3313 875 3541 944 Patrem,
3571 886 3752 934 tantum

2194 973 2355 1029 Pater
2399 970 2804 1042 superextendit
2855 985 2915 1027 se
2938 969 3015 1042 (ι’)
3070 986 3139 1026 nc
3189 967 3434 1041 cognitus
3474 968 3602 1027 Filio
3625 970 3705 1027 sit.
3732 990 3753 1026 ι

2193 1068 2398 1136 Quibus
2426 1067 2686 1134 recitatis,
2718 1067 2982 1123 tumultus
3012 1077 3237 1123 exortus
3262 1073 3364 1123 est.

2265 1160 2428 1235 574
2457 1161 2542 1218 Μ.
2574 1160 3057 1216 Dissimilitudinem
3099 1176 3200 1232 quo
3236 1176 3388 1215 sensu
3421 1159 3645 1215 damnent
3679 1178 3757 1217 ne-

2191 1254 2808 1328 gantessimilitudinem.
2838 1282 2908 1294 ——
2948 1252 3085 1309 Cum
3113 1264 3293 1309 autem
3326 1252 3691 1310 intellexissent
3712 1263 3760 1311 et

2194 1352 2281 1418 hi,
2334 1348 2426 1418 qui
2476 1348 2791 1406 dissimilem
2843 1351 3016 1407 Deum
3065 1348 3288 1417 dicunt,
3334 1347 3588 1406 humanas
3621 1365 3759 1407 aures

2192 1442 2459 1521 tantaejm
2468 1441 2683 1513 pietatis
2703 1441 2867 1499 verba
2892 1456 3001 1497 non
3027 1449 3374 1513 suscepturas
3395 1455 3542 1508 esse;
3570 1456 3757 1499 rursum

2193 1537 2247 1594 bi
2274 1538 2405 1609 ipsi,
2439 1534 2518 1611 (g)
2550 1535 2771 1593 fallaces
2803 1537 2982 1607 potius
3011 1551 3172 1608 quam
3216 1535 3474 1592 Ecclesia:
3509 1536 3722 1607 episcopi
3744 1577 3758 1605 ,

2193 1632 2353 1688 fidem
2382 1631 2644 1698 scribunt,
2675 1629 2756 1704 (Ii)
2776 1630 3099 1689 homousion
3119 1640 3176 1687 et
3198 1631 3534 1689 bomteusion
3555 1641 3604 1688 et
3622 1630 3759 1687 dissi-

2193 1724 2554 1782 militudinem
2577 1725 2858 1781 damnant.
2882 1724 3037 1793 Quod
3062 1740 3185 1781 cum
3213 1723 3539 1781 contrarium
3567 1723 3622 1796 (ἱ)
3648 1723 3760 1794 ipsis

2114 1823 2163 1885 B
2189 1836 2351 1878 sensu
2392 1818 2725 1876 audientium
2752 1827 2899 1876 esset
2932 1836 2946 1875 :
2978 1818 3093 1890 ipse
3119 1832 3219 1889 ego
3248 1815 3529 1889 quemdam
3556 1831 3750 1881 eorum,

2190 1915 2280 1987 qui
2312 1912 2452 1970 forte
2473 1911 2541 1968 ad
2565 1927 2652 1969 me
2676 1911 3089 1983 pertentandum
3108 1918 3438 1977 accesserat,
3460 1907 3603 1981 quasi
3627 1908 3758 1979 igno-

2190 2022 2315 2064 rans
2353 2021 2535 2063 rerum
2580 2015 2857 2076 gestarum
2915 2011 3265 2075 percontatus
3314 2017 3472 2069 sum,
3519 1999 3636 2070 quid
3670 1998 3757 2056 sibi

2190 2101 2355 2158 vellet
2380 2098 2521 2156 istud
2540 2141 2555 2166 ,
2588 2098 2759 2170 utqui
2789 2114 2949 2154 unam
2978 2096 3337 2154 substantiam
3370 2094 3491 2151 Filii
3518 2109 3631 2151 esse
3653 2108 3755 2150 cum

2193 2195 2353 2251 Patre
2382 2194 2761 2259 damnassent,
2796 2192 2882 2248 vel
2911 2207 3033 2249 esse
3054 2192 3250 2248 similis
3276 2191 3590 2247 substantim
3616 2188 3757 2245 dene-

2193 2297 2432 2362 gassent,
2455 2286 2957 2344 dissimilitudinem
2980 2285 3321 2341 damnarent.
3346 2282 3498 2340 Tunc
3522 2282 3638 2338 mihi
3661 2281 3755 2336 ait:

2198 2403 2218 2437 e
2254 2384 2525 2441 Christum
2555 2383 2669 2437 Deo
2688 2380 2918 2436 similem
2949 2394 3055 2435 non
3085 2394 3230 2442 csse,
3260 2378 3356 2435 sed
3388 2376 3611 2434 similem
3637 2372 3757 2430 Patri

2190 2493 2332 2536 esse.
2369 2496 2388 2530 ι
2425 2477 2632 2533 Rursus
2656 2476 2759 2532 hoc
2798 2474 3083 2532 obscurius
3111 2472 3245 2530 mibi
3271 2471 3450 2528 adhuc
3483 2468 3754 2527 videbatur.

2192 2572 2270 2629 De
2295 2587 2402 2643 quo
2428 2587 2553 2628 cum
2587 2571 2782 2626 iterum
2823 2568 3216 2640 interrogarem
3238 2609 3253 2633 ,
3285 2575 3417 2625 tunc
3453 2565 3565 2622 btec
3602 2563 3668 2619 ita
3691 2562 3760 2618 lo-

2190 2675 2348 2723 cutus
2376 2676 2497 2723 est:
2535 2684 2555 2719 ε
2594 2666 2720 2722 Dico
2745 2679 2868 2722 eum
2899 2661 3219 2719 dissimilem
3247 2662 3363 2718 Deo
3387 2676 3527 2727 esse,
3554 2657 3756 2716 similem

2192 2828 2527 2899 [inponimus
2555 2827 2865 2899 colloquium
2893 2837 2939 2881 et
2968 2825 3432 2899 sermocinatio_ex
3475 2839 3597 2881 mss.
3625 2823 3755 2882 Colb.

2189 2912 2244 2957 et
2275 2896 2488 2966 Martin,
2521 2915 2584 2956 ac
2610 2896 2807 2955 deinde
2833 2910 2878 2953 et
2907 2900 3205 2974 conjungtio
3227 2913 3294 2955 ex
3323 2896 3547 2974 Carnut.

2261 2974 2331 3046 (ι)
2360 2974 2501 3046 Tres,
2523 2986 2681 3046 mss,
2710 2988 2773 3026 ne
2815 2968 3048 3046 cognitus
3095 2968 3269 3046 Filius
3297 2971 3367 3046 sit
3390 2985 3411 3024 :
3451 2984 3632 3046 prave.
3652 2970 3757 3046 litu-

2189 3040 2362 3116 penda
2394 3044 2619 3099 Eudoxii
2651 3042 3007 3116 impudentia,
3038 3044 3277 3116 quicum
3310 3042 3428 3116 hsce
3454 3042 3520 3116 de
3549 3040 3635 3095 Dei
3663 3040 3754 3116 ﬁlio

2188 3111 2608 3185 blaSphctnaret,
2657 3111 2800 3170 Aetii
2832 3124 2887 3169 et
2918 3111 3165 3170 Eunomii
3219 3111 3755 3185 patrociniumsusci-

2188 3183 2364 3255 piebal
2395 3207 2407 3243 :
2442 3203 2668 3256 quorum
2722 3188 2806 3240 hic
2836 3185 3178 3241 Thcodoreto
3207 3193 3372 3252 teste,
3414 3186 3450 3240 Ι.
3485 3201 3535 3239 ιν
3581 3183 3750 3256 llierel.

2188 3261 2319 3316 Fab.
2360 3276 2408 3317 c.
2434 3254 2491 3325 '5,
2524 3258 2876 3327 gloriabatur,
2898 3275 2968 3327 se
2997 3258 3127 3313 nihil
3156 3261 3220 3310 de
3246 3259 3400 3312 rebus
3429 3257 3608 3312 divinis
3633 3254 3759 3327 igno-

2185 3350 2323 3398 rare,
2372 3337 2460 3388 sed
2482 3324 2485 3325 ν
2504 3324 2668 3400 ipsum
2697 3331 2854 3385 etiam
2883 3326 2981 3382 Dei
3007 3330 3276 3385 essentiam
3323 3340 3500 3385 exacte
3520 3344 3577 3400 se
3603 3324 3756 3388 nosse,

2186 3398 2535 3475 canitiemque
2558 3402 2620 3455 de
2651 3400 3032 3475 Deo__notitiam
3057 3401 3276 3475 habere,
3308 3418 3464 3475 quam
3491 3398 3753 3475 ρεαδ-ψει

2189 3477 2337 3532 habet
2388 3468 2451 3531 de
2493 3492 2546 3530 se
2569 3475 2721 3541 ipso;
2769 3473 2859 3528 ille
2903 3488 3029 3529 vero
3058 3474 3197 3540 apud
3228 3468 3612 3543 Epiphaniam,
3641 3468 3751 3524 bzer.

2186 3566 2374 3613 uxvr,
2397 3565 2451 3603 η.
2481 3546 2535 3609 4,
2558 3561 2721 3600 ausus
2739 3544 3045 3602 eStdicerc:
3069 3544 3191 3601 Scio
3204 3542 3397 3608 Deum.
3413 3556 3459 3600 et
3476 3544 3598 3598 adeo
3617 3543 3759 3611 ipsum

2187 3623 2323 3686 novi,
2360 3631 2411 3673 ut
2440 3636 2503 3675 ne
2523 3617 2728 3688 quidem
2760 3634 2835 3673 me
2863 3617 3026 3686 magis
3057 3633 3285 3683 noscam,
3317 3633 3473 3685 quam
3504 3614 3756 3688 Deulil:_A_l

2181 3683 3021 3766 jam-observ-avibAthanasius,
3073 3688 3168 3745 lib.
3214 3688 3283 3766 de
3311 3683 3524 3766 Synod.
3565 3702 3598 3758 ι)

2184 3755 2417 3819 Ἀτίληοε
2448 3760 2755 3817 hominibus
2784 3761 3020 3817 tribucre
3056 3775 3162 3817 non
3193 3755 3493 3829 dubitasse,
3529 3755 3640 3831 qua:
3665 3755 3756 3810 ﬁlio

2190 3836 2287 3892 Dei
2327 3844 2602 3902 negarent.

2261 3908 2336 3980 (g)
2384 3905 2526 3963 Editi
2556 3920 2677 3980 cum
2720 3918 2850 3980 mss.
2890 3902 3029 3980 νειι.Δ
3062 3903 3206 3980 bas.._
3252 3903 3469 3980 palatio.
3515 3901 3755 3980 Sex_mss.

2188 3972 2373 4048 palatii
2392 3994 2414 4053 ς
2439 3977 2589 4053 quod
2600 3976 2889 4053 legendum
2909 3972 3527 4053 cotijectavit_Latinitis,
3551 3983 3603 4030 et
3623 3972 3763 4053 Baro:

2189 4043 2311 4105 nius
2341 4050 2407 4105 ad
2439 4043 2527 4104 an.
2559 4043 2685 4113 559,
2722 4065 2775 4105 ιι.
2807 4047 2896 4112 68,
2933 4043 3183 4117 praetulit.
3227 4046 3425 4104 Verius
3458 4043 3625 4103 tamen
3659 4043 3761 4098 libri

2187 4120 2342 4178 Colb.
2371 4131 2426 4177 et
2455 4121 2668 4176 Martin.
2700 4120 2935 4189 fallaces,
2964 4135 3100 4189 quos
3125 4120 3379 4174 nimirum
3414 4119 3634 4173 Hilarius
3655 4128 3757 4189 per:

2188 4193 2458 4248 conlaudo
2485 4183 2740 4261 expertus
2784 4202 2867 4247 est
2910 4183 3057 4247 aliud
3105 4193 3366 4262 praeferre
3394 4190 3603 4256 verbis,
3638 4183 3760 4242 aliud

2188 4267 2597 4340 animo_sent_ir_e
2633 4281 2646 4317 :
2676 4263 2936 4340 adeoun
2972 4278 3076 4318 non
3126 4262 3602 4340 esseepiscopos,
3646 4271 3760 4340 quos

2190 4350 2339 4392 num.
2364 4336 2418 4404 6,
2445 4336 2709 4389 ministros
2733 4334 2982 4403 veritatis,
3007 4344 3061 4390 et
3083 4351 3233 4389 nmn.
3263 4330 3352 4400 i2,
3385 4334 3602 4391 veritatis
3624 4330 3759 4386 disci-

2187 4409 2337 4480 pulos
2361 4422 2505 4480 esse_.
2528 4421 2627 4480 suo
2659 4407 2879 4462 nomine
2910 4406 3229 4480 declaravit.

2261 4480 2338 4551 (Ii)
2373 4480 2446 4534 Ita
2475 4478 2606 4533 Bad.
2634 4493 2757 4533 cum
2783 4493 2914 4551 mss.
2945 4478 3068 4534 Vat.
3096 4478 3237 4540 bas.,
3267 4478 3430 4533 Mich.
3449 4470 3777 4551 etSylv._nisi-

2188 4547 2331 4622 quod
2361 4558 2581 4606 careant
2616 4550 2873 4620 particula
2898 4559 2944 4604 et
2964 4561 3090 4605 ante
3116 4547 3604 4606 dissimilitudinem.
3638 4547 3760 4602 lianc

2182 4638 2507 4693 revocamus
2536 4638 2601 4694 ex
2627 4637 2757 4677 mss.
2793 4622 2944 4678 Colb.
2970 4630 3024 4677 et
3045 4622 3263 4678 Martio.
3298 4623 3350 4677 in
3384 4623 3577 4694 quibus
3607 4630 3758 4694 tamen

2189 4704 2367 4749 exstat
2410 4694 2513 4750 hoc
2540 4693 2769 4748 alterunt
2798 4694 3071 4750 'mendum
3091 4736 3105 4761 ,
3150 4694 3292 4765 quod
3324 4690 3423 4765 pro
3454 4690 3756 4752 Ιιοηιωκεὲοκν

2184 4765 2420 4823 habeant
2454 4766 2824 4821 auaimeusion.
2874 4767 3116 4823 Pessime
3159 4777 3342 4822 autem
3386 4766 3529 4827 Μὶν..
3562 4766 3689 4833 Lips.
3714 4766 3760 4814 et

2184 4837 2307 4915 Par.
2369 4848 2490 4915 post
2534 4836 2861 4915 Erasmum,
2908 4838 3063 4915 ﬁdem
3105 4840 3345 4915 scribunt
3379 4836 3758 4915 ᾄμονσίουληει

2184 4902 2482 4983 ὁμοιουᾷξου
2510 4902 2979 4983 dissimilitudinem
3019 4910 3285 4965 damnant.
3317 4902 3606 4983 Pal'amest
3632 4902 3758 4960 Hila-

2186 4978 2323 5036 rium
2368 4982 2458 5036 hic
2501 4983 2773 5051 respicere
2819 4984 2872 5037 in
2901 4982 3188 5038 formulam
3238 4982 3307 5039 ab
3349 4980 3551 5037 Acacio
3590 4978 3759 5033 Leotm

2186 5064 2516 5124 porrectam,
2546 5064 2601 5108 et
2631 5055 2681 5107 in
2717 5053 2877 5109 tertio
2918 5052 3283 5110 Seleuciensis
3310 5053 3502 5119 synodi
3528 5057 3757 5124 consessu

2185 5116 2663 5201 2‘-l"|;~‘demLeonte
2690 5141 2851 5201 opera
2883 5126 3200 5201 perlectam,
3231 5128 3282 5180 in
3312 5116 3419 5201 qua
3456 5122 3592 5192 apud
3618 5116 3760 5201 Allia-

2178 5189 2410 5263 nasinm,
2431 5197 2524 5251 lib.
2543 5198 2610 5252 de
2622 5189 2852 5268 Syri-od”
2950 5197 3076 5263 904,
3108 5207 3164 5253 et
3187 5189 3340 5268 apud
3357 5189 3662 5268 Socratem,
3677 5189 3756 5244 lib.

2177 5284 2319 5361 tunc;
2330 5272 2435 5361 Χ40,
2471 5262 2749 5361 οῳυνςξξνο
2770 5270 2829 5324 τὸ
2853 5262 2944 5344 {iis
2965 5262 3246 5344 ὁμοὸύσιοῦ
3269 5273 3354 5327 καὶ
3464 5262 3759 5361 fateatqu

2173 5341 2474 5418 assumpsi
2505 5343 2574 5402 ὡς
2626 5335 2890 5418 ὰᾉλότριέν
2922 5335 3032 5418 νει-ὦν
3077 5351 3312 5418 Γραφῶψ
3354 5344 3415 5398 τὸ
3446 5335 3512 5418 *δέ
3557 5335 3760 5418 διἰιόμοξνξν

2175 5413 2625 5486 evadendi-rigans».
2656 5413 2811 5483 Apud
2839 5413 3422 5484 Epiphanium'autem,
3445 5414 3573 5467 liter.
3594 5417 3757 5486 sunt.

2178 5498 2232 5560 n_.
2267 5481 2369 5560 25-ἲ
2410 5481 2754 5541 desideratur
2782 5481 3240 5560 νοκίὸμοιοούσιον
3259 5528 3275 5555 ,
3306 5501 3467 5556 quam
3494 5481 3759 5540 restituen-

2180 5554 2301 5610 dam
2338 5557 2510 5627 liquet
2552 5566 2663 5611 tum
2712 5573 2780 5614 ex
2829 5554 3127 5614 Athanasio
3173 5568 3231 5616 et
3262 5554 3518 5622 secrato,
3565 5563 3667 5610 tum
3699 5560 3757 5603 ex

2182 5629 2634 5702 nostrollilario.
3402 5701 3407 5702 ί
3568 5697 3578 5702 ,
3631 5695 3644 5702 ,
3703 5691 3715 5702 .

2246 5700 2306 5773 (ἱ)
2334 5700 2485 5773 Lips.
2515 5708 2572 5756 et
2595 5700 2723 5757 Par.
2753 5702 2853 5772 ipsi
2876 5702 3068 5758 sensui.
3094 5702 3317 5760 Rectius
3339 5701 3434 5757 alii
3465 5697 3603 5773 libri,
3627 5695 3755 5773 ipsis.

2172 5770 2289 5844 scil.
2321 5771 2631 5839 Anomteis;
2665 5769 2816 5829 sensu
2847 5775 3190 5844 audientium,
3212 5775 3316 5832 hoc
3341 5785 3446 5840 est,
3479 5769 3758 5833 auriumjtl-

2170 5840 2314 5899 dicio
2344 5851 2398 5900 ct
2425 5856 2685 5916 quantum
2714 5847 2780 5903 ad
2823 5840 3208 5905 vocabulorum
3233 5860 3448 5904 sonum.
