3996 6330
419 328 525 387 595

1267 328 1467 387 LIBER
1501 327 1778 387 CONTRA
1813 328 2301 390 CONSTANTIUM
2340 332 2863 391 lMPERATOREM.

3625 340 3733 398 594

417 445 560 503 Patri
594 460 754 517 posse
785 446 1042 519 intelligi;
1077 447 1201 517 quia
1233 447 1390 503 Pater
1420 447 1682 503 voluisset
1710 455 2015 505 creaturam
2042 446 2097 508 Α
2123 446 2175 503 in
2203 449 2416 505 caeteris
2447 459 2601 518 ante,
2632 450 2765 507 artis
2793 465 2906 508 sua:
2932 453 3353 520 consuetudine,
3386 462 3444 510 ut
3472 470 3568 527 per
3594 458 3732 513 recti

413 541 720 598 istiusmodi
749 556 961 611 creare,
992 559 1112 613 quzc
1148 544 1345 599 similia
1375 542 1460 599 sui
1491 543 1654 600 vellet
1684 560 1700 599 :
1729 552 1784 598 et
1814 543 2016 600 idcirco

410 643 646 700 similem
696 644 841 700 Patri
890 659 1047 710 esse,
1107 648 1231 717 quia
1285 645 1578 701 voluntatis
1636 654 1782 703 esset
1837 645 2017 717 potius

412 737 577 805 illius,
608 753 770 810 quam
798 737 1125 806 divinitatis;
1159 738 1481 797 dissimilem
1513 750 1690 795 autem
1723 740 1834 796 Deo
1858 755 2014 807 esse,

409 830 533 901 quia
586 845 760 904 neque
802 832 945 888 Deus
992 842 1169 898 esset,
1206 848 1381 905 neque
1430 848 1497 889 ex
1545 830 1679 900 D'co,
1730 831 1782 889 id
1811 840 1916 900 est,
1948 832 2018 891 de

414 925 720 981 substantia
753 925 852 981 Dei
895 936 1053 983 natus
1102 935 1266 983 esset.
1311 947 1330 980 ι
1388 927 1511 982 [lare
1552 926 1779 982 audiens
1821 926 2015 993 hebui,

410 1033 587 1089 neque
617 1016 860 1084 credidi,
890 1018 1063 1075 donec
1089 1018 1169 1092 (a)
1201 1033 1322 1074 cum
1373 1020 1587 1084 publice
1632 1036 1701 1074 cx
1748 1035 2016 1075 consensu

409 1112 653 1168 omnium
672 1125 858 1166 eorum
876 1109 1285 1189 profanissimae
1311 1111 1472 1183 hujus
1489 1112 1860 1169 similitudinis
1878 1113 2017 1168 ratio

414 1203 824 1276 praedicaretur.

482 1298 574 1355 15.
611 1296 855 1354 Damnati
883 1314 1063 1355 rursus
1106 1299 1456 1355 dominantur.
1478 1330 1550 1341 —-
1582 1299 1643 1357 lli
1673 1310 1854 1355 autem
1876 1342 1891 1368 ,
1925 1300 2015 1370 qui

411 1393 753 1450 bommusion
772 1393 1158 1464 prmdicabant,
1183 1410 1371 1451 omnes
1396 1410 1512 1461 eos,
1537 1396 1626 1466 qui
1657 1395 1889 1451 maxime
1902 1394 2017 1450 sine

408 1488 591 1560 aliquo
618 1488 920 1560 impietatis
951 1489 1157 1561 pudore
1187 1490 1655 1561 impudentissime
1682 1491 1799 1547 haec
1831 1491 2018 1563 loque-

410 1582 632 1651 bantur,
646 1583 1147 1642 condemnaverunt
1169 1585 1264 1659 (ὁ).
1289 1585 1649 1643 Condcmnati
1666 1586 1828 1662 575
1842 1584 1912 1642 ad
1925 1601 2015 1643 re-

412 1692 535 1748 gem
554 1692 709 1733 suum
725 1678 1113 1735 advolaverunt
1132 1697 1145 1734 :
1164 1680 1491 1752 exceptique
1508 1679 1811 1738 honoriﬁce
1826 1680 2015 1751 impie-

414 1779 552 1826 tates
567 1785 694 1826 suas
706 1779 904 1843 quanta
920 1781 1209 1843 potuerunt
1223 1773 1517 1830 ambitione
1532 1777 2012 1840 conﬁrmaverunt,

2121 541 2361 611 speciem
2396 557 2558 613 prava
2592 544 2910 614 confirmet,
2946 555 2998 603 et
3025 561 3127 619 per
3167 548 3394 604 rationis
3420 563 3617 606 nomen
3651 551 3734 605 in-

3766 234 3793 245 δ

2118 649 2251 691 sana
2287 637 2598 692 constituat.
2641 657 2659 690 ι
2697 639 2855 706 Nolo,
2891 658 2909 693 ι
2971 640 3166 714 inquit,
3210 661 3232 696 ι
3270 643 3436 700 verba
3466 659 3586 715 quas
3616 659 3725 701 non
3782 644 3786 648 Α

2119 728 2319 799 scripta
2349 737 2474 784 sunt
2521 730 2647 786 dici.
2686 751 2705 784 ι
2748 730 2860 787 Hoc
2890 733 3106 790 tandem
3145 749 3276 807 rogo
3310 735 3382 809 (f)
3437 737 3561 806 quis
3616 737 3732 808 cpi-

2123 824 2305 895 scopis
2328 824 2559 893 jubeat?
2589 832 2644 880 et
2672 825 2793 897 quis
2819 828 3131 898 apostolicae
3159 829 3561 900 praedicationis
3582 840 3732 889 vetet

2119 914 2384 971 formam?
2417 916 2510 972 Dic
2539 916 2708 988 prius,
2741 918 2785 973 si
2817 928 2963 975 recte
2991 919 3095 974 dici
3129 929 3285 991 putas
3313 939 3327 975 :
3361 920 3495 977 Nolo
3522 922 3723 980 adver-

2119 1026 2239 1067 sum
2270 1028 2410 1068 nova
2448 1028 2653 1068 venena
2685 1026 2851 1069 novas
2882 1014 3398 1072 medicamentorum
3426 1032 3716 1087 compara-

2123 1104 2298 1161 tiones
2321 1149 2334 1171 ,
2368 1105 2494 1161 nolo
2540 1105 2825 1162 adversum
2866 1122 3035 1163 novos
3082 1107 3265 1165 hostes
3291 1150 3306 1175 ,
3362 1125 3499 1166 nova
3532 1110 3680 1167 bella
3710 1153 3725 1177 ,

2122 1201 2249 1257 nolo
2304 1201 2590 1257 adversum
2648 1216 2817 1258 novas
2867 1201 3091 1258 insidias
3157 1204 3381 1260 consilia
3458 1206 3723 1264 recentia.

2121 1294 2177 1351 Si
2205 1294 2348 1350 enim
2390 1293 2571 1349 Ariani
2620 1294 2857 1351 limrctici
2897 1294 3102 1352 idcirco
3130 1296 3211 1368 (ῃ)
3241 1296 3580 1355 Ιιοιιιωιιεῑοη
3624 1299 3727 1355 ho-

2119 1387 2207 1443 die
2256 1386 2478 1452 evitant,
2508 1387 2633 1458 quia
2675 1388 2823 1457 prius
2870 1399 3231 1458 negaverunt;
3275 1404 3455 1448 nonne
3484 1400 3537 1446 tu
3557 1391 3721 1448 hodie

2120 1481 2323 1540 idcirco
2354 1482 2576 1556 refugis,
2618 1495 2675 1539 ut
2710 1484 2765 1540 bi
2801 1500 2945 1542 nunc
2976 1502 3191 1559 quoque
3219 1486 3531 1560 denegem?
3563 1489 3727 1545 Novi-

2120 1586 2260 1636 tates
2285 1593 2501 1647 vocum,
2537 1578 2630 1635 sed
2659 1578 2740 1653 (Ιι)
2772 1580 3027 1650 profanas
3053 1580 3296 1637 devitarc
3320 1582 3476 1652 jubet
3495 1584 3731 1653 Aposto-

2121 1673 2204 1729 lus
2232 1672 2277 1746 (Ι
2301 1672 2436 1728 Tim.
2468 1689 2539 1740 vt,
2568 1672 2661 1746 20)
2695 1692 2709 1730 :
2748 1682 2803 1729 tu
2832 1689 2931 1730 cur
2957 1675 3074 1747 pias
3114 1676 3403 1733 excludis?
3432 1693 3554 1733 cum
3585 1694 3726 1748 prae-

2120 1780 2182 1823 se
2196 1766 2319 1820 rtim
2343 1766 2412 1822 ab
2442 1781 2506 1821 eo
2536 1764 2738 1822 dictum
2786 1767 2857 1822 sit
2888 1784 2900 1820 :
2933 1767 3121 1823 Omnis
3162 1767 3441 1839 Scriptura
3472 1769 3729 1827 divinitus

410 1862 643 1919 similem
673 1862 786 1919 Deo
812 1879 962 1933 esse,
998 1866 1082 1920 vel
1111 1881 1175 1921 ex
1203 1867 1312 1921 Deo
1337 1877 1555 1931 natum,
1587 1868 1670 1923 vel
1711 1867 2010 1922 naturalem
2047 1856 2089 1916 Β
2117 1857 2378 1927 inspirata
2424 1857 2570 1912 utilis
2618 1866 2701 1913 est
2744 1857 2809 1931 (ll
2859 1857 2992 1913 Tim.
3038 1875 3095 1914 ιιι
3119 1902 3133 1927 ,
3185 1859 3299 1929 16).
3347 1860 3725 1918 lnnascibiiem

409 1971 534 2012 esse
565 1957 734 2013 lilium
764 1957 1116 2030 denegantes.
1150 1960 1311 2015 Pauci
1345 1960 1576 2029 plurium
1626 1958 1699 2033 (c)
1747 1959 2008 2015 dominati

409 2061 559 2106 sunt.
582 2047 932 2107 Constantius
955 2067 1042 2108 res
1067 2053 1418 2121 blaSphemiae
1440 2067 1571 2121 suat,
1606 2062 1754 2109 metu
1781 2053 2011 2109 extorsit

409 2145 610 2202 exsilii.
647 2144 857 2204 Vicisse
884 2162 943 2203 se
965 2147 1077 2217 jam
1105 2146 1412 2203 Orientales
1440 2147 1703 2218 gloriatus
1723 2188 1739 2214 ,
1767 2149 1890 2218 quia
1918 2145 2013 2202 de-

409 2253 530 2294 cem
559 2225 765 2311 legatos
792 2239 872 2312 (d)
902 2239 1160 2295 voluntati
1190 2255 1301 2295 suae
1326 2239 1686 2307 subdidisset,
1715 2239 2014 2297 commina-

411 2339 607 2402 tusque
632 2339 686 2386 et
714 2332 913 2403 populo
958 2347 1054 2401 per
1082 2331 1391 2403 praefectum
1417 2376 1431 2397 ,
1464 2340 1519 2387 et
1556 2332 1827 2403 episcopis
1875 2334 2013 2388 intra

410 2425 703 2496 palatium,
737 2440 832 2497 per
860 2426 1120 2481 maximas
1165 2427 1238 2499 (ε)
1282 2425 1522 2483 Orientis
1557 2425 1804 2481 civitates
1838 2424 2016 2482 hazre-

413 2518 550 2573 ticos
602 2517 890 2589 episcopos
942 2518 1269 2590 subrogatos
1318 2519 1701 2574 communione
1758 2517 2014 2573 haeretica

409 2610 665 2665 munivit.
682 2609 821 2666 Nihil
837 2625 1059 2682 prorsus
1071 2612 1216 2667 aliud
1233 2612 1366 2683 egit,
1380 2627 1541 2683 quam
1565 2623 1619 2666 ut
1634 2612 1822 2668 orbem
1849 2623 2017 2668 terra-

409 2719 555 2772 rum,
578 2720 674 2775 pro
690 2721 796 2777 quo
821 2704 1070 2762 Christus
1087 2721 1276 2778 passus
1287 2714 1389 2773 est,
1421 2706 1636 2762 diabolo
1661 2707 2013 2764 condonaret.

487 2800 577 2856 16.
614 2799 783 2856 Verba
820 2817 921 2856 non
955 2803 1150 2872 scripta
1179 2803 1313 2856 male
1339 2810 1472 2856 vetat
1508 2799 1861 2859 Constantius.
1896 2802 2020 2875 Ipse

414 2894 638 2950 admittit
664 2912 769 2951 non
796 2896 1008 2970 scripta.
1033 2928 1105 2938 -—
1134 2896 1313 2954 Utitur
1340 2906 1518 2953 autem
1548 2898 1712 2954 etiam
1756 2914 1927 2963 nunc,
1960 2908 2017 2955 ut

488 3038 563 3164 Sa)
613 3037 940 3094 Particulam
994 3054 1113 3092 cum
1164 3035 1462 3107 adiecimus
1505 3037 1825 3091 auctoritate
1872 3052 2005 3093 mss.

488 3110 637 3164 [ilice
662 3121 842 3164 autem
867 3109 970 3164 hoc
1001 3108 1344 3164 manifestum
1367 3106 1488 3164 fuit.
1520 3123 1641 3163 cum
1666 3109 1802 3162 lccta
1829 3108 2005 3163 Acacii

413 3106 637 3168 Publice
662 3121 842 3165 autem
867 3109 970 3164 hoc
1001 3106 1344 3165 manifestum
1367 3106 1488 3169 fuit,
1520 3123 1641 3163 cum
1666 3109 1802 3162 lccta
1829 3108 2010 3163 Aeacii

413 3183 643 3238 formula
674 3182 961 3252 quatsitum
992 3190 1106 3247 est,
1137 3198 1236 3251 qua
1269 3181 1324 3234 in
1354 3196 1410 3235 re
1450 3176 1499 3232 F
1502 3180 1622 3235 ilius
1657 3180 1843 3235 similis
1880 3189 2011 3235 esset

415 3255 589 3310 Patri.
623 3243 956 3309 Et'Acaciani
982 3243 1207 3325 quidem,
1252 3252 1431 3325 inquit
1456 3253 1708 3325 socrates
1740 3252 1833 3307 lib.
1861 3268 1931 3319 ιι,
1961 3267 2011 3308 c.
2041 3243 2087 3306 C

412 3329 508 3389 40.
533 3326 646 3382 sola
684 3326 942 3381 voluntate
981 3323 1201 3381 similem
1245 3342 1353 3379 esse
1380 3323 1648 3389 dicebant,
1696 3339 1797 3379 non
1845 3336 2016 3379 autem

414 3399 722 3468 substantia.
754 3396 887 3468 Quae
919 3398 1202 3468 responsio
1230 3411 1399 3453 novos
1429 3396 1690 3452 tumultus
1716 3394 1974 3451 excitavit
1999 3436 2014 3463 ,

415 3483 472 3528 et
501 3472 664 3525 totius
689 3466 912 3528 Concilii
943 3466 1377 3525 dissolutionem.

491 3541 567 3615 (ὁ)
598 3543 709 3598 Hoc
738 3552 842 3606 est,
871 3543 1240 3615 deposuerunt
1268 3559 1281 3595 :
1323 3552 1551 3615 cmteros
1589 3550 1769 3615 autem
1797 3553 1828 3593 a
1869 3552 2018 3594 com-

416 3612 678 3672 munione
704 3621 1075 3687 segregarunt.
1107 3613 1234 3687 iam
1270 3614 1630 3687 notavimusa
1672 3612 1900 3669 Socrate
1929 3625 2019 3667 re-

415 3687 631 3745 censeri
660 3684 853 3743 novem
869 3684 1168 3755 episcopos
1205 3684 1503 3753 depositus,
1534 3685 1779 3750 aliOSque
1818 3697 2014 3738 novem

415 3776 445 3814 a
470 3759 854 3816 communione
880 3767 1211 3829 segregatos.
1246 3757 1400 3826 Quod
1435 3756 1627 3811 factum
1666 3755 1797 3811 dicit
1825 3765 2018 3824 quarto

416 3831 640 3888 concilii
660 3831 769 3897 die,
793 3847 901 3902 quo
921 3828 1135 3885 Leonas
1159 3836 1216 3885 et
1242 3831 1505 3902 Acaciana
1530 3829 1691 3883 factio
1710 3828 1775 3882 ad
1792 3840 2015 3902 censes;

416 3919 538 3959 sum
583 3905 768 3960 venire
812 3896 1132 3959 renuerunt.
1163 3901 1315 3967 Quod
1346 3900 1606 3971 deinceps
1649 3900 1914 3971 sequitur,
1950 3896 2016 3953 ad

417 3976 708 4031 cmiciiium
737 3973 1149 4045 Constantitmp.
1189 3974 1441 4043 pertinet.

492 4066 565 4142 (c)
597 4069 654 4142 in
683 4066 917 4142 excusis,
942 4066 1200 4142 damnati.
1239 4064 1455 4120 Rectius
1482 4061 1535 4142 in
1563 4061 1781 4142 scriptis
1804 4103 1820 4129 ,
1844 4061 2019 4142 domi-

419 4134 556 4206 nali,
605 4137 858 4196 Acaciani
908 4136 1067 4193 videl.
1108 4151 1344 4191 numero
1384 4135 1533 4205 pauci
1582 4134 2014 4206 adversariorum

419 4204 581 4283 longe
638 4212 928 4283 plurium:
977 4225 1204 4283 quorum
1260 4204 1543 4283 primarius
1603 4204 1857 4283 proxime
1899 4214 2018 4283 post

418 4277 891 4353 Constantinopoli
910 4277 1170 4338 esédibus
1192 4277 1304 4335 suis
1326 4280 1691 4336 detruserunt.
1718 4277 1822 4353 Ita,
1847 4278 2020 4347 inquit

418 4358 712 4428 Sulpicius,
738 4348 797 4426 p:
823 4354 962 4428 26f,
1012 4353 1151 4407 hunc
1183 4353 1345 4407 veluti
1392 4359 1767 4428 commentans
1805 4348 2015 4428 locum,

421 4420 628 4502 optimis
656 4420 1001 4502 sacerdotibus
1027 4435 1117 4479 aut
1154 4433 1291 4478 metu
1320 4424 1542 4502 territis,
1583 4432 1673 4476 aut
1716 4420 1896 4502 coasilio
1920 4421 2022 4502 de-

419 4491 848 4574 d'nctis,per/idia
876 4513 1158 4574 paucorum
1172 4498 1339 4550 cuncti
1366 4504 1745 4549 concesserunt.
1766 4491 1887 4548 Vid.
1919 4493 2019 4549 So-

418 4569 637 4628 zomen.
668 4573 759 4627 lib.
790 4587 864 4637 ιν,
896 4584 945 4625 c.
977 4569 1066 4625 ει.

496 4666 576 4741 (d)
605 4664 948 4741 Comet-tinus
988 4664 1160 4720 codex
1195 4679 1315 4741 cum
1345 4660 2016 4741 ll‘lartiniattolnviolentite,

421 4732 531 4793 non
557 4732 831 4793 voluntati.
868 4737 1102 4808 Utraque
1148 4752 1248 4808 vox
1301 4734 1461 4801 infra,
1490 4732 1768 4808 num._26,
1817 4732 1907 4808 ubi
1950 4732 2019 4789 de

419 4810 614 4866 eadem
664 4825 722 4866 re
766 4824 982 4865 rursum
1017 4803 1216 4863 incidit
1258 4821 1460 4874 sermo,
1503 4805 1664 4860 simul
1710 4803 2015 4873 copulatur.

421 4881 575 4937 lianc
606 4883 711 4936 vim
753 4882 910 4953 legati
945 4882 1182 4950 perpessi
1223 4889 1350 4953 sunt
1392 4876 1860 4953 pridieAcaLeudas
1898 4878 2012 4953 jan.

422 4954 496 5011 Ut
515 4955 657 5009 enim
684 4949 863 5009 narrat
890 4949 1247 5018 Sozomenus,
1273 4951 1363 5006 lib.
1396 4966 1468 5015 tv,
1488 4964 1539 5004 c.
1558 4949 1652 5015 9.3,
1671 4949 2016 5005 Constantius

420 5034 594 5081 totum
623 5025 772 5081 illum
798 5025 940 5081 diem
970 5039 1184 5079 necnon
1213 5023 1498 5079 maximam
1519 5021 1856 5091 insequentis
1886 5034 2017 5075 noc-

421 5098 494 5152 tis
524 5106 728 5168 partem
760 5097 1246 5168 consumpsitcum
1279 5094 1567 5168 episcopis,
1587 5093 1885 5168 ‘disceptans
1914 5092 2012 5147 do-

420 5164 718 5243 nec-legati,
757 5170 843 5239 qui
852 5241 858 5243 Α
884 5186 917 5243 τι
944 5164 1162 5243 concilio
1189 5166 1504 5243 Seleuciensi
1529 5164 1869 5243 advenerant,
1903 5168 2016 5235 [or-

421 5244 580 5297 mula!
592 5236 718 5309 'ﬁdei
740 5236 802 5295 ab
825 5240 1137 5295 Ariminensi
1167 5238 1360 5309 oppido
1385 5238 1558 5309 allata:
1582 5236 2018 5309 subscripsissent.

422 5314 541 5369 Hoc
582 5306 758 5383 ipsum
784 5312 1051 5382 Sulpicius
1080 5313 1160 5367 sic
1182 5306 1403 5380 exponit
1427 5329 1440 5363 :
1474 5308 1556 5363 lbi
1585 5306 1812 5383 repertos
1840 5306 2022 5383 Seleu—

427 5380 617 5457 ciensis
662 5384 846 5457 synodi
885 5380 1089 5455 legatos
1126 5384 1185 5457 vi
1216 5380 1743 5457 regiacompellunt,
1790 5381 2023 5457 exemplo

430 5450 846 5514 Occidentalium
876 5450 1085 5527 pravam
1125 5450 1290 5509 illam"
1306 5453 1462 5527 ﬁdem
1500 5453 1750 5527 accipere.
1782 5450 2027 5527 Plerique

425 5531 705 5585 abnuentes
749 5523 1003 5598 injuriosa
1048 5527 1282 5581 custodia
1307 5523 1379 5580 'ac
1416 5525 1552 5596 fame
1575 5525 1741 5579 vexati
1768 5523 2027 5594 captivam

423 5602 792 5657 conscientiam
817 5600 1022 5654 dedere.

499 5698 575 5768 (e)
600 5695 791 5768 Iu‘ms.
824 5692 948 5768 Vat.
983 5696 1099 5746 bas.
1130 5690 1611 5768 l_ti(;_adjicitttr_se.
1645 5689 1908 5768 Quqcirca
1937 5702 2030 5758 pa-

424 5759 786 5830 rum'abfuit,
819 5763 949 5834 quin
981 5778 1103 5818 cum
1122 5762 1279 5819 Colb.
1304 5759 1354 5818 et
1381 5761 1592 5817 Martin.
1623 5759 2028 5830 praeferremus,

426 5855 519 5912 per
560 5839 813 5895 maximas
841 5851 895 5892 se
928 5834 1153 5912 Orientis
1199 5835 1424 5912 civitates
1452 5835 1721 5912 luereticos
1766 5836 2031 5912 episcost

426 5897 847 5979 'sitbl‘ilgtltnfttm,
888 5902 1296 5962 communionem
1344 5906 1638 5961 luereticnm
1679 5897 1911 5959 inmliclt.
1939 5897 2034 5958 ’Λι

2112 1951 2372 2024 scriptum
2402 1967 2665 2023 nusquam
2691 1953 2826 2023 legis
2862 1972 2876 2009 :
2905 1953 3167 2025 numquid
3202 1954 3264 2029 (i)
3291 1971 3355 2011 es
3385 1956 3490 2012 hoc
3516 1972 3718 2028 negan—

2114 2047 2240 2103 dum
2271 2048 2394 2112 erit,
2416 2047 2538 2118 quia
2564 2061 2759 2102 novum
2785 2047 2911 2103 est?
2937 2048 3193 2104 Decernis
3216 2050 3298 2123 (j)
3321 2050 3545 2106 similem
3569 2049 3723 2106 Patri

2118 2138 2339 2195 Filium.
2374 2140 2659 2211 Evangelia
2686 2155 2792 2195 non
2823 2139 3116 2210 prmdicant
3143 2160 3157 2195 :
3185 2142 3314 2214 quid
3335 2152 3419 2199 est
3448 2144 3593 2215 quod
3616 2159 3726 2201 non

2120 2233 2321 2303 refugis
2351 2230 2489 2287 hanc
2517 2247 2707 2287 vocem
2734 2232 2757 2287 ?
2785 2232 2845 2287 In
2879 2248 2987 2287 nuo
3017 2234 3229 2289 novitas
3254 2233 3498 2306 eligitur,
3532 2235 3586 2291 in
3624 2234 3733 2291 alio

2119 2332 2491 2385 submovetur.
2523 2326 2688 2400 576
2714 2326 2815 2384 Ubi
2848 2326 3142 2398 impietatis
3175 2329 3395 2385 occasio
3426 2337 3593 2398 patet,
3626 2346 3730 2384 no-

2120 2422 2258 2477 vitas
2281 2420 2583 2476 admittitur
2608 2438 2621 2474 :
2644 2420 2739 2478 ubi
2765 2431 2944 2476 autem
2972 2421 3254 2493 religionis
3279 2421 3515 2479 maxima
3537 2431 3592 2479 et
3613 2423 3726 2480 sola

2119 2513 2329 2569 cautela
2357 2521 2459 2579 est,
2493 2511 2818 2567 excluditur.

2193 2617 2280 2672 17.
2333 2613 2621 2685 Scriptura:
2665 2613 2878 2668 tradunt
2918 2612 3165 2685 aequalem
3208 2611 3359 2669 Patri
3406 2613 3626 2670 Filium.
3656 2645 3727 2656 —

2120 2710 2229 2767 Sed
2275 2708 2526 2765 diabolici
2569 2706 2773 2780 ingenii
2814 2707 2887 2763 tui
2920 2706 3194 2764 fallentem
3221 2707 3575 2766 subtilitatem
3616 2726 3726 2766 non

2124 2806 2335 2863 tacebo.
2383 2804 2661 2871 Similem,
2706 2802 2851 2875 quod
2882 2804 3142 2875 scriptum
3172 2820 3281 2861 non
3312 2815 3427 2871 est,
3460 2804 3607 2862 Patri
3634 2805 3725 2861 Fi-

2122 2899 2253 2954 lium
2270 2897 2519 2953 decernis
2534 2894 2845 2967 przcdicari:
2869 2905 2923 2952 ut
2938 2897 3201 2967 aequalem
3226 2896 3501 2954 Christum
3528 2898 3719 2965 Deum,

2117 3042 2269 3090 certe
2316 3031 2458 3101 quod
2490 3030 2850 3086 comminatus
2903 3039 3044 3095 erat,
3095 3030 3248 3088 brevi
3300 3029 3543 3100 perfecit.
3601 3032 3720 3088 Mox

2118 3106 2261 3161 enim
2288 3103 2622 3174 Macedonio,
2654 3101 2878 3174 Cyrillo,
2901 3101 3132 3171 Basilio,
3160 3102 3405 3172 Eleusio,
3433 3111 3568 3172 etc.,
3611 3105 3726 3173 epi—

2118 3179 2266 3248 scopi
2298 3176 2387 3231 alii
2416 3172 2890 3248 fuere_snbrogati_.

2192 3243 2260 3321 (Ϊ)
2290 3248 2364 3321 Ιιι
2386 3260 2519 3303 mss.
2571 3243 3026 3321 MichzetColbq
3063 3246 3178 3321 quis
3205 3247 3475 3321 episcopus
3504 3245 3726 3321 iubeat?

2120 3316 2289 3390 Magis
2316 3320 2636 3390 placetcum
2681 3316 2803 3390 aliis
2834 3316 3007 3390 libris,
3046 3318 3158 3386 quis
3202 3319 3455 3389 episcopis
3486 3318 3667 3389 jubeat
3696 3319 3722 3373 Σ)

2119 3388 2242 3461 quia
2271 3388 2522 3446 nimirum
2554 3388 2856 3461 principum
2887 3388 3308 3444 cbristianorum
3345 3399 3425 3443 est
3456 3390 3718 3445 credendi

2121 3459 2350 3519 formam
2378 3462 2447 3517 ab
2477 3459 2747 3530 episcopis
2770 3467 3043 3530 expetere,
3069 3477 3176 3516 non
3209 3461 3316 3516 illis
3336 3461 3713 3530 praescribere.

2120 3535 2277 3592 Unde
2306 3542 2360 3590 et
2388 3532 2648 3588 Albanas.
2686 3531 2752 3586 ad
2771 3530 2931 3586 Solit.
2960 3546 3083 3603 pag.
3111 3532 3255 3601 845:
3290 3531 3522 3603 Quandg
3538 3550 3571 3587 a
3597 3550 3720 3587 con-

2120 3607 2229 3663 dito
2271 3605 2463 3661 swculo
2509 3604 2743 3677 auditum
2771 3604 2897 3677 est?
2937 3600 3144 3673 quando
3173 3604 3431 3677 judicium
3473 3600 3722 3677 Ecclesia:

2120 3679 2474 3734 auctoritatem
2500 3691 2646 3733 suam
2674 3675 2738 3729 ab
2764 3675 3073 3747 imperatore
3092 3674 3289 3745 accepit
3311 3676 3462 3747 ?etc.
3492 3674 3571 3729 Ita
3594 3691 3716 3731 cum

2121 3750 2531 3809 Valentinianus
2579 3745 3044 3802 concertationum
3095 3746 3222 3803 fidei
3272 3745 3476 3802 arbiter
3523 3747 3717 3803 sedere

2120 3823 2304 3890 vellet,
2337 3821 2404 3876 ad
2435 3835 2558 3875 eum
2590 3819 2868 3887 rescripsit
2895 3818 3235 3885 Ambrosius,
3269 3832 3357 3888 ep.
3407 3832 3549 3890 nunc
3584 3835 3710 3887 xxi,

2122 3910 2177 3948 ιι.
2195 3895 2229 3948 4
2254 3911 2267 3946 :
2288 3892 2532 3958 Quando,
2554 3890 2746 3944 audisti
2762 3890 3150 3943 clementissime
3165 3891 3467 3959 imperator,
3484 3889 3538 3943 in
3561 3905 3718 3944 causa

2119 3964 2243 4035 ﬁdei
2270 3965 2437 4035 laicus
2467 3963 2533 4017 de
2560 3963 2798 4035 episcopo
2817 3961 3081 4035 judicasse
3099 3961 3133 4035 ?_
3160 3960 3315 4035 Quod
3364 3961 3523 4035 igitur
3571 3961 3716 4016 Con-

2118 4031 2350 4091 stantius
2377 4033 2478 4088 sibi
2506 4032 2813 4103 arrogu‘bat,
2856 4031 2981 4103 hoc,
3003 4031 3197 4087 merito
3222 4031 3454 4103 llilarius
3484 4039 3715 4089 testatur

2122 4109 2237 4162 fieri
2268 4114 2454 4161 contra
2484 4103 2794 4174 apostolicre
2841 4102 3243 4173 praedicationis
3274 4102 3501 4158 formam
3537 4121 3550 4157 :
3586 4106 3713 4170 quia

2120 4179 2189 4233 ab
2212 4178 2474 4245 apostolis
2505 4175 2760 4231 traditum
2785 4183 2899 4241 est,
2946 4190 3052 4246 non
3084 4175 3257 4229 solum
3299 4175 3451 4229 laicis
3493 4176 3548 4231 in
3600 4176 3721 4246 epi-

2121 4264 2317 4321 sc0pos
2348 4250 2401 4305 in
2431 4247 2592 4303 rebus
2621 4245 2744 4301 fidei
2785 4246 2876 4316 jus
2904 4245 3113 4321 nullum
3142 4260 3265 4302 esse
3289 4288 3304 4312 ,
3337 4246 3432 4301 sed
3455 4246 3723 4321 etadverv

2120 4317 2238 4377 sum
2269 4336 2440 4377 novas
2472 4321 2710 4373 Increses
2744 4332 2879 4371 nova
2912 4317 3148 4372 remedia
3189 4331 3309 4373 esse
3336 4318 3717 4387 excogitanda.

2194 4393 2270 4467 (g)
2300 4392 2356 4448 In
2396 4390 2670 4467 nonnullis
2691 4403 2856 4467 _mss.._
2881 4388 3199 4467 _Iton_tousion
3229 4404 3249 4444 :
3278 4389 3419 4458 quod
3459 4399 3635 4467 potest
3650 4401 3721 4467 _et

2123 4460 2271 4523 recte
2299 4465 2445 4536 poni.
2479 4462 2594 4517 Hoc
2619 4461 2761 4536 enim
2794 4460 2895 4515 sibi
2923 4464 3035 4515 vult
3067 4478 3080 4514 :
3112 4462 3155 4516 si
3181 4461 3444 4536 hactenus
3476 4461 3720 4536 hmretici

2120 4532 2435 4607 refugerunt
2454 4549 2641 4591 vocem
2663 4533 3000 4607 hommusion
3023 4535 3252 4607 (quanto
3300 4532 3470 4603 magis
3491 4532 3718 4607 homon-

2126 4604 2278 4665 sionl
2296 4608 2341 4683 ),
2364 4607 2488 4679 quia
2519 4621 2630 4683 rem
2663 4620 2725 4661 ea
2741 4619 2883 4683 voce
2899 4605 3504 4683 signiticatam,_nempe
3524 4604 3724 4683 Filium

2132 4676 2445 4737 Patri'esse
2494 4678 2792 4734 substantia
2842 4677 3108 4741 similem,
3142 4676 3445 4747 negabant;
3495 4685 3553 4730 tu
3590 4677 3719 4731 dum

2122 4755 2282 4823 jubes
2313 4764 2372 4807 ut
2397 4754 2511 4805 hanc
2529 4764 2637 4823 vox
2663 4751 2912 4808 evitetur.
2938 4762 3116 4823 nonne
3137 4746 3498 4823 eis’concedis
3521 4758 3720 4823 utrem

2126 4818 2434 4903 eidetnvoci
2460 4821 2759 4903 subject-am
2792 4826 2989 4903 negent
3007 4818 3268 4903 {Eodem
3291 4820 3594 4903 argumenti
3625 4835 3721 4890 ge-

2127 4912 2255 4953 nere
2284 4895 2376 4951 lib.
2402 4894 2468 4949 de
2499 4888 2713 4965 Sjnod.
2737 4908 2792 4946 ιι.
2826 4890 2927 4965 85,Δ
2960 4889 3122 4945 habet
3155 4908 3168 4945 :
3200 4888 3450 4963 Displicet
3485 4888 3722 4965 cuiquam

2122 4969 2177 5023 in
2204 4967 2401 5039 synodo
2437 4960 2655 5039 Niciena
2692 4961 2997 5016 ltontousion
3027 4978 3137 5016 esse
3166 4960 3502 5039 susceptum?
3531 4960 3646 5039 liae
3679 4963 3725 5039 si

2123 5042 2208 5095 cui
2232 5032 2497 5107 displicet,
2550 5036 2751 5107 placeat
2800 5048 3005 5089 necesse
3052 5042 3125 5088 est
3162 5032 3321 5104 quod
3349 5033 3413 5087 ab
3465 5032 3605 5088 Ariis
3657 5036 3722 5088 sit

2119 5122 2379 5167 necatum.

2185 5129 2736 5255 g(lil)unslilv:e_majo_ris
2764 5191 2866 5233 ms.
2887 5217 2902 5243 ,
2931 5175 3038 5233 Sed
3072 5186 3119 5255 et
3147 5192 3304 5255 vanas
3336 5192 3355 5232 :
3385 5176 3559 5233 tribus
3599 5176 3722 5232 aliis

2129 5248 2463 5321 faventibus,
2497 5253 2551 5307 in
2581 5250 2778 5321 quibus
2799 5257 2977 5321 exstat
3001 5248 3092 5321 sed
3112 5250 3357 5305 advenas.

2196 5324 2260 5399 (i)
2287 5319 2456 5399 Lips.
2482 5332 2538 5399 et
2578 5319 2805 5399 Par._,_e_t
2840 5320 2956 5377 hoc.
2988 5319 3323 5399 Concinnius
3358 5320 3629 5399 a_lii_libri,
3661 5338 3726 5378 ex

2129 5392 2251 5455 hoc."
2288 5392 2460 5454 Porro
2503 5394 2823 5451 innascibilis
2867 5409 2963 5450 seu
2988 5392 3203 5465 ingeniti
3247 5392 3565 5465 vocabulum
3611 5408 3723 5449 non

2130 5469 2293 5528 modo
2335 5469 2631 5540 Scripturis
2675 5464 3186 5540 incognitum,’sed_
3218 5472 3273 5540 et
3314 5464 3459 5540 apud
3484 5465 3730 5540 gentiles

2126 5542 2285 5599 valde
2314 5535 2620 5614 ambiguum
2634 5554 2756 5596 esse
2771 5535 2955 5594 multis
2980 5536 3215 5594 ostendit
3240 5535 3588 5605 Athanasius,
3617 5536 3719 5593 Or.

2130 5632 2170 5669 ιι
2189 5625 2340 5669 cont.
2372 5617 2466 5669 Ar.
2501 5628 2554 5669 υ.
2585 5612 2712 5669 557.

2152 5625 2340 5671 tcont.
2372 5617 2466 5669 Ar.
2501 5628 2554 5671 υ.
2585 5614 2712 5669 557.

2130 5632 2170 5672 ιι
2189 5628 2340 5671 cont.
2372 5628 2466 5669 ar.
2501 5628 2554 5685 p.
2586 5628 2712 5669 abl.

2205 5687 2275 5763 (j)
2326 5686 2516 5763 ﬁatam
2554 5685 2743 5763 volens
2772 5681 2850 5763 _ab
2893 5680 3145 5763 omnibus
3185 5678 3690 5763 haberi‘formulam
3714 5722 3731 5746 ,

2174 5751 2268 5815 ua;
2288 5759 2518 5830 primum
2559 5755 2786 5812 Arimini
2818 5752 3144 5830 proposita,
3190 5751 3637 5830 aqpqstuﬁ‘icggm
3676 5753 3734 5830 in

2174 5776 2257 5815 uae
2288 5775 2518 5830 primum
2559 5775 2786 5812 At‘tmtnt
2812 5775 3144 5881 (proposuit,
3190 5775 3255 5823 at:
3282 5775 3411 5827 post
3441 5775 3637 5825 iuuat-ut
3678 5775 3734 5825 ιιι

2135 5775 2385 5895 ἳἸιιἮοὶα,
2419 5829 2705 5894 Seleuciae,
2732 5834 2789 5884 et
2857 5824 3284 5897 cnstantinopoli
3310 5823 3378 5881 ab
3403 5825 3618 5882 Arionis
3645 5822 3742 5895 ap:

2135 5904 2361 5973 probata
2390 5908 2489 5957 eat;
