3996 6330
435 201 544 264 599

1641 193 1885 254 SANCTI
1925 190 2179 252 HILARII
2222 191 2525 252 EPISCOPI

3627 202 3724 260 600

446 340 468 377 ς
502 318 604 389 Qui
642 324 930 391 generatus
960 324 1047 372 est
1082 329 1151 371 ex
1181 313 1345 389 580
1371 312 1561 379 Patre,
1593 311 1765 368 Deum
1792 310 1862 368 de
1890 309 2034 378 Deo.
2064 309 2119 372 Α
2210 308 2305 365 24.
2353 307 2513 364 Fides
2556 309 2735 378 nulla,
2776 311 2859 367 ubi
2900 328 3003 368 non
3050 327 3176 369 una.
3197 341 3266 353 --
3290 310 3407 369 Non
3443 312 3725 373 calumnia-

440 423 614 471 totum
641 410 710 470 de
738 418 880 477 toto,
911 425 1076 466 unum
1102 407 1173 465 de
1211 404 1675 478 uno,-perfectum
1702 419 1731 459 a
1763 403 2003 476 perfecto
2022 445 2039 472 ,

441 521 625 579 regem
665 503 733 560 de
776 517 923 575 rege,
956 502 1033 575 (a)
1072 500 1577 566 inconvertibilem,
1621 497 1921 555 divinitatis
1951 512 2041 555 es-

441 599 774 671 sentithue,
799 594 1012 652 virtutis
1050 605 1105 652 ct
1140 595 1327 667 gloria:
1373 590 1873 651 incommutabilem
1912 590 2047 647 ima-

442 695 645 768 ginem.
685 709 703 745 ι
742 689 836 745 His
873 688 1089 761 quidem
1128 704 1263 761 ego,
1305 692 1447 744 intra
1486 684 1722 742 Nicaeam
1770 685 1971 755 scripta
2015 697 2045 738 a

445 786 691 861 patribus
729 782 835 840 fide
882 782 1136 839 fundatus
1185 781 1263 855 (b)
1309 794 1675 851 manensque,
1716 792 1824 834 non
1867 793 2046 849 egeo:

444 882 542 939 sed
568 891 745 938 tamen
776 880 894 937 haec
922 887 978 935 tu
1004 875 1342 935 emendando
1371 873 1655 942 rescindis,
1691 888 1755 930 ac
1780 873 1899 929 sine
1924 872 2050 929 tidei

446 994 585 1035 mete
611 978 810 1035 damno
843 977 936 1033 tibi
969 975 1201 1047 requiris
1233 971 1475 1045 perfidiae
1515 970 1880 1028 occasionem.
1922 968 2054 1025 Post

438 1071 715 1145 synodum
741 1065 938 1126 deinde
959 1067 1334 1124 Sardicensem
1359 1065 1470 1139 (an.
1496 1061 1626 1136 547)
1647 1105 1661 1131 ,
1690 1077 1907 1119 omnem
1932 1077 2055 1118 rur-

448 1182 569 1225 sum
602 1167 885 1223 adversum
918 1163 1208 1220 Photlnum
1252 1160 1365 1235 (an.
1398 1159 1529 1230 551)
1559 1157 1817 1215 Sirmium
1862 1158 2051 1213 catho-

448 1256 570 1315 licae
599 1257 863 1315 doctrinae
890 1265 997 1311 ture
1031 1267 1342 1310 commoves
1367 1266 1575 1308 curam.
1609 1249 1718 1308 Sed
1748 1250 1842 1307 tibi
1870 1250 2052 1305 statim

449 1348 589 1419 hoc,
621 1348 764 1421 quod
806 1346 879 1421 (ε)
912 1357 1137 1417 utraque
1168 1345 1274 1402 [ide
1317 1344 1726 1412 continebatur,
1755 1345 2013 1401 exhorret
2040 1361 2053 1399 :

459 1461 479 1494 ι
515 1441 623 1497 Eos
650 1449 828 1496 autem
846 1483 861 1508 ,
893 1440 983 1512 qui
1006 1438 1195 1495 dicunt
1218 1437 1286 1493 de
1311 1452 1419 1493 non
1446 1437 1788 1493 exstantibus
1817 1452 1941 1494 esse
1968 1436 2058 1492 Fi-

453 1536 587 1591 lium
618 1534 749 1603 Dei,
782 1534 864 1589 vel
898 1549 963 1590 ex
1002 1533 1107 1590 alia
1145 1532 1445 1589 substantia
1469 1574 1483 1598 ,
1512 1541 1566 1588 et
1593 1546 1699 1588 non
1722 1547 1787 1589 ex
1818 1532 1962 1599 Deo,
2004 1542 2060 1588 et

456 1628 600 1701 quod
625 1636 742 1685 erat
760 1625 1052 1700 aliquando
1082 1634 1293 1695 tempus
1313 1634 1405 1680 aut
1431 1624 1691 1680 saeculum
1714 1624 1928 1696 quando
1949 1640 2057 1680 non

2146 420 2270 460 mur
2294 404 2364 461 de
2385 406 2635 464 rescissis
2654 447 2670 475 ,
2703 407 2771 463 de
2790 406 2986 480 quibus
3007 408 3177 479 magis
3204 416 3324 479 post
3350 406 3618 466 Nicmnam
3645 427 3729 485 sy-

2147 498 2347 555 nodum
2378 498 2445 573 (f)
2495 500 2755 555 institutis
2801 500 3205 572 conquerimnr.
3248 499 3379 555 Nam
3426 501 3634 559 etiamsi
3678 504 3727 562 in

2147 592 2234 648 his
2278 592 2529 648 omnibus
2577 592 2710 648 nihil
2765 590 3019 648 vitiorum
3075 593 3360 663 subiacere
3406 594 3727 665 afﬁrmatur,

2148 686 2309 760 581
2341 703 2448 744 non
2479 695 2661 743 tamen
2686 703 2847 744 causa
2874 687 3142 759 religiosa.-
3171 687 3467 745 voluntatis
3490 690 3686 748 inesset
3714 710 3726 747 :

2150 784 2273 855 quia
2298 782 2420 837 mali
2450 781 2730 839 meditatio
2753 791 2870 849 est,
2900 781 3165 836 bonorum
3193 781 3528 848 demutatio;
3557 792 3610 838 et
3635 798 3731 839 non

2152 875 2455 933 necessaria
2496 874 2807 931 emendatio
2825 916 2839 940 ,
2873 873 3244 946 perversitatis
3272 874 3492 930 occasio
3516 883 3616 931 est.
3641 874 3734 931 Ta-

2152 982 2252 1026 ceo
2281 984 2377 1025 cur
2401 976 2585 1025 nostra
2615 968 2758 1040 apud
2780 968 3015 1023 Nicaeam
3043 983 3073 1022 a
3103 965 3345 1037 patribus
3369 975 3521 1039 gesta
3549 966 3737 1023 rescin-

2155 1062 2272 1131 dis;
2314 1077 2423 1119 non
2470 1061 2618 1118 enim
2645 1076 2771 1118 cum
2814 1061 2900 1116 his
2928 1059 3023 1116 tibi
3048 1059 3301 1117 convenit
3345 1059 3497 1116 :hoc
3540 1069 3736 1117 tantum

2155 1170 2342 1228 qumro
2371 1155 2447 1230 (g)
2461 1199 2475 1223 ,
2489 1171 2590 1212 cur
2604 1167 2689 1211 tua
2706 1154 2969 1211 damnas?
2990 1154 3177 1211 Fidem
3192 1153 3335 1210 enim
3350 1169 3512 1210 unam
3523 1164 3736 1210 ctunum

2157 1249 2426 1322 baptisma
2471 1249 2764 1321 Apostolus
2813 1248 3071 1321 praedicat
3118 1247 3338 1321 (Ephes.
3381 1264 3467 1315 tv,
3500 1246 3598 1322 5):
3637 1249 3738 1320 jam

2156 1343 2415 1416 quidquid
2428 1343 2570 1414 apud
2589 1353 2640 1399 te
2656 1351 2848 1414 praeter
2874 1341 3032 1397 ﬁdem
3056 1357 3219 1396 unam
3246 1351 3353 1409 est,
3382 1340 3620 1413 perfidia,
3644 1357 3739 1397 non

2161 1438 2294 1495 fides
2310 1447 2411 1494 est.
2430 1436 2563 1493 Nam
2589 1438 2677 1508 qui
2700 1436 2859 1493 [idem
2876 1434 3213 1493 emendando
3240 1433 3591 1501 condemnas,
3608 1433 3744 1490 dam-

2161 1532 2433 1587 nationem
2459 1529 2580 1588 (idei
2604 1546 2724 1587 esse
2740 1530 3056 1596 constituis;
3088 1528 3214 1584 dum
3245 1528 3391 1600 apud
3431 1536 3485 1584 te
3520 1527 3745 1583 aboletur

2164 1641 2260 1698 per
2285 1626 2506 1684 alteram
2526 1669 2541 1695 ,
2567 1642 2687 1698 quae
2713 1641 2810 1696 per
2834 1625 3056 1681 alteram
3083 1637 3272 1680 rursus
3299 1623 3561 1683 abolenda
3583 1630 3679 1679 est.

457 1700 611 1792 erat,
652 1722 859 1779 alienos
903 1723 1056 1778 novit
1096 1729 1282 1777 sancta
1322 1728 1379 1776 et
1424 1719 1689 1776 catholica
1738 1717 2002 1776 Ecclesia.
2043 1740 2062 1774 ι
2097 1721 2145 1783 Β
2243 1721 2335 1778 25.
2394 1719 2593 1776 Nullus
2622 1721 2781 1792 juxta
2806 1719 3028 1775 Arianos
3065 1722 3181 1793 jam
3210 1734 3314 1772 non
3340 1700 3573 1773 resim—
3598 1715 3745 1788 Cujus

458 1818 543 1891 (ά)
575 1817 706 1874 Tuis
744 1817 878 1888 ipsis
906 1815 1139 1873 dissides
1161 1858 1176 1882 ,
1212 1824 1270 1872 et
1304 1814 1567 1872 adversus
1609 1824 1729 1870 tuos
1766 1812 1939 1870 hostis
1980 1829 2067 1872 re-

459 1912 651 1969 bellas.
680 1908 845 1967 Novis
872 1918 1054 1967 vetera
1086 1907 1393 1973 subvertis,
1425 1921 1563 1963 nova
1595 1905 1711 1978 ipsa
1734 1921 1949 1962 rursum
1981 1906 2067 1962 in»

462 2013 657 2063 novata
689 2003 1070 2062 emendatione
1107 2001 1403 2066 rescindis.
1436 2000 1725 2056 emendata
1753 2006 1934 2055 autem
1965 2000 2069 2055 ite-

462 2114 584 2154 rum
630 2095 972 2154 emendando
1010 2093 1363 2153 condemnas.
1393 2092 1655 2164 Suscipis'
1683 2093 1845 2149 etiam
1877 2092 2072 2149 adver-

468 2205 588 2246 sum
630 2188 987 2245 deliramenta
1031 2185 1147 2243 Osii
1170 2196 1226 2243 et
1268 2186 1608 2243 incrementa
1632 2184 1841 2244 Ursacii
1871 2199 1935 2240 ac
1962 2183 2069 2240 Va-

470 2282 660 2350 lentis,
686 2281 1128 2339 emendationum
1150 2287 1365 2336 tuarum
1391 2279 1769 2336 damnationes
1791 2297 1804 2333 :
1828 2277 1926 2335 sed
1948 2293 2072 2334 mox

471 2375 545 2449 (e)
574 2373 911 2433 emendanda
940 2383 1030 2429 tua
1054 2372 1234 2429 omnia
1260 2386 1413 2439 esse,
1448 2371 1531 2427 vel
1562 2371 1737 2442 potius
1768 2368 2075 2426 damnanda

470 2469 780 2525 constituis.
811 2467 1116 2524 Oﬂ‘enderis
1145 2465 1293 2523 enim
1338 2465 1423 2520 his
1453 2463 1638 2536 paucis
1685 2463 2075 2521 inimicissimis

472 2562 570 2618 tibi
599 2563 821 2619 verbis:
866 2580 887 2614 ι
920 2560 989 2616 Et
1030 2560 1077 2616 si
1102 2559 1225 2631 quis
1263 2559 1536 2614 seniorem
1578 2564 1822 2628 tempore
1860 2557 2075 2614 Patrem

477 2655 620 2712 dicat
649 2654 786 2712 Filio
830 2670 954 2725 esse
1000 2652 1306 2725 unigenito,
1350 2650 1622 2724 iuniorem
1656 2659 1834 2707 autem
1879 2650 2074 2708 Filium

477 2749 674 2819 Patre,
703 2747 994 2806 anathema
1023 2747 1114 2804 sit.
1143 2765 1163 2800 ι
1806 2752 1819 2769 ⁸

477 2905 659 2952 turum
673 2893 1071 2965 fuisseeos,qui
1095 2891 1401 2965 Antiochia:
1427 2889 1837 2965 convenerunt?
1858 2888 1963 2946 Sed
1991 2889 2083 2961 qui

474 2968 629 3094 prius
661 2962 960 3023 Histrorum
990 2962 1110 3023 loco
1142 2963 1512 3021 Eucteniorum
1551 2962 1711 3034 legit,
1743 2972 1971 3018 conatus
2000 2970 2086 3018 est

519 3040 570 3094 ic
600 3039 703 3094 sibi
732 3054 1057 3094 construere.

519 3040 570 3111 ic
600 3039 707 3111 sibi
732 3054 1057 3111 congruere.

552 3110 629 3184 (a)
670 3105 1283 3184 Editi,"ineonvertibilis.
1311 3107 1523 3184 Veri_n_s_
1551 3119 1683 3161 mss.
1725 3105 2084 3184 inconvertibi—

482 3179 632 3273 13m
658 3180 803 3273 quod
840 3181 1074 3273 refertur
1100 3182 1168 3273 ad
1198 3196 1383 3273 vocem
1417 3179 1648 3273 Filiam,
1676 3194 1796 3273 qua}
1827 3179 1879 3232 in
1918 3192 2082 3247 supe-
2106 3209 2153 3273 Ο

480 3251 719 3310 tioribus
755 3252 1107 3310 Antiochense
1128 3251 1372 3309 formulae
1408 3251 1588 3306 verbis
1616 3258 1819 3311 exstat.
1847 3265 1953 3304 non
1984 3263 2081 3304 an-

487 3335 596 3398 tem
623 3325 697 3398 ad_
718 3326 1028 3398 imaginem,
1058 3324 1137 3380 uti
1163 3324 1330 3395 liquet
1357 3338 1421 3378 ex
1450 3322 1545 3378 lib.
1574 3321 1641 3377 de
1666 3321 1871 3394 Synod.
1899 3338 1957 3398 _n.
1986 3319 2078 3377 29.

555 3395 632 3481 (ὁ)
671 3393 853 3452 Prima
882 3396 1050 3452 editio
1079 3398 1203 3450 Par.
1221 3393 1507 3481 ‘maneoque
1536 3410 1651 3481 non
1667 3408 1787 3481 ego,
1820 3393 1909 3448 sed
1930 3435 1944 3457 ,
1974 3402 2080 3447 etc.

487 3465 663 3534 Alia},
707 3484 918 3534 maneo,
949 3483 1063 3537 qua
1105 3483 1208 3521 non
1249 3483 1373 3537 ego.
1414 3465 1535 3531 sed,
1573 3476 1681 3537 etc.
1710 3465 2081 3537 Otnnesmss.

487 3555 800 3609 monensque
841 3555 943 3593 non
966 3536 1093 3610 ego,
1124 3539 1234 3593 sed.
1264 3536 1472 3593 Tamen
1500 3536 1726 3610 evidens
1751 3544 1837 3591 est
1866 3536 1936 3590 ibi
1964 3551 2086 3608 egeo

489 3625 590 3682 pro
616 3626 709 3683 ego
750 3609 1035 3683 legendum
1061 3625 1213 3676 esse,
1250 3617 1310 3683 ut
1339 3610 1511 3679 ipsum
1553 3609 1714 3683 etiam
1734 3616 2086 3683 ‘textum‘non

490 3676 723 3751 amplius
765 3676 926 3736 sensu
969 3676 1373 3737 destituendum
1407 3696 1530 3751 esse
1558 3678 1889 3735 duxerimus.
1933 3676 2087 3751 Quod

491 3749 779 3809 confirmat
805 3753 1041 3809 illudlib.
1073 3767 1111 3807 tt
1136 3752 1204 3808 ad
1229 3752 1480 3808 eumdem
1497 3749 1896 3817 Constantium,
1926 3766 1981 3805 n.
2011 3749 2045 3805 8
2070 3767 2083 3805 :

491 3823 607 3897 Ego
622 3824 772 3897 enim
800 3841 953 3897 penes
979 3840 1059 3879 me
1084 3824 1244 3897 habeo
1280 3823 1436 3894 [idem
1455 3865 1470 3889 ,
1504 3823 1751 3897 exteriore
1776 3836 2046 3897 NON_t:ot_ao
2071 3839 2085 3876 :

492 3892 632 3968 quod
660 3896 834 3965 accepi
874 3905 1047 3961 teneo,
1080 3912 1170 3968 nec
1212 3892 1417 3968 dentato
1455 3895 1592 3965 quod
1625 3892 1856 3968 Deiest.
1885 3892 2086 3968 Eadem

491 3965 703 4024 ratione
730 3967 891 4034 intra,
911 3982 1058 4021 unm.
1084 3966 1286 4033 25,ubi
1313 3966 1664 4035 exprobravit
1692 3965 1929 4020 Hilarius
1946 3966 2090 4021 Con-

492 4039 731 4105 stantio,
763 4040 904 4109 quod
953 4039 1292 4094 ltommusiou
1320 4038 1389 4093 ab
1417 4037 1483 4093 iis
1522 4036 1961 4092 anathematizari
2003 4036 2094 4106 ju-

494 4111 652 4176 beat,
701 4125 734 4166 a
775 4110 969 4180 quibus
1015 4121 1331 4181 usurpatum
1379 4116 1499 4175 est;
1546 4124 1654 4179 quo
1699 4123 1867 4181 sensu
1914 4109 2015 4163 hoc
2040 4109 2090 4181 ei

495 4178 818 4252 exprobret,
841 4180 1070 4253 subinde
1092 4178 1331 4235 declarat
1351 4181 1437 4236 his
1457 4178 1666 4237 verbis:
1690 4180 1825 4250 quod
1846 4178 2092 4253 (nomen)

498 4255 699 4308 tametsi
760 4252 906 4309 nobis
961 4254 1031 4308 ad
1096 4253 1252 4324 ﬁdem
1294 4253 1514 4308 otiosum
1571 4260 1733 4324 atque
1774 4252 2093 4323 supervaca-

497 4339 661 4380 neum
685 4366 699 4389 ,
731 4334 836 4380 etc.

571 4394 645 4467 (ε)
687 4396 803 4450 Duo
830 4409 961 4452 mss.
988 4411 1128 4453 vera.
1155 4394 1383 4467 Caeteri,
1412 4405 1700 4467 utrumque.
1733 4394 1896 4467 magis
1922 4397 2096 4467 placet

498 4466 631 4523 cum
655 4467 881 4537 vulgatis
911 4476 1126 4538 utraque
1146 4508 1160 4531 ,
1194 4466 1313 4521 scil.
1345 4476 1400 4521 et
1426 4466 1964 4538 pseudo—SardicenSi
1986 4511 1999 4534 ,
2041 4477 2098 4525 et

502 4536 788 4594 SirmicnSi
833 4536 1385 4608 contra'Pltotinum.
1437 4536 1725 4608 Utriusque
1778 4539 1922 4592 enim
1971 4540 2094 4596 ﬁdei

2170 1816 2315 1874 enim
2365 1825 2419 1871 tu
2468 1814 2667 1872 exinde
2714 1814 2955 1885 episcopi
2998 1829 3216 1868 manum
3263 1812 3603 1868 innocentem
3639 1810 3750 1868 reli-

2170 1909 2377 1981 quisti?
2419 1906 2590 1978 Quam
2623 1908 2859 1979 linguam
2888 1920 2997 1962 non
3027 1921 3096 1961 an
3125 1904 3496 1977 l'ulsiloquium
3525 1904 3750 1976 coegisti?

2173 2002 2329 2073 Quod
2357 2017 2452 2058 cor
2494 2017 2602 2058 non
2632 2002 2700 2057 ad
2729 2000 3137 2056 damnationem
3166 2000 3460 2055 anterioris
3490 1999 3748 2055 sementim

2174 2094 2500 2153 demutasti?
2572 2095 2840 2151 Damnare
2880 2093 3199 2150 homousion
3249 2094 3507 2150 decernis
3534 2093 3632 2167 (It),
3669 2110 3749 2148 an-

2176 2188 2439 2261 tiquitatis
2483 2187 2645 2244 ﬁdem
2673 2230 2688 2255 ,
2739 2195 2795 2243 et
2845 2185 3060 2259 pietatis
3106 2186 3483 2243 securitatem.
3541 2184 3752 2241 Anatha-

2177 2282 2420 2339 matizari
2453 2281 2515 2355 (i)
2559 2281 2900 2338 homteusion
2940 2280 3010 2336 ab
3050 2280 3134 2336 bis
3164 2281 3315 2352 ipsis,
3351 2281 3600 2352 aquibus
3622 2295 3753 2335 usur—

2180 2384 2363 2446 patum
2384 2382 2491 2440 est,
2513 2373 2841 2430 constituisti
2865 2392 2879 2430 :
2911 2375 3059 2445 quod
3087 2374 3300 2428 tametsi
3336 2372 3496 2429 nobis
3521 2373 3585 2427 ad
3615 2372 3750 2427 ﬁdem

2182 2468 2202 2540 (
2207 2466 2261 2542 j)
2289 2467 2528 2523 otiosum
2584 2475 2706 2534 est,
2763 2475 2943 2522 tamen
2994 2465 3434 2522 rescindentibus
3490 2465 3608 2522 ﬁdei
3657 2480 3753 2520 sua:

2180 2562 2455 2619 damnatio
2481 2570 2586 2619 est.
2639 2560 2871 2617 Damnas
2900 2559 2977 2633 (Is)
3021 2574 3235 2632 quoque
3262 2570 3319 2616 et
3351 2560 3656 2616 substantia:
3674 2572 3755 2614 no-

2181 2671 2305 2713 men
2333 2698 2351 2726 ,
2397 2670 2506 2728 quo
2552 2665 2604 2712 te
2651 2663 2707 2711 et
2731 2654 3041 2711 Sardicensi
3089 2652 3299 2726 synodo
3320 2663 3378 2709 et
3411 2650 3753 2723 Sirmiensiﬂ)

2182 2749 2332 2819 pium
2361 2762 2485 2806 esse
2510 2736 2955 2805 Occidentalibus
2980 2745 3336 2803 mentiebaris
3362 2763 3376 2800 :
3427 2745 3568 2819 quod
3600 2755 3753 2801 tamen

2186 2888 2535 2946 definitiones
2559 2906 2573 2946 :
2607 2904 2729 2961 quae
2754 2904 2875 2945 mox
2900 2888 3292 2956 emendantur,
3335 2903 3446 2945 non
3474 2888 3627 2959 longo
3653 2896 3756 2961 post

2188 2963 2472 3018 intervallo
2494 2960 2637 3018 edita
2666 2963 2825 3018 tertia
2853 2961 3137 3017 Sirmiensi
3166 2961 3402 3017 formula
3423 3002 3439 3026 ,
3470 2976 3584 3027 qua:
3615 2960 3754 3015 etiam

2188 3050 2294 3089 non
2335 3034 2467 3090 nihil
2496 3036 2776 3090 immutata
2809 3033 3108 3089 Ariminum
3141 3033 3323 3089 delata
3346 3042 3449 3089 est.
3485 3032 3649 3089 Verba
3670 3047 3755 3086 au-

2188 3114 2294 3161 tem
2338 3107 2563 3162 inferius
2608 3105 2857 3174 laudata,
2903 3115 3030 3161 sunt
3066 3105 3342 3178 Ancyrani
3388 3116 3669 3161 conventus
3711 3103 3755 3157 in

2186 3178 2458 3234 anathem.
2496 3178 2584 3234 il.

2260 3248 2332 3321 (ί)
2374 3252 2427 3305 In
2457 3265 2588 3305 mss.
2619 3250 2833 3307 Martio.
2863 3259 2920 3306 et
2941 3247 3123 3317 Colb.,
3156 3250 3362 3305 institui
3389 3248 3639 3322 conqueri.
3669 3246 3757 3303 Ex-

2184 3329 2294 3392 stat
2320 3337 2534 3392 quoque
2562 3325 2616 3377 in
2646 3323 2861 3378 caneris
2888 3323 3111 3378 institui.

2260 3390 2459 3466 (g)’Sic‘
2482 3409 2588 3466 ms.
2619 3394 2774 3450 Colb.
2799 3392 3088 3466 Aliivero.
3130 3410 3338 3466 queror.
3386 3393 3547 3458 Editi,
3576 3407 3754 3466 querar.

2262 3463 2342 3537 (lt)
2382 3465 2515 3522 Scil.
2546 3465 2669 3523 ﬁdei
2696 3464 3035 3536 professione
3056 3463 3250 3522 Acacio
3276 3475 3499 3521 auctore
3528 3466 3577 3537 in
3596 3463 3760 3519 Seleu-

2188 3536 2358 3609 cienSi
2385 3540 2592 3609 synodo
2608 3540 2864 3608 perlecta,
2890 3537 2942 3592 in
2974 3554 3076 3607 qua
3108 3538 3431 3593 homousion
3460 3548 3514 3592 et
3541 3536 3757 3609 iturum“:

2189 3608 2306 3664 sion
2331 3604 2667 3679 reﬁciuntur.
2717 3610 2810 3665 His
2854 3604 3005 3664 haud
3027 3609 3244 3665 dissona
3275 3620 3405 3665 sunt
3430 3610 3516 3663 illa
3542 3604 3757 3677 Gregorii

2190 3679 2442 3734 Nazianz.
2468 3680 2561 3736 Or.
2590 3698 2723 3738 xxI:
2775 3681 2926 3735 Pium
2945 3681 3147 3736 enimet
3173 3691 3393 3737 veterem
3419 3681 3686 3735 doctrinam
3709 3692 3759 3731 ac

2194 3750 2460 3826 Trinitatis
2476 3763 2769 3822 patronam,
2785 3756 2931 3826 jarto
2960 3754 3192 3820 vallo,ac
3220 3753 3473 3809 machinis
3500 3752 3757 3823 impulsae!

2192 3822 2502 3893 labefactata
2522 3822 2970 3880 consubstantialis
2990 3840 3111 3882 uoce
3138 3826 3370 3879 sustulit.

2265 3892 2329 3967 (ἴ)
2373 3895 2522 3952 Hanc
2561 3912 2746 3952 vocem
2798 3911 2830 3950 a
2860 3896 3175 3953 Macedonio
3224 3896 3575 3967 excogitatam
3618 3892 3759 3948 fuisse

2195 3967 2361 4021 tradit
2388 3967 2785 4033 Theodoretus,
2821 3969 2858 4023 l.
2893 3984 2943 4023 tv
2971 3969 3173 4024 Haeret.
3202 3968 3335 4024 Fab.
3367 3985 3417 4022 c.
3446 3967 3501 4022 5.
3544 3970 3607 4021 At
3631 3971 3758 4020 certe

2193 4047 2412 4110 constat
2467 4039 2535 4093 ab
2563 4040 2627 4095 iis
2656 4048 2967 4109 usurpatam
3012 4056 3158 4106 esse,
3190 4040 3281 4110 qui
3313 4040 3391 4095 illi
3414 4038 3754 4110 adbzerebant.

2194 4108 2381 4182 [Seque
2440 4112 2620 4166 minus
2647 4122 2732 4167 est
2775 4108 2982 4165 eertum
3010 4154 3024 4178 ,
3093 4108 3218 4168 eos'
3247 4112 3397 4181 ipsos
3453 4108 3756 4182 postmodum

2194 4179 2660 4255 Constantinpoli
2691 4190 2912 4239 coactos
2939 4198 3080 4251 esse,
3111 4191 3170 4238 ut
3192 4179 3334 4239 hanc
3357 4179 3545 4239 vocem
3564 4181 3757 4238 damna-

2195 4263 2357 4309 PBIII.‘

2269 4324 2354 4398 (j)
2382 4326 2459 4381 Ita
2490 4328 2760 4385 ms.Colb.
2792 4344 2916 4385 cum
2946 4328 3161 4383 Martin.
3193 4325 3251 4382 In
3275 4327 3396 4383 aliis
3413 4339 3584 4382 autem
3608 4324 3755 4398 libris,

2198 4393 2438 4471 uitios'am
2476 4406 2553 4453 est
2599 4416 2618 4456 :
2663 4400 2806 4471 quod
2856 4416 2962 4455 non
2990 4400 3163 4471 solum
3193 4409 3393 4471 pugnat
3420 4414 3539 4471 eum
3564 4393 3755 4471 lib._de

2201 4467 2406 4593 Synod.
2425 4487 2494 4552 .u.
2526 4471 2635 4556 7i_.
2832 4483 2887 4528 et
2934 4486 3078 4555 cum.
3099 4470 3183 4555 his
3197 4464 3436 4540 hujusce
3458 4470 3576 4554 libri
3597 4469 3646 4524 u'.
3667 4464 3754 4520 22:

2263 4537 2335 4593 tlu
2351 4541 2553 4593 quidem
2574 4544 2875 4593 stnnlstudn-
2907 4560 2970 4593 ne
2986 4558 3170 4593 union:
3193 4542 3345 4593 detur
3368 4558 3585 4593 occasio.
3604 4545 3754 4593 sancta

2263 4537 2335 4593 ilti
2351 4541 2553 4611 quidem
2574 4544 2876 4611 similitudo,
2907 4560 2970 4598 ne
2986 4544 3170 4596 unioni
3193 4537 3345 4598 detur
3368 4543 3585 4605 occasio,
3604 4545 3756 4611 sancta

502 4619 630 4685 sunt
664 4609 830 4685 yerba
870 4610 1130 4665 subnexa.
1183 4605 1727 4685 Philippopolitanutn
1772 4621 2091 4666 conventum
2122 4605 2173 4663 D
2198 4621 2307 4685 est:
2335 4605 2390 4667 c't
2412 4628 2561 4668 num.
2594 4614 2703 4670 ‘24:
2750 4605 2987 4685 Etiamsi
3013 4616 3071 4669 in
3117 4615 3198 4667 Itis
3249 4614 3486 4668 omnibus
3519 4606 3756 4685 (formulis

501 4681 630 4737 licet
662 4680 1038 4737 Sardicensem
1070 4681 1312 4735 nominet
1338 4679 1606 4748 Hilarius,
1634 4696 1756 4736 cntn
1790 4690 1968 4736 tamen
2000 4698 2097 4739 no-

506 4762 582 4809 tet
605 4768 672 4809 ex
699 4767 763 4808 ea
786 4752 1094 4808 constitisse
1115 4751 1344 4808 factione
1364 4751 1451 4807 cui
1469 4750 1815 4807 Constantius
1846 4750 2092 4819 favebat,

503 4823 806 4896 nongvideri
850 4824 1011 4881 debet
1057 4840 1179 4881 cum
1222 4823 1490 4879 catholica
1539 4823 1845 4892 Sardicensi
1890 4825 2097 4896 synodo

502 4894 834 4951 confudisse.
1921 4894 1932 4896 θ
2077 4921 2080 4924 η

576 4965 657 5039 (d)
695 4965 984 5039 ApudiEr.
1010 5009 1025 5032 ,
1074 4967 1191 5024 Mir.
1215 5010 1230 5036 ,
1274 4967 1420 5039 Lips.
1455 4975 1510 5024 et
1550 4967 1708 5034 Pan,
1735 4977 1790 5022 tu
1829 4967 1908 5021 Itis
1948 4967 2095 5035 ipsis.

504 5038 833 5109 Concinnius
860 5038 992 5094 Bad.
1024 5055 1144 5097 cum
1174 5055 1302 5095 mss.
1328 5038 1351 5106 ,ί
1374 5041 1476 5093 tuis
1503 5039 1651 5109 ipsis.

580 5108 748 5183 (e)7ln
779 5110 990 5183 duobus
1031 5111 1503 5183 mssaemendata.
1528 5108 1531 5183 ξ
1555 5110 1863 5182 Formulam
1916 5110 2102 5169 Sirmii

507 5181 600 5237 an.
628 5182 745 5254 3577
763 5182 964 5237 editam
994 5189 1150 5237 vocat
1177 5181 1409 5237 Hilarius
1435 5181 1776 5254 deliramenta
1801 5182 1914 5238 Osii
1932 5226 1946 5250 ,
1977 5185 2100 5254 quia

508 5269 627 5308 eam
671 5253 1067 5324 subscriptione
1106 5268 1201 5307 sua
1245 5262 1418 5308 ratam
1459 5252 1716 5324 fecit,iac
1757 5253 1894 5310 forte
1938 5252 2100 5312 etiam

550 5325 865 5381 uorumdam
897 5325 1184 5379 verborum
1228 5324 1369 5378 illius
1395 5333 1583 5379 auctor
1624 5323 1761 5379 fuit:
1792 5327 2104 5381 incrementa

567 5397 717 5450 rsacii
744 5406 788 5450 et
825 5396 1092 5461 Valentis;
1119 5396 1242 5466 quia
1272 5410 1390 5449 eum
1423 5410 1519 5464 pro
1546 5410 1694 5450 more
1719 5409 1817 5452 suo
1837 5399 2104 5466 ambiguis

510 5467 830 5534 quibusdam
857 5465 1516 5523 sententiisadanxerint:
1548 5468 1919 5523 etnendationes
1970 5465 2105 5525 Con-

510 5538 724 5610 stantii;
749 5540 870 5607 quia
893 5554 1011 5593 eam
1030 5537 1398 5610 approbando,
1414 5539 1719 5593 emendavit
1741 5540 1881 5610 quod
1911 5542 2100 5598 Antio-

512 5608 688 5682 ehim,
726 5607 1167 5682 l-‘hilippopoli‘et
1200 5607 1383 5664 Sirmii
1418 5618 1605 5665 contra
1650 5607 1937 5667 Photinum
1980 5628 2103 5682 pro-

515 5678 775 5758 inrv‘eratl
810 5678 1179 5758 Damnationes
1208 5693 1384 5736 autem
1416 5682 1687 5758 prmdietzc
1718 5678 1994 5750 formulae,
2020 5686 2102 5740 in-

516 5748 707 5817 telligit
735 5748 1087 5806 Orientalium
1116 5756 1341 5821 Ancyra:
1386 5748 1476 5807 ait.
1510 5752 1614 5809 558
1648 5748 2096 5824 congregatarum

2205 4684 2545 4825 Ιιῆἕιιωιιςίοη
2609 4684 3000 4758 asserentibuS)
3062 4685 3193 4740 nihil
3245 4687 3489 4740 vitiorum
3528 4682 3757 4754 subjacere

2205 4771 2236 4807 a
2293 4767 2507 4811 rmetttr.

2205 4767 2507 4811 amrmetur.

2277 4824 2354 4899 (It)
2379 4828 2509 4899 Eam
2542 4830 2793 4885 nimirum
2827 4828 3172 4892 suscipiendo
3220 4827 3342 4884 fidei
3371 4828 3752 4899 expositionem.

2205 4893 2365 4967 quam
2393 4898 2741 4966 Athanasius,
2765 4903 2856 4957 lib.
2883 4901 2952 4956 de
2978 4899 3211 4970 Synod.,
3245 4909 3305 4955 ut
3332 4893 3757 4970 prtelectatnuAt‘i-

2204 4970 2361 5042 mini,
2389 4985 2657 5042 quamque
2676 4973 2718 5026 Τ
2726 4968 3072 5034 heodoretus,
3104 4971 3194 5026 lib.
3227 4988 3288 5036 ιι,
3312 4968 3364 5027 c.
3390 4971 3479 5036 2i,
3514 4979 3570 5026 ut
3598 4968 3759 5042 Νἰβεὲπ

2206 5041 2262 5115 in
2284 5039 2514 5097 Thracia
2542 5039 2924 5115 subscriptam,
2956 5053 3009 5097 et
3035 5042 3310 5115 Socrates,
3337 5042 3433 5098 lib.
3460 5058 3520 5111 tt,
3549 5039 3689 5105 c.4l,
3713 5041 3759 5089 ut

2203 5110 2670 5187 Constantinopoli
2702 5110 3049 5187 approbatam
3076 5113 3344 5187 referunt.

2278 5182 2341 5257 (Ι)
2388 5185 2444 5240 1d
2469 5172 2581 5249 est:
2610 5172 3090 5256 cum'approbasti
3119 5198 3174 5241 ct
3218 5186 3488 5254 professus
3532 5198 3606 5257 es;
3638 5172 3756 5257 quod

2208 5257 2258 5310 in
2288 5253 2918 5332 pseudo-Sardicensi'et
2957 5253 3238 5332 Sirmiensi
3278 5258 3484 5332 synodo
3512 5253 3756 5332 definitum

2205 5322 2311 5400 est:
2340 5328 2442 5383 Eos
2459 5340 2630 5385 autem
2658 5331 2744 5400 qui
2769 5330 2943 5383 dicunt
2967 5328 3030 5383 de
3051 5346 3155 5384 non
3173 5322 3487 5386 exstantibus
3514 5341 3612 5381 esse
3621 5322 3756 5391 ﬁlium

2216 5397 2331 5467 Dei,
2374 5401 2452 5455 vel
2483 5417 2548 5456 ea:
2573 5397 2680 5456 alia
2697 5401 3002 5465 substantia,
3030 5408 3133 5456 etc.
3208 5401 3461 5469 Adeoque
3512 5404 3754 5469 perper”!l

2213 5469 2476 5527 Baronius
2509 5472 2577 5527 ad
2622 5488 2711 5527 an.
2743 5474 2870 5539 547,
2906 5488 2961 5527 ιι.
2992 5471 3092 5533 42.
3146 5473 3217 5527 ob
3245 5468 3384 5527 hunc
3408 5469 3581 5526 Hilarii
3607 5468 3754 5539 locum

2212 5544 2469 5612 quasdam
2517 5536 3167 5614 excogitavit'Constantii
3204 5545 3407 5599 litteras
3440 5542 3503 5614 ad
3527 5536 3753 5614 synodum

2213 5603 2586 5670 Sardicensem
2614 5657 2630 5679 ,
2656 5603 2870 5685 "quibus
2913 5615 3105 5671 Filium
3143 5616 3304 5671 unius
3339 5629 3458 5669 cum
3483 5603 3629 5667 Patre
3650 5603 3755 5660 sult—

2209 5690 2422 5741 Stantia:
2472 5688 2835 5755 profiteretur.
2912 5688 3081 5742 Etiam
3118 5697 3239 5757 post
3278 5686 3607 5759 Ancyranum
3648 5692 3753 5732 con-

2210 5766 2427 5815 ventum
2461 5754 2776 5815 stilistantize
2807 5774 3001 5816 nomen
3032 5754 3251 5816 tuentur
3289 5754 3521 5830 ejusdem
3552 5754 3750 5823 imperi“
