3996 6330
286 309 382 367 Otii

1145 304 1346 363 LIBER
1383 303 1661 363 CONTRA
1699 284 2183 360 CONSTANTIUM
2221 301 2749 361 IMPERATOREM.

3483 303 3590 362 602

283 428 596 502 prophetica
625 427 948 483 auctoritate
969 425 1045 498 (a)
1093 434 1405 499 susceptum
1432 469 1447 494 ,
1514 426 1639 483 lidei
1681 425 1880 483 intelli-
1906 432 1959 492 Α
1982 426 2123 483 vinae
2149 427 2433 498 potestatis
2458 427 2705 485 aboleri?
2759 426 3071 498 Sequentur
3096 425 3386 498 tequidem
3418 423 3494 500 (g)
3527 426 3579 482 in

282 523 518 595 gentiam
542 520 873 578 continebat.
946 520 1120 578 Omne
1141 521 1346 593 itaque,
1415 521 1561 593 quod
1591 522 1876 593 probatum

282 627 441 673 antea
473 625 579 684 est,
629 614 886 671 damnare
910 614 1070 686 jubes
1098 631 1114 681 ;
1161 614 1305 686 quod
1342 614 1702 686 improbatum
1733 629 1879 671 sem-

283 724 382 782 per
430 716 551 771 est,
599 707 938 765 sanetillcare
975 707 1276 777 compellis.
1328 707 1453 764 Otu
1483 707 1735 775 sceleste,
1787 707 1878 778 qui

282 804 360 876 (ὁ)
396 802 686 860 ludibrium
735 802 806 859 de
860 801 1103 858 Ecclesia
1147 800 1317 858 facis!
1371 800 1482 858 Soli
1508 815 1669 857 canes
1686 799 1753 855 ad
1785 814 1882 857 vo-

282 898 473 955 mitum
501 912 657 953 suum
684 896 914 954 redeunt
957 913 971 951 :
1007 904 1065 951 tu
1120 895 1430 952 sacerdotes
1459 893 1659 951 Christi
1690 890 1881 950 resor-

281 991 416 1049 bere
443 990 605 1064 582
628 1006 690 1047 ea
718 1006 839 1062 quae
867 1000 1194 1061 exspuerant
1216 990 1462 1062 coegisti.
1519 988 1754 1045 Probare
1784 1003 1880 1045 eos

281 1088 335 1145 id
370 1089 443 1162 (ο)
484 1089 537 1144 in
563 1103 625 1145 se
643 1086 1077 1144 confessionibus
1116 1088 1228 1143 suis
1260 1085 1527 1158 praecipis,
1573 1084 1718 1157 quod
1754 1094 1880 1142 ante

281 1181 678 1238 damnaverant
711 1199 724 1237 :
756 1181 808 1237 in
861 1179 1108 1252 negando
1149 1193 1276 1237 reos
1322 1193 1451 1237 suos
1481 1179 1790 1247 absolvunt,
1824 1187 1882 1236 et

280 1291 343 1333 se
385 1277 535 1348 ipsos
586 1290 712 1332 reos
768 1275 1021 1332 reddunt.
1064 1276 1257 1332 Omnia
1290 1275 1346 1332 in
1372 1274 1703 1346 impietatem
1743 1287 1797 1333 et
1824 1276 1879 1331 in

281 1380 493 1426 reatum
525 1369 803 1427 detrusisti
849 1388 862 1425 :
895 1369 1022 1426 dum
1051 1385 1241 1426 omnes
1285 1383 1410 1426 reos
1453 1384 1514 1425 se
1545 1382 1669 1425 esse
1715 1380 1878 1441 atque

280 1465 502 1536 impios,
535 1473 629 1520 aut
675 1479 740 1520 ex
795 1465 1151 1536 prtesentibus
1179 1470 1454 1530 statuunt,
1500 1471 1595 1518 aut
1639 1477 1705 1518 ex
1739 1478 1880 1533 prae-

282 1559 457 1617 teritis
484 1560 832 1616 confitentur.
876 1558 991 1615 Non
1025 1559 1222 1630 recipit
1271 1557 1614 1615 mendacium
1655 1557 1878 1627 veritas,

280 1666 382 1708 nec
405 1652 608 1723 patitur
636 1650 827 1724 religio
857 1652 1216 1722 impietatem.

349 1744 443 1801 26.
486 1744 775 1801 Constantii
820 1746 877 1801 in
909 1743 1199 1801 Orientales
1239 1753 1287 1801 et
1315 1744 1471 1819 Afros
1509 1745 1769 1802 violentia.
1811 1776 1883 1787 -—

1981 519 2196 577 cineres
2219 519 2507 589 chartulae,
2543 522 2639 578 sed
2670 521 3087 578 criminosorum
3125 520 3267 592 apud
3298 520 3466 576 Deum
3496 519 3581 575 vi-

1980 620 2109 670 vent
2138 612 2540 670 damnationes.
2580 613 2756 671 Unum
2790 620 2996 670 tantum
3028 613 3281 686 proficis,
3312 620 3371 669 ut
3395 620 3581 685 poste-

1981 705 2119 763 ritas
2140 705 2266 776 quid
2298 704 2595 764 decernere
2621 706 2674 763 in
2703 721 2800 765 eos
2826 706 3062 776 debeat,
3118 707 3381 765 instructa
3410 706 3482 764 sit
3511 706 3580 765 ti—

1980 798 2199 857 mendo.
2786 798 2789 807 ‘

2051 894 2144 951 ‘27.
2187 894 2375 949 Ariani
2400 894 2618 951 mortuis
2639 894 2826 950 bellum
2852 894 3107 951 indicunt.
3145 924 3217 936 —
3253 893 3324 950 Et
3348 908 3381 950 0
3411 909 3582 967 quan-

1980 989 2050 1044 tis
2103 989 2170 1045 ad
2221 989 2553 1060 impietatem
2611 988 2829 1060 proficis
2858 988 3241 1046 incrementis!
3291 988 3358 1044 Et
3395 988 3577 1045 caeteri

1981 1081 2199 1153 quidem
2231 1082 2491 1139 mortales
2538 1096 2756 1153 semper
2790 1096 2911 1138 cum
2942 1082 3076 1137 vivis
3098 1080 3239 1138 bella
3267 1088 3574 1152 gesserunt,

1981 1177 2113 1233 dum
2163 1176 2366 1232 homini
2413 1176 2481 1232 ad
2512 1176 2786 1233 hominem
2819 1175 2960 1232 ultra
2986 1186 3216 1231 mortem
3238 1172 3373 1231 nihil
3399 1188 3580 1230 causae

1983 1279 2100 1328 est:
2155 1270 2249 1326 tibi
2274 1285 2404 1327 vero
2430 1268 2834 1327 inimicitiarum
2868 1269 3047 1325 nullus
3077 1279 3158 1325 est
3182 1267 3325 1323 finis.
3376 1268 3580 1338 Recep—

1984 1374 2068 1421 tos
2101 1366 2245 1422 enim
2274 1365 2386 1437 jam
2431 1366 2483 1422 in
2523 1348 2783 1422 aeternam
2814 1366 3049 1437 quietem
3078 1375 3265 1437 patres
3293 1363 3456 1437 583
3481 1377 3581 1419 no-

1940 1510 1963 1517 -
1982 1470 2126 1516 stros
2153 1460 2405 1528 lacessis,
2439 1469 2494 1518 et
2514 1461 2567 1517 in
2598 1461 2814 1519 decreta
2845 1476 3033 1517 eorum
3068 1474 3355 1532 pervorsus
3381 1461 3580 1515 irrum-

1983 1561 2086 1628 pls.
2132 1556 2423 1627 Apostolus
2452 1556 2857 1613 communicare
2889 1570 2989 1613 nos
3014 1565 3324 1613 sanctorum
3360 1554 3437 1627 (Ii)
3462 1568 3581 1610 me-

1984 1648 2173 1705 moriis
2207 1648 2390 1705 docuit
2418 1649 2595 1723 (Rom.
2628 1665 2724 1718 χιι,
2757 1650 2846 1722 15)
2882 1666 2896 1703 :
2952 1659 3007 1705 tu
3034 1663 3128 1705 eas
3169 1647 3430 1705 damnare
3458 1661 3585 1704 coe-

1981 1743 2128 1815 gisti.
2174 1738 2351 1799 Estne
2398 1742 2595 1814 aliquis
2643 1742 2807 1799 hodie
2834 1743 3143 1811 autvivus,
3186 1750 3280 1797 aut
3308 1746 3580 1808 mortuus,

278 1837 648 1896 Christianum
679 1849 731 1896 te
763 1840 999 1911 loqueris
1029 1836 1109 1912 (d)
1141 1856 1154 1893 :
1187 1838 1283 1895 sed
1312 1854 1470 1909 quam
1504 1856 1611 1895 non
1642 1839 1740 1906 sis,
1767 1839 1883 1909 ipse
1914 1842 1963 1904 B
1987 1837 2141 1908 cujus
2199 1847 2253 1892 tu
2304 1835 2447 1892 dicta
2495 1852 2601 1891 non
2629 1834 2969 1892 rescideris?
3011 1834 3371 1907 Episcopatus
3403 1834 3574 1904 ipsos,

280 1934 497 1990 testaris
523 1953 537 1988 :
571 1949 671 1990 nec
698 1933 1021 2006 professioni
1055 1944 1159 1990 tute
1183 1945 1332 2007 gesta
1360 1936 1707 1991 conveniunt.
1741 1935 1882 1992 Stib-

278 2028 515 2083 stravisti
538 2028 682 2084 enim
715 2026 786 2100 (e)
819 2028 1079 2085 voluntati
1108 2038 1212 2087 tute
1237 2028 1543 2086 Orientales
1566 2030 1875 2103 episcopos;

278 2137 457 2194 neque
482 2123 655 2179 solum
687 2124 951 2180 voluntati
983 2134 1112 2192 tute,
1164 2124 1260 2181 sed
1293 2136 1348 2180 et
1381 2125 1678 2182 violentize.
1733 2125 1883 2182 Man-

278 2216 377 2273 das
417 2216 510 2273 tibi
542 2218 968 2289 subscriptiones
996 2218 1268 2287 Afrorum,
1293 2219 1487 2290 quibus
1528 2218 1596 2292 (n
1627 2219 1879 2291 blasphe-

280 2310 443 2366 miam
476 2308 682 2375 Ursacii
712 2320 767 2367 et
790 2310 1033 2369 Valentis
1051 2311 1529 2378 codemnaverant,
1557 2311 1733 2369 reddi.
1775 2312 1881 2369 Re-

280 2403 575 2461 niteutibus
605 2405 974 2474 comminaris,
1003 2413 1059 2462 et
1089 2415 1421 2475 postremum
1450 2404 1517 2460 ad
1546 2404 1879 2477 diripiendos

281 2501 470 2554 mittis.
511 2498 685 2567 Quid?
736 2499 1019 2556 existimas
1061 2498 1340 2555 Christum
1384 2514 1490 2556 non
1525 2499 1629 2555 nisi
1656 2514 1755 2572 per
1785 2499 1877 2555 lit-

280 2599 453 2647 teram
480 2591 745 2663 judicare,
801 2600 856 2648 et
895 2591 962 2647 ad
993 2591 1327 2665 arguendam
1359 2593 1690 2649 voluntatem
1717 2608 1879 2665 egere

279 2686 525 2742 chartula
558 2687 762 2743 Deum?
791 2688 1046 2759 autquod
1074 2687 1243 2744 semel
1273 2688 1536 2759 scriptum
1560 2696 1661 2755 est,
1696 2696 1753 2744 et
1782 2702 1879 2759 per

282 2789 336 2838 te
357 2781 628 2838 violenter
656 2781 962 2853 abreptum,
1022 2781 1076 2837 id
1130 2781 1198 2837 de
1239 2781 1573 2839 conscientia
1614 2796 1774 2854 posse
1794 2781 1877 2838 di-

282 2916 417 2974 toris
443 2917 639 2990 litterte
666 2916 731 2972 ad
764 2915 1137 2974 Antioclienos
1163 2924 1353 2973 contra
1383 2917 1688 2990 Eudoxium
1714 2918 1884 2990 scrip-

283 3000 375 3055 t:e,
405 3001 459 3045 et
489 3005 519 3045 a
540 2989 843 3045 Sozomeno
868 2990 961 3045 lib.
989 3005 1066 3057 IV,
1099 3004 1148 3045 c.
1185 2989 1272 3057 14,
1318 2989 1503 3045 relatte
1525 3031 1539 3054 ,
1589 2991 1642 3045 in
1683 2989 1880 3060 quibus

282 3062 467 3129 legere
492 3070 607 3117 est:
656 3060 925 3128 Revocate,
955 3077 1151 3130 quwso,
1184 3062 1239 3116 in
1268 3063 1567 3117 memoriam
1596 3063 1788 3133 primos
1815 3061 1882 3115 il—

284 3133 361 3188 los
387 3149 642 3188 sermones
670 3173 685 3195 ,
727 3143 847 3187 tunc
867 3149 982 3187 eum
1008 3135 1071 3187 de
1100 3133 1204 3203 ﬁde
1232 3133 1602 3203 inquireremns
1626 3175 1641 3195 ,
1696 3133 1880 3205 quibus

283 3205 728 3276 demonstrabaiur
761 3204 1083 3261 Salvatorem
1139 3213 1366 3260 nostrum
1420 3222 1528 3260 esse
1571 3204 1733 3276 ﬁlium
1756 3204 1873 3273 Dei,

282 3287 329 3331 et
382 3278 601 3332 similent
633 3274 781 3330 Patri
823 3276 1105 3331 secundum
1159 3277 1519 3331 substantiam.
1571 3274 1693 3334 ‘Ubi
1732 3277 1872 3331 Con-

1982 1934 2074 2005 qui
2102 1948 2244 1988 nunc
2270 1932 2524 1989 videntur
2546 1974 2560 1998 ,
2594 1930 2859 1988 sustulisti
2882 1928 2946 2004 (i)
2978 1930 3193 2002 penitus
3222 1948 3236 1986 :
3268 1932 3391 2001 quia
3421 1941 3584 1985 nemo

1982 2042 2092 2084 non
2117 2028 2229 2097 jam
2262 2041 2355 2097 per
2380 2042 2440 2082 se
2467 2025 2756 2081 damnatus
2781 2032 2885 2090 est,
2916 2034 2969 2079 et
2999 2038 3153 2091 eum,
3200 2037 3230 2078 a
3270 2037 3376 2093 quo
3397 2035 3581 2078 sacer-

1984 2122 2190 2179 dotium
2214 2123 2467 2193 sumpsit,
2502 2134 2609 2177 non
2627 2119 2736 2191 jam
2765 2128 2821 2175 et
2846 2119 2964 2190 ipse
2989 2117 3287 2174 damnavit.
3317 2114 3418 2171 Cui
3441 2130 3583 2171 nunc

1981 2224 2291 2273 sanctorum
2318 2214 2596 2270 memoriae
2615 2211 3137 2269 cominunicabitur?
3165 2209 3465 2266 Anathema
3486 2208 3582 2263 tibi

1986 2312 2214 2370 trecenti
2243 2310 2432 2367 decem
2477 2319 2531 2366 et
2581 2317 2706 2364 octo
2755 2306 3141 2363 convenientes
3183 2303 3325 2377 apud
3348 2301 3582 2360 Nicaeam

1979 2405 2222 2478 episcopi
2253 2412 2380 2460 sunt
2411 2420 2426 2457 :
2455 2401 2743 2458 anathema
2795 2400 2997 2457 deinde
3028 2384 3257 2467 omnes,
3307 2401 3397 2469 qui
3421 2396 3586 2453 variis

1985 2499 2183 2558 exinde
2236 2496 2664 2570 expositionibus
2717 2493 3025 2551 adfuerunt.
3075 2492 3195 2565 ipse
3231 2506 3450 2564 quoque
3478 2490 3590 2562 pri-

1981 2590 2106 2651 dem
2130 2594 2243 2664 jam
2276 2603 2521 2649 mortuus
2550 2590 2838 2647 anathema
2882 2589 2975 2645 tibi
3002 2587 3076 2662 (j)
3113 2596 3270 2660 pater
3309 2597 3432 2642 tuus
3475 2593 3577 2652 est,

1982 2690 2067 2746 cui
2098 2689 2314 2745 Nicatna
2336 2686 2571 2760 synodus
2602 2686 2701 2742 fuit
2722 2701 2890 2753 curae,
2921 2700 3081 2757 quam
3115 2694 3170 2740 tu
3196 2682 3349 2739 falsis
3374 2681 3587 2754 opinio-

1983 2781 2486 2840 nibusinfamatam
2523 2780 2838 2852 perturbas,
2881 2786 2937 2835 et
2964 2786 3152 2835 contra
3181 2776 3471 2832 lmmamtm
3497 2773 3582 2830 di-

1986 2933 2178 2990 pautra,
2213 2919 2353 2991 quod
2378 2918 2604 2990 Illyriis,
2633 2916 2787 2991 [falis
2829 2924 2878 2971 et
2913 2917 3056 2991 Afris
3087 2914 3292 2991 dissidii
3313 2923 3361 2971 et
3392 2913 3585 2969 tumul-

1987 2988 2070 3047 tus
2099 2988 2256 3047 causa
2286 2988 2584 3046 exstitisset.
2666 2988 2821 3046 Unde
2865 2988 3028 3043 etiam
3059 2988 3362 3044 existimant
3393 3000 3585 3042 eorum

1984 3063 2310 3119 sententiam
2340 3061 2683 3128 conﬁrmari,
2735 3060 2824 3132 qui
2869 3058 3158 3115 formulam
3203 3058 3577 3132 Sirmienseiu,

1982 3150 2104 3206 qua:
2165 3134 2507 3206 imperatoris
2553 3128 2981 3189 edicto'necuon
3038 3132 3199 3185 minis
3225 3128 3581 3206 acpteuisde

1982 3200 2571 3263 manibus’habenliuin
2601 3215 2785 3275 erepta
2807 3210 2911 3275 est,
2942 3219 3047 3275 non
3078 3217 3200 3258 eum
3225 3203 3449 3275 .\_thau.,
3476 3200 3572 3275 iii).

1981 3278 2051 3334 de
2070 3279 2202 3351 ἕνα.
2233 3293 2288 3350 p.
2318 3276 2445 3351 914,
2477 3272 2713 3351 tertiam,
2736 3274 2828 3331 sed
2848 3289 2969 3351 cum
2994 3273 3239 3351 Socrate,
3266 3273 3302 3328 I.
3324 3287 3455 3351 tt,_c.
3480 3272 3573 3339 30,

282 3351 521 3421 stantius
553 3363 852 3404 memorare
894 3348 1106 3403 tidetur
1158 3350 1316 3403 [idem
1338 3348 1478 3421 apud
1513 3349 1660 3421 ipsos
1686 3347 1877 3404 Antio-
1905 3336 1950 3399 C
1982 3359 2038 3406 et
2060 3336 2387 3413 Stizonietto,
2408 3336 2443 3403 Ιξ
2465 3363 2607 3421 tv,e.
2632 3336 3004 3421 6,'secundam
3027 3336 3346 3421 intelligunt.
3367 3336 3577 3421 Quam}-

283 3420 485 3476 cheuos
511 3420 562 3475 in
597 3421 860 3476 Encteuiis
880 3422 1177 3491 expositam
1197 3421 1378 3492 (quam
1395 3420 1626 3489 primam
1649 3435 1875 3478 censere

283 3492 552 3556 solebant,
584 3492 674 3563 qui
706 3493 1038 3564 respuebant
1064 3492 1378 3561 Nicaenam),
1408 3506 1472 3547 ac
1501 3492 1773 3563 respicere
1820 3492 1874 3548 in

284 3564 402 3638 haec
426 3565 593 3638 ipsius
620 3563 781 3638 verba
805 3563 822 3630 ,
851 3564 1513 3638 Adivinitatisessentiteque
1543 3567 1651 3634 (καὶ
1673 3564 1871 3638 οὐσίας)

283 3644 331 3691 et
354 3636 556 3708 uirtutis
575 3645 623 3691 et
648 3635 826 3706 gloria:
841 3635 1308 3690 incommutabilem
1330 3636 1624 3708 imaginem.

355 3706 430 3781 (a)
458 3707 589 3781 Bad.
611 3717 679 3781 Act
705 3708 822 3774 En,
841 3718 1148 3780 susceptam.
1181 3708 1324 3771 Min.
1345 3706 1488 3778 Lips.
1513 3718 1567 3764 et
1595 3708 1876 3781 Par.,sus-

281 3779 448 3850 cepta.
499 3779 692 3835 Verius
729 3795 859 3833 mss.
907 3789 1228 3845 susceptum,
1278 3790 1402 3850 puta
1425 3780 1741 3836 substantia:
1774 3795 1873 3835 no-

282 3867 407 3909 men
430 3870 443 3906 :
468 3851 611 3921 quod
639 3850 692 3906 in
713 3850 1006 3919 Scriptutis
1046 3852 1298 3907 usitatum
1331 3853 1522 3921 probat
1548 3852 1876 3908 Phaebadius

282 3927 456 3996 Agen.
494 3934 549 3979 et
591 3926 641 3977 iu
670 3922 791 3978 Filii
816 3925 1221 3996 generationem
1267 3924 1561 3996 convenire
1601 3923 1874 3994 Pmpheta

282 3994 493 4067 docet,_
518 4010 639 4051 cum
667 3996 763 4064 ait,
808 3994 893 4050 Ea:
914 4006 1059 4051 utero
1078 4005 1196 4050 ante
1215 3995 1488 4067 luciferum
1514 3996 1669 4067 genui
1696 4007 1760 4067 te.

358 4067 436 4141 (b)
467 4065 621 4141 Colb.
651 4082 908 4141 m_s.cmn
939 4068 1177 4141 Marum,
1209 4068 1295 4133 qui
1325 4065 1613 4141 delubrum.
1657 4066 1874 4141 Miriﬁcae-

283 4138 439 4207 teris’,
462 4140 551 4208 qui
578 4138 904 4194 ludibrium:
935 4138 1021 4193 ubi
1055 4139 1106 4193 in
1143 4142 1376 4205 excusis,
1402 4139 1539 4208 quod
1573 4140 1871 4194 ludibrium.

353 4212 430 4283 (ε)
462 4210 517 4266 in
541 4212 767 4283 vulgatis
793 4211 1131 4283 desideratur
1151 4227 1235 4264 se:
1253 4210 1397 4283 quod
1421 4210 1722 4283 restiiuitur
1748 4225 1874 4283 anc:

289 4281 506 4340 toritate
536 4281 666 4339 mss.
699 4281 818 4339 Vat.
853 4284 993 4348 bas.,
1044 4282 1254 4337 Martio.
1287 4290 1342 4337 et
1363 4281 1517 4337 Colb.
1550 4281 1721 4337 Porro
1744 4282 1874 4337 illud

283 4356 337 4410 in
366 4371 421 4410 se
441 4354 587 4410 idem
620 4365 703 4411 est
731 4355 873 4426 quod
906 4355 1175 4409 adversum
1199 4371 1271 4409 se.

357 4428 443 4498 (ά)
477 4427 592 4482 Duo
621 4441 777 4493 mss.,
827 4427 1045 4496 loqueris
1093 4435 1143 4480 et
1189 4426 1473 4493 praedicas:
1509 4426 1599 4480 sed
1623 4426 1746 4497 quia
1772 4442 1875 4481 non

283 4500 376 4555 sis.
437 4498 556 4555 Mox
588 4501 640 4555 in
670 4499 800 4555 solis
826 4498 983 4561 ειμι..
1014 4514 1104 4552 nec
1132 4498 1438 4568 confessioni
1469 4508 1590 4552 tute.

356 4570 431 4643 (e)
470 4570 565 4626 llic
594 4585 782 4627 versus
807 4613 822 4639 ,
853 4568 1103 4643 uoluntati
1148 4579 1248 4643 tute
1273 4568 1558 4643 Orientales
1585 4571 1872 4640 episcopos,

284 4640 446 4714 neque
474 4642 658 4712 solum,
711 4657 832 4698 cum
862 4641 913 4696 in
947 4642 1097 4712 prius
1123 4641 1351 4714 vulgatis
1370 4640 1617 4714 deesset,
1655 4656 1875 4714 revocae

284 4711 375 4787 tur
412 4730 479 4770 ex
512 4729 642 4787 mss.
674 4785 687 4787 _
714 4714 809 4787 liic
837 4711 1357 4787 notaturuviolentia
1386 4712 1747 4787 Orientalibus
1782 4713 1873 4784 qui

283 4783 628 4842 h'omteusion
657 4785 1018 4841 defendebant
1039 4784 1209 4852 illata,
1238 4794 1295 4839 ut
1316 4783 1711 4840 Ariminensem
1732 4783 1877 4842 blas-

283 4858 558 4929 phetuiam
584 4857 940 4929 susciperent.

357 4931 428 4999 (Ῑ)
470 4929 597 4984 Mss.
630 4926 783 4985 Colb.
817 4937 872 4985 et
920 4927 1100 4992 Mart.,
1131 4926 1503 4998 blasphemias.
1524 4968 1539 4983 .
1572 4929 1881 4986 condemna-

280 5013 487 5057 rerunt.
538 5002 686 5056 lianc
713 5000 1099 5069 blasphemiam
1129 5000 1560 5070 interpretantur
1581 5003 1772 5056 eruditi
1796 5017 1884 5057 se-

281 5075 517 5130 cundam
561 5072 843 5128 formulam
896 5071 1249 5144 Sirmiensem
1284 5070 1395 5144 _lib.
1446 5071 1515 5127 de
1542 5070 1745 5144 Synod.
1786 5074 1881 5128 de-

279 5149 564 5215 scriptam.
609 5144 775 5211 quue
805 5141 1250 5215 putantabAfris
1276 5141 1495 5215 factum,
1525 5141 1666 5212 quod
1696 5160 1725 5199 a
1752 5143 1881 5200 Gal—

280 5218 350 5274 lis
376 5213 411 5271 :_
434 5232 569 5288 quos
594 5213 828 5272 Hilarius
851 5216 941 5288 lib.
973 5214 1043 5288 de
1063 5213 1440 5288 Syn_od.An._2,
1471 5223 1729 5288 testatur,
1755 5217 1882 5271 mis-

279 5306 399 5344 sam
423 5285 753 5343 e'Sirmiensi
779 5285 972 5359 Oppido
1000 5286 1224 5357 inﬁdelis
1247 5285 1373 5356 ﬁdei
1402 5287 1711 5359 impietatem
1732 5288 1880 5343 dant-

280 5378 455 5416 nasse.
494 5360 606 5415 Hoc
632 5370 808 5414 tamen
838 5357 1130 5414 discrimen
1162 5365 1390 5427 ponunt,
1419 5357 1563 5427 quod
1591 5359 1875 5423 Gallicam

280 5434 466 5489 statim
504 5441 666 5502 atque
688 5429 831 5485 edita
876 5438 981 5497 est,
1014 5429 1083 5502 ab
1124 5429 1365 5499 ipsismet
1391 5432 1704 5502 auctoribus
1725 5446 1877 5488 acce.

281 5506 493 5578 perint;
520 5500 664 5578 Afris
687 5511 889 5578 autem,
913 5516 1036 5578 cum
1060 5500 1170 5571 jam
1192 5506 1440 5578 auctores
1465 5501 1614 5578 illius
1629 5503 1875 5578 puderet,

283 5572 450 5631 inissa
503 5576 574 5630 sit
615 5589 777 5644 opera
811 5572 992 5629 Basilii
1035 5572 1284 5644 acerrimi
1332 5587 1521 5629 eorum
1553 5572 1872 5632 adversarii.

286 5648 426 5703 lline
453 5642 741 5718 opinantur
771 5644 1027 5701 Basilinm
1071 5644 1213 5713 apud
1238 5642 1456 5700 Sozom.
1489 5645 1527 5699 l.
1561 5662 1612 5700 ιν
1630 5688 1653 5718 ί,
1698 5664 1748 5703 c.
1777 5647 1872 5715 24,

287 5721 356 5773 ab
382 5717 664 5774 Acacianis
695 5718 1058 5772 insimulatum
1089 5731 1207 5771 esse
1232 5758 1247 5780 ,
1296 5720 1432 5787 quod
1471 5733 1587 5771 cum
1612 5717 1874 5774 Ger-minio

290 5802 339 5845 et
364 5790 580 5846 Ursacio
599 5800 644 5846 et
674 5788 890 5845 Valente
912 5787 1317 5843 communionem
1345 5804 1399 5841 se
1419 5789 1600 5845 habere
1626 5791 1871 5857 scribens,

293 5864 375 5918 ‘eos
402 5861 572 5921 tamen
596 5862 737 5935 apud
764 5863 1031 5935 episcopos
1073 5859 1264 5933 Αρ-ῑτω
1310 5872 1596 5918 accusasset
1620 5878 1639 5919 t
1670 5873 1724 5922 et
1753 5869 1878 5937 post

1980 3437 2141 3493 quam
2173 3436 2279 3477 non
2301 3421 2389 3477 hic
2407 3422 2483 3476 ait
2505 3420 2741 3475 Hilarius
2757 3426 2970 3493 extorta
2996 3418 3354 3493 blasphcinite
3367 3416 3575 3493 Ursacii

1981 3488 2036 3549 et
2069 3493 2308 3549 Valentis
2333 3493 2662 3561 exemplaria
2689 3533 2719 3561 ,ί
2763 3489 2859 3545 sed
2912 3497 3115 3561 tantum
3150 3488 3578 3561 subscriptiones

2018 3566 2172 3620 uibus
2194 3565 2279 3620 illa
2311 3559 2669 3620 condemnata
2698 3560 2894 3618 fuerat.
2948 3560 3018 3617 Et
3050 3576 3178 3616 vero
3212 3562 3470 3629 potiorem
3497 3559 3575 3614 vi-

1978 3578 2093 3692 gori
2125 3637 2402 3692 Athanasii
2424 3635 2768 3692 sententiam.
2797 3633 3005 3689 notisin
3021 3632 3405 3692 Fragtiientum
3430 3639 3575 3692 post-

2017 3637 2093 3692 eri
2125 3637 2402 3693 Athanasii
2424 3635 2768 3703 sententiam,
2797 3633 3005 3689 notisin
3021 3632 3405 3704 Fragmentum
3430 3639 3577 3703 post—

1978 3723 2188 3765 remum
2218 3708 2585 3765 ostendemus.
3259 3714 3265 3721 '

2049 3782 2125 3852 (g)
2174 3782 2340 3837 Abest
2366 3781 2423 3835 in
2449 3796 2476 3833 a
2510 3792 2643 3836 mss.
2672 3777 2882 3852 martiu.
2916 3786 2970 3832 et
2993 3774 3149 3833 Colb.

2051 3846 2132 3926 (Τι’)
2163 3852 2321 3908 Modo
2343 3862 2523 3908 exstat
2580 3855 2630 3926 in
2660 3850 2825 3905 latino
2872 3860 3022 3926 texiu
3041 3847 3422 3926 necessitatibus
3452 3888 3467 3912 ,
3516 3846 3570 3901 in

1978 3919 2154 4001 graeco
2181 3927 2555 4001 ταῖς-χρείαις.
2582 3921 2917 4001 Quamquam
2947 3919 3281 4001 Cui-cellarius
3305 3920 3571 4001 legitimi;

1977 3990 2215 4069 gantiam:
2265 3990 2383 4052 Ob"
2401 3996 2758 4069 reverentiam
2801 4006 2926 4069 erga
2962 4003 3141 4069 patres
3176 3990 3428 4069 catholici
3460 3990 3573 4069 epi-

1977 4062 2151 4140 scopi,
2178 4067 2333 4140 Frag.
2364 4082 2478 4132 viti,
2497 4066 2624 4140 n.2,
2645 4062 2888 4140 Arimino
2914 4063 3218 4140 rescribunt
3236 4062 3577 4128 Constantio,

1979 4132 2092 4195 sibi
2134 4132 2446 4195 nefas'esse
2477 4154 2506 4191 a
2551 4137 2766 4194 Nicama
2799 4132 2905 4190 fide
2936 4134 3189 4190 recedere
3215 4176 3232 4201 ,
3278 4149 3439 4205 quam
3489 4142 3569 4188 tot

1977 4212 2148 4265 sancti
2172 4221 2223 4268 et
2256 4209 2609 4267 Confessorcs
2652 4218 2706 4264 et
2741 4207 3031 4278 Martyrum
3057 4220 3403 4263 successores
3440 4219 3573 4261 con-

1977 4283 2328 4341 scripserunt.

2049 4299 2666 4429 Eigsxdljli‘giinuspenitus
2700 4368 2820 4429 cum
2850 4351 3100 4409 omnibus
3124 4364 3254 4407 mss.
3279 4350 3573 4429 Episcopa-

1980 4422 2066 4481 tus
2091 4422 2311 4494 penitus
2343 4422 2483 4483 tolli't
2508 4426 2857 4481 Constantius
2877 4467 2890 4485 .
2947 4440 3068 4481 cum
3102 4438 3296 4479 novam
3323 4422 3568 4492 amplec-

1981 4498 2144 4553 tendo
2178 4499 2336 4556 tidem
2358 4541 2374 4566 ,
2426 4499 2871 4566 damnat-omnes
2898 4495 3236 4567 superiorum
3268 4503 3570 4567 temporum

1978 4570 2299 4644 episcopos;
2351 4580 2407 4627 et
2435 4568 2662 4644 perinde
2701 4584 2797 4625 eos
2823 4566 3011 4644 etiam,
3039 4568 3127 4638 qui
3160 4568 3284 4622 licet
3306 4566 3406 4637 ipsi
3433 4580 3569 4620 eon-

1978 4644 2233 4710 sentiant,
2257 4643 2324 4698 ab
2355 4643 2698 4697 anathemate
2723 4651 2902 4696 tamen
2930 4643 3302 4709 episcopatum
3321 4652 3570 4707 sumpse-

1979 4722 2125 4782 runt,
2146 4715 2248 4770 hoc
2270 4724 2374 4777 est,
2401 4714 2558 4770 abiis
2585 4730 2718 4784 quos
2739 4712 2899 4767 modo
2920 4712 3264 4767 anathemate
3292 4710 3567 4765 damnant.

1987 4784 2229 4860 Vld._lib.
2247 4786 2316 4843 de
2341 4785 2743 4860 Synod._n.9_l.

2059 4858 2136 4932 (j)
2168 4853 2522 4932 Hieronymus
2550 4854 2901 4932 in_Chronico
2929 4853 3572 4932 scribit,_Cou_s_tantinum

1984 4944 2016 4984 a
2036 4926 2305 5000 baptismo
2336 4926 2389 4985 in
2433 4929 2683 5000 haeresim
2716 4930 2926 4998 lapsum
2954 4942 3099 5000 esse.
3142 4926 3327 4982 Tradit
3354 4940 3571 5000 quoque

1982 4997 2200 5057 Luci-fer
2224 5000 2471 5068 Calarit.,
2503 5002 2539 5055 l.
2564 4999 2632 5055 de
2664 4997 2796 5070 Reg.
2822 5008 3022 5070 apost.,
3046 4997 3204 5053 illum
3223 5013 3283 5054 se
3317 5000 3382 5053 ad
3414 4997 3568 5053 Aria-

1985 5088 2085 5128 nos
2111 5072 2423 5135 contulisse,
2472 5082 2528 5129 et
2556 5072 2648 5127 lib.
2676 5087 2690 5126 l
2725 5088 2819 5141 pro
2853 5072 3136 5138 Athenas,
3184 5070 3283 5140 ipsi
3316 5084 3566 5140 perosum

1984 5143 2154 5201 fuisse
2178 5143 2528 5200 Athanasium
2552 5185 2567 5210 ,
2614 5145 2759 5214 quod
2805 5145 3177 5199 nolueritesse
3199 5143 3451 5214 Arianus.
3507 5141 3564 5195 lu

1982 5232 2141 5285 quem
2174 5217 2349 5287 locum
2379 5216 2592 5281 'l‘illins,
2626 5211 2785 5287 :Hinc
2810 5228 3059 5287 apparet,
3091 5214 3257 5282 inquit
3285 5254 3301 5280 ,
3332 5211 3570 5287 Impera-

1981 5284 2141 5343 torem
2170 5286 2559 5343 Constantinum
2586 5284 2917 5360 Magnum'i'n
2952 5296 3206 5360 senectute
3233 5286 3390 5357 fuisse
3416 5284 3568 5360 Aria:

1981 5376 2143 5415 num:
2188 5361 2324 5432 quod
2371 5360 2596 5430 plerique
2642 5355 2797 5415 etiam
2844 5357 3077 5413 historici
3125 5355 3567 5432 itarrttat:_Aiitttl

1983 5439 2161 5488 tamen
2201 5427 2429 5503 scriptis
2476 5427 2588 5488 suis
2628 5432 2948 5503 mandarunt
2987 5444 3107 5503 nou
3123 5428 3283 5503 modo
3309 5427 3566 5503 Hilarius,

1981 5503 2077 5559 sed
2107 5514 2161 5560 et
2188 5499 2514 5561 Athanasius
2542 5504 2608 5559 ad
2630 5504 2810 5566 Solit.;
2846 5501 3201 5572 Epiphanius,
3225 5502 3357 5555 liter.
3387 5499 3480 5567 69,
3511 5519 3565 5557 n.

1982 5575 2072 5641 12;
2106 5579 2448 5641 Ambrosius,
2476 5575 2569 5631 Or.
2618 5576 2685 5632 de
2732 5575 2880 5630 obitu
2910 5573 3221 5639 Theodosii,
3252 5588 3307 5627 n.
3340 5573 3432 5638 40,
3462 5585 3568 5629 etc.

1976 5646 2093 5703 [mo
2145 5649 2505 5704 Ariininensis
2552 5645 2778 5703 Concilii
2815 5645 3064 5701 catholici
3102 5656 3304 5715 patres,
3348 5643 3563 5712 Fragm.

1979 5735 2094 5787 vui,
2120 5737 2173 5776 n.
2199 5721 2541 5787 {testantur
2563 5717 2974 5775 ConStantiuutn
2997 5756 3013 5782 ,
3044 5731 3166 5772 cum
3209 5716 3368 5773 fidem
3399 5716 3573 5772 Meae-

1977 5806 2103 5847 nam
2158 5802 2386 5862 teneret,
2431 5792 2761 5865 baptizatum
2804 5791 2871 5846 ad
2926 5791 3164 5860 quietem
3197 5788 3291 5846 Dei
3341 5792 3574 5847 cumini-—

1978 5876 2183 5936 gressa.
