3996 6330
501 262 610 320 eos
1214 254 1461 317 SANCTI
1503 252 1757 314 HlLABtl
1798 248 2104 311 EPISCOPI
2141 209 2275 310 un.
2317 250 2521 311 com.
2558 253 2805 315 consr.
2854 254 2990 313 IMP.
3676 270 3767 327 tot

505 383 797 453 vinumque
819 375 1085 450 judicium
1116 390 1238 453 cum
1265 374 1452 446 paucis
1480 371 1803 430 satellitibus
1832 368 1942 428 tuis
1971 383 2100 442 pro—
2123 370 2180 433 Α
2204 368 2583 426 inenarrabilis
2606 371 2963 429 doceremur:
3004 386 3127 429 cum
3155 388 3290 445 aqua
3317 375 3380 431 ﬁt
3404 376 3580 434 vinum
3605 419 3621 446 ,
3661 396 3767 439 cuin

506 472 646 531 fanis
673 472 746 547 (a)
793 470 1098 543 impugnas.
1163 467 1271 526 Sed
1311 483 1418 524 non
1465 467 1590 524 licet
1634 465 1731 523 tibi
1765 479 1907 522 nunc
1932 477 2103 536 regno
2205 463 2445 537 quinque
2476 479 2666 536 panes,
2709 465 2965 522 saturatis
2999 469 3241 538 quinque
3269 468 3505 527 millibus
3532 472 3766 540 virorum,

504 570 709 643 potenti
739 567 903 624 etiam
934 566 990 623 in
1022 572 1298 636 posterum
1319 562 1695 637 praejudicare.
1716 561 1945 618 Exstant
1961 559 2105 616 enim

508 663 707 719 littera:
731 702 748 726 ,
800 658 996 733 quibus
1025 657 1100 725 id,
1132 657 1277 730 quod
1299 667 1356 713 tu
1386 656 1740 713 criminosum
1769 665 1927 725 putas
1950 694 1965 721 ,
2014 652 2106 725 pie

504 763 634 811 tunc
680 768 802 810 esse
854 760 1163 823 susceptum
1196 751 1273 823 (b)
1321 750 1565 805 docetur.
1646 746 1785 803 Audi
1811 746 2105 803 verborum

506 856 749 906 sanctam
774 846 1191 918 intelligentiam
1214 887 1232 913 ,
1288 843 1415 901 audi
1449 842 1708 899 Ecclesia:
1738 840 2103 914 imperturba-

507 954 613 1001 tam
645 942 1109 1008 constitutionem,
1141 939 1265 994 andi
1296 938 1468 1011 patris
1500 936 1575 992 tui
1595 938 1891 1008 prolessam
1920 935 2104 1004 ﬁdem,

508 1039 633 1096 audi
687 1038 940 1094 humanae
975 1038 1095 1106 spei
1141 1034 1511 1093 conﬁdentem
1562 1035 1936 1099 securitatem,
1983 1032 2107 1088 audi

508 1134 778 1190 luereticm
810 1132 1176 1188 damnationis
1208 1131 1482 1201 publicum
1512 1145 1767 1195 sensum,
1799 1128 2109 1200 etintellige

509 1234 563 1282 te
592 1226 790 1282 divinae
845 1223 1126 1296 religionis
1166 1222 1406 1290 hostem,
1437 1231 1494 1279 et
1521 1223 1799 1278 inimicum
1831 1222 2112 1277 memoriis

511 1318 584 1392 (c)
614 1327 927 1376 sanctorum
948 1357 967 1386 ,
1022 1324 1080 1374 et
1108 1327 1347 1390 paterme
1387 1317 1602 1390 pictatis
1625 1315 1900 1374 bteredem
1931 1315 2113 1373 rebel-

512 1413 640 1471 lem.
670 1410 755 1486 (ά)

796 1548 1210 1604 Additamento»:
1235 1563 1299 1604 ea:
1321 1547 1464 1603 libris
1484 1547 1547 1602 de
1571 1544 1835 1605 Trinitate.

2207 565 2438 627 excepto
2464 572 2596 614 sexu
2628 567 2682 614 et
2712 566 2873 616 aetate
2911 559 3157 631 reliqua,
3213 563 3427 633 replent
3478 562 3765 637 fragmentis

2204 651 2467 723 cophinos
2495 652 2804 710 duodecim.
2855 652 2963 710 Res
2983 656 3248 722 cernitur,
3295 666 3352 713 et
3404 660 3663 726 nescitur;
3702 661 3772 729 ﬁt,

2207 752 2264 800 et
2293 760 2398 800 non
2431 746 2782 819 intelligitur;
2837 747 2978 803 ratio
3028 763 3135 803 non
3177 748 3627 821 apprehenditur,
3662 753 3777 811 elle-

2207 849 2326 895 ctus
2358 842 2644 913 ingeritur.
2678 842 2918 900 Stultum
2948 854 3034 901 est
3060 855 3261 911 autem,
3292 847 3613 904 calumniam
3641 850 3691 905 in
3712 866 3770 907 eo

2210 934 2574 1004 inquisitionis
2604 938 2902 1003 intendere,
2950 939 3002 994 in
3024 955 3132 1009 quo
3161 941 3545 1011 comprehendi
3577 943 3624 999 id
3651 944 3777 1003 unde

2210 1029 2467 1099 quaeritur
2520 1045 2615 1100 per
2655 1040 2901 1086 naturam
2952 1047 3105 1089 suam
3165 1047 3269 1088 non
3298 1042 3494 1103 potest.
3547 1034 3614 1093 Ut
3650 1038 3776 1093 enim

2212 1121 2590 1178 inenarrabilis
2617 1132 2702 1179 est
2731 1124 2891 1180 Pater
2920 1125 2970 1178 in
2995 1140 3061 1180 eo
3098 1128 3241 1196 quod
3274 1126 3545 1198 ingenitus
3572 1136 3646 1183 est
3672 1145 3688 1196 ;
3713 1131 3775 1188 ita

2212 1218 2449 1273 enarrari
2485 1216 2653 1273 Filius
2684 1218 2735 1274 in
2767 1233 2832 1275 eo
2846 1218 2990 1290 quod
3022 1219 3328 1290 unigenitus
3356 1231 3557 1276 estnon
3581 1232 3776 1292 potest;

2213 1314 2338 1384 quia
2366 1312 2585 1383 ingeniti
2628 1324 2705 1367 est
2740 1314 2917 1383 imago
2941 1314 3030 1385 qui
3056 1315 3273 1385 genitus
3297 1323 3404 1371 est.
3477 1314 3609 1370 Cum
3652 1316 3778 1373 enim

2214 1419 2378 1462 sensu
2408 1416 2569 1477 atque
2600 1405 2786 1463 verbis
2830 1406 3118 1478 imaginem
3163 1406 3617 1479 apprehendimus
3640 1448 3654 1471 .
3705 1425 3788 1466 ne-

2214 1513 2369 1555 cesse
2398 1507 2482 1555 est
2503 1499 2583 1575 (lt)
2612 1500 2773 1556 etiam
2813 1515 2937 1556 eum
2966 1500 3118 1572 cujus
3149 1501 3327 1573 imago
3372 1512 3459 1558 est
3508 1515 3784 1573 consequa-

2131 1604 2136 1609 ·
2216 1606 2358 1646 mur.
2414 1592 2517 1647 Sed
2551 1591 2839 1647 invisibilia
2872 1594 3274 1664 persequimur,
3309 1602 3367 1649 et
3395 1593 3783 1665 incomprehen-

583 1687 674 1744 28.
712 1684 794 1742 Ea:
815 1686 903 1744 lib.
940 1701 977 1742 ιι
1023 1686 1087 1741 de
1118 1683 1289 1746 Trin.,
1320 1700 1462 1739 nunt.
1495 1682 1549 1739 6.
1584 1683 1745 1740 Pater
1768 1691 1883 1751 est,
1914 1700 1979 1740 ex
2003 1701 2113 1758 quo

2218 1684 2396 1739 sibilia
2438 1692 2730 1753 tentamus,
2787 1686 2982 1757 quibus
3032 1687 3389 1757 intelligentia
3438 1688 3504 1743 ad
3530 1688 3785 1759 conspica-

514 1796 677 1837 omne
697 1778 841 1852 quod
872 1788 957 1837 est
981 1777 1252 1835 consistit.
1277 1777 1400 1850 lpse
1428 1778 1480 1834 in
1503 1777 1721 1834 Christo
1751 1788 1806 1835 et
1837 1795 1935 1850 per
1957 1779 2117 1837 Chri-
2143 1776 2192 1839 B
2222 1778 2355 1834 biles
2384 1795 2471 1835 res
2518 1792 2571 1835 et
2616 1794 2907 1852 corporeas
2933 1788 3262 1847 eoarctatur;
3299 1796 3408 1837 non
3450 1781 3789 1838 erubescimus

514 1883 656 1929 stum
686 1872 839 1943 origo
868 1872 1129 1928 omnium.
1184 1870 1452 1926 Caeterum
1486 1870 1554 1943 (ε)
1585 1885 1706 1926 esse
1750 1871 1868 1942 ejus
1909 1875 1963 1928 in
1993 1888 2115 1930 sese

519 1977 603 2025 est
641 1986 654 2023 :
686 1982 795 2024 non
821 1966 1042 2023 aliunde
1072 1965 1215 2039 quod
1243 1976 1327 2023 est
1352 1980 1575 2022 sumens
1593 2007 1608 2031 ,
1632 1966 1728 2023 sed
1759 1966 1811 2023 id
1835 1967 1980 2039 quod
2007 1978 2113 2035 est,

518 2080 585 2119 ex
602 2078 660 2120 se
689 2071 852 2135 atque
875 2064 929 2118 in
955 2076 1014 2117 se
1043 2060 1326 2125 obtinens;
1384 2059 1626 2115 inﬁnitus
1654 2101 1670 2126 ,
1716 2060 1843 2131 quia
1872 2076 1978 2117 non
2002 2061 2117 2131 ipse

518 2158 572 2212 in
603 2156 817 2228 aliquo,
874 2153 971 2212 sed
1001 2154 1143 2210 intra
1170 2169 1293 2210 eum
1318 2153 1499 2208 omnia
1525 2170 1541 2221 ;
1599 2167 1819 2224 semper
1848 2162 2001 2209 extra
2034 2154 2117 2210 lo-

517 2263 665 2317 cum,
697 2248 823 2322 quia
851 2262 959 2306 non
981 2248 1291 2305 continetur
1315 2244 1369 2302 in
1402 2247 1555 2312 loco;
1605 2262 1821 2318 semper
1871 2258 1999 2303 ante
2045 2263 2119 2304 te-

518 2358 645 2399 vum
671 2383 686 2411 ,
728 2342 853 2414 quia
907 2349 1121 2413 tempus
1163 2341 1247 2409 ab
1271 2354 1340 2399 eo
1366 2349 1468 2397 est.
1521 2338 1694 2397 Curre
1722 2355 1886 2396 sensu
1914 2341 1960 2396 si
1989 2340 2119 2413 quid

518 2439 569 2495 ei
600 2446 758 2511 putas
794 2438 1039 2495 ultimum
1089 2452 1235 2506 esse,
1265 2452 1390 2494 eum
1426 2450 1643 2509 semper
1672 2436 1917 2494 invenies
1948 2455 1961 2491 :
1995 2436 2120 2506 quia

519 2546 643 2587 eum
691 2547 906 2601 semper
951 2530 1203 2586 intendas
1232 2574 1246 2595 ,
1306 2545 1523 2601 semper
1561 2530 1813 2601 estquod
1845 2529 2117 2587 intendas.

522 2623 751 2693 Semper
794 2630 974 2677 autem
1026 2621 1203 2676 locum
1234 2621 1350 2692 ejus
1383 2620 1666 2677 intendere
1710 2618 1873 2697 584
1922 2622 1996 2678 ita
2026 2621 2123 2678 tibi

523 2724 624 2785 est,
657 2724 715 2775 ut
740 2719 789 2772 ei
811 2731 934 2773 esse
963 2714 1032 2790 (Ῑ)
1060 2716 1179 2773 sine
1220 2715 1328 2771 ﬁne
1359 2725 1460 2772 est.
1488 2716 1679 2772 Sermo
1709 2718 1762 2771 in
1794 2732 1860 2773 eo
1885 2716 2121 2784 deﬁciet,

523 2818 632 2866 nOn
663 2817 852 2865 natura
883 2809 1180 2865 claudatur.
1232 2809 1430 2865 lterum
1464 2810 1681 2865 revolve
1707 2819 1972 2880 tempora,
2004 2806 2125 2867 esse

522 2918 741 2975 semper
772 2903 1047 2959 invenies:
1100 2911 1156 2959 et
1199 2918 1322 2959 cum
1380 2903 1575 2959 calculi
1630 2917 1888 2959 numerus
1919 2904 1971 2959 in
2004 2919 2125 2959 ser-

526 3012 689 3053 mone
709 2994 989 3064 defecerit,
1024 2995 1136 3053 Deo
1164 3006 1343 3052 tamen
1374 3012 1591 3069 semper
1616 3012 1740 3053 esse
1771 3012 1878 3054 non
1916 2995 2123 3054 deﬁcit.

523 3087 939 3161 Intelligentiam
971 3104 1277 3158 commove,
1307 3098 1363 3146 et
1415 3099 1587 3146 totum
1631 3097 1813 3147 mente
1855 3090 2128 3160 contplec-

2216 1870 2483 1936 stultitiae,
2536 1887 2645 1927 non
2675 1873 3035 1945 nosmetipsos
3074 1873 3496 1947 irreligiosiuttis
3523 1874 3786 1946 arguimus,

2198 1964 2576 2033 ‘Deiarcanis,
2633 1967 2722 2022 Dei
2750 1965 3041 2023 virtutibus
3066 1967 3483 2023 calumniantes.
3536 1968 3789 2036 Quomodo

2219 2058 2410 2125 Filius,
2441 2070 2496 2118 et
2521 2061 2661 2117 unde
2684 2060 2876 2126 Filius,
2932 2071 2987 2118 et
3008 2079 3115 2135 quo
3144 2062 3346 2119 damno
3370 2062 3575 2127 Patris,
3620 2062 3697 2117 vel
3731 2078 3786 2119 ex

2220 2171 2324 2224 qua
2376 2156 2447 2209 sit
2501 2156 2752 2226 portione
2797 2162 2956 2212 natus
3008 2156 3356 2228 inquirimus.
3439 2157 3701 2214 Habueras
3740 2159 3782 2213 in

2220 2247 2470 2317 exemplo
2521 2249 2921 2318 operationum,
2988 2258 3049 2305 ut
3092 2251 3346 2307 crederes
3389 2253 3555 2308 Deum
3603 2251 3788 2310 efﬁcere

2222 2354 2405 2412 posse,
2436 2354 2665 2411 quorum
2696 2340 3001 2412 intelligere
3029 2342 3381 2399 efﬁcientiam
3406 2360 3512 2400 non
3539 2346 3712 2416 possis.

2296 2433 2385 2490 50.
2443 2432 2528 2489 Ea:
2556 2451 2696 2488 num.
2730 2433 2796 2489 l9
2821 2435 3051 2508 ejusdem
3084 2435 3223 2491 libri.
3286 2437 3502 2507 Quaeris
3548 2435 3787 2509 quomodo

2223 2530 2517 2588 secundum
2556 2529 2815 2601 Spiritum
2849 2540 3008 2586 natus
3038 2530 3108 2586 sit
3151 2531 3319 2586 Filius
3357 2546 3369 2584 :
3400 2547 3502 2603 ego
3529 2541 3580 2588 te
3605 2532 3666 2587 de
3688 2546 3789 2587 cor-

2225 2625 2404 2696 poreis
2436 2625 2594 2681 rebus
2639 2625 2937 2695 interrogo.
2991 2624 3109 2680 Non
3136 2640 3327 2697 quaero
3355 2626 3624 2697 quomodo
3657 2635 3791 2683 natus

2224 2734 2292 2774 ex
2317 2716 2522 2788 virgine
2550 2715 2620 2773 sit
2656 2735 2668 2770 :
2718 2732 2786 2772 an
2828 2716 3213 2773 detrimentum
3242 2719 3331 2773 sui
3360 2733 3488 2774 caro
3532 2718 3789 2790 perlectam

2225 2825 2292 2866 ex
2322 2826 2380 2866 se
2410 2826 2626 2866 carnem
2659 2809 2821 2883 585
2851 2824 3116 2881 generans
3145 2826 3405 2882 perpessa
3438 2812 3525 2866 sit.
3584 2810 3647 2866 Et
3669 2818 3791 2865 certe

2229 2920 2335 2961 non
2367 2906 2605 2975 suscepit
2629 2906 2769 2975 quod
2798 2903 3001 2959 edidit:
3034 2904 3127 2959 sed
3154 2920 3282 2961 caro
3310 2919 3532 2963 carnem
3563 2904 3669 2959 sine
3698 2902 3793 2957 ele-

2227 3010 2531 3056 mentorum
2565 3008 2871 3055 nostrorum
2896 2998 3105 3071 pudore
3137 3001 3410 3071 provexit,
3445 3010 3499 3055 et
3527 2999 3790 3070 perfectum

2230 3094 2345 3164 ipsa
2367 3093 2433 3148 de
2459 3092 2571 3148 suis
2595 3108 2701 3148 non
2732 3093 3011 3147 imminuta
3038 3092 3340 3163 generavit.
3389 3093 3456 3148 Et
3484 3093 3691 3163 quidem
3730 3090 3795 3142 las

528 3189 684 3247 tere;
744 3179 873 3235 nihil
911 3190 1087 3237 tenes.
1138 3180 1335 3235 Totum
1379 3180 1481 3236 hoc
1511 3180 1674 3236 habet
1696 3180 1988 3251 reliquum,
2040 3196 2128 3236 re-
2154 3180 2199 3245 C
2230 3196 2394 3250 esset,
2451 3200 2555 3238 non
2587 3183 2923 3254 impossibile
2950 3183 3002 3237 in
3030 3185 3142 3238 Deo
3161 3184 3398 3255 epinari,
3427 3184 3567 3256 quod
3599 3198 3685 3254 per
3706 3181 3794 3236 rir—

525 3275 731 3346 liquum
769 3285 947 3329 autem
997 3274 1099 3330 hoc
1133 3289 1350 3344 semper
1392 3273 1444 3328 in
1493 3283 1606 3329 toto
1633 3281 1735 3330 est.
1789 3276 1929 3346 Ergo
1952 3288 2129 3346 neque

528 3375 698 3424 totum
740 3378 866 3436 est,
919 3369 1004 3424 cui
1062 3368 1328 3441 reliquum
1361 3377 1474 3435 est;
1520 3384 1694 3439 neque
1722 3368 1987 3441 reliquum
2019 3376 2124 3437 est,

527 3460 615 3515 cui
645 3468 731 3515 est
759 3476 921 3516 omne
940 3462 1083 3531 quod
1115 3470 1285 3517 totum
1304 3471 1410 3517 est.
1444 3462 1730 3534 Reliquum
1756 3465 1925 3529 enim,
1950 3463 2129 3532 portio

529 3564 645 3620 est;
698 3568 860 3609 omne
892 3569 1022 3610 vero
1050 3594 1066 3621 ,
1117 3555 1259 3626 quod
1296 3565 1461 3611 totum
1517 3563 1619 3611 est.
1680 3556 1822 3613 Deus
1860 3566 2038 3611 autem
2077 3563 2131 3611 et

532 3647 730 3718 ubique
778 3656 897 3715 est,
943 3656 998 3704 et
1029 3656 1172 3704 totus
1202 3649 1398 3719 ubique
1426 3658 1527 3707 est.
1606 3649 1684 3705 Ita
1717 3649 1796 3724 (g)
1848 3652 2129 3721 regionem

532 3740 904 3812 intelligentiae
933 3741 1171 3808 excedit,
1219 3750 1374 3798 extra
1403 3757 1563 3814 quem
1589 3744 1721 3799 nihil
1750 3754 1855 3812 est,
1890 3752 1946 3799 et
1976 3745 2131 3815 cujus

502 3848 505 3849 '
537 3844 622 3892 est
646 3849 868 3908 semper
887 3844 944 3891 ut
970 3850 1187 3908 semper
1212 3838 1303 3893 sit.
1328 3837 1455 3892 lla‘c
1480 3839 1678 3894 veritas
1697 3848 1782 3894 est
1809 3838 2135 3893 sacramenti

531 3928 649 3995 Dei,
666 3930 768 3985 hoc
794 3928 865 3985 im
876 3930 1248 4000 perspicabilis
1265 3940 1470 3988 naturae
1488 3947 1684 3988 nomen
1707 3930 1760 3987 in
1777 3931 1959 3987 Patre.
1992 3931 2134 3987 Deus

537 4023 846 4090 invisibilis,
888 4022 1196 4091 ineﬁ‘abilis,
1219 4024 1461 4081 inﬁnitus
1483 4042 1495 4078 :
1521 4024 1588 4079 ad
1610 4040 1768 4095 quem
1799 4031 1855 4080 et
1875 4024 2137 4094 eloquen-

531 4116 659 4173 dum
683 4131 863 4173 sermo
885 4118 1062 4186 sileat,
1116 4126 1171 4175 et
1220 4118 1653 4191 investigandum
1696 4133 1894 4176 sensus
1916 4118 2130 4185 hebent,

532 4223 588 4270 et
615 4214 1085 4286 complectendum
1118 4213 1469 4286 intelligentia
1496 4222 1826 4271 coarctetur.

603 4307 698 4366 29.
750 4308 834 4363 Ea:
856 4308 945 4364 lib.
971 4325 1027 4364 ιιι
1078 4309 1144 4365 de
1183 4308 1358 4377 Trin.,
1399 4326 1538 4364 num.
1576 4310 1661 4366 l8.
1706 4308 1907 4365 Volens
1951 4307 2137 4380 itaque

534 4402 706 4459 Filius
730 4403 890 4476 hujus
918 4405 1216 4461 nativitatis
1246 4419 1358 4460 sua:
1385 4403 1549 4460 ﬁdem
1593 4404 1772 4461 facere
1797 4447 1810 4471 ,
1872 4403 2137 4459 factorum

535 4512 757 4554 suorum
788 4498 943 4553 nobis
971 4499 1156 4569 posuit
1183 4497 1453 4567 exempla,
1492 4507 1550 4552 ut
1576 4513 1671 4568 per
1691 4496 2135 4554 inenarrabilium

2229 3287 2395 3334 tutem
2427 3279 2542 3345 ejus
2571 3276 2829 3348 possibile
2857 3275 3020 3332 fuisse
3052 3275 3103 3330 in
3128 3274 3348 3331 homine
3374 3274 3747 3350 cognoscimus.

2301 3372 2390 3426 5|.
2421 3368 2505 3424 Ea:
2552 3387 2695 3425 nunt.
2741 3369 2832 3424 20.
2866 3368 2973 3425 Sed
3004 3376 3059 3425 te
3081 3410 3096 3435 ,
3131 3369 3380 3440 quisquis
3412 3384 3493 3433 es,
3545 3366 3798 3434 investiga-

2232 3465 2357 3520 bilia
2407 3475 2724 3530 sectantem,
2793 3472 2849 3517 et
2911 3461 3219 3517 divinorum
3274 3471 3606 3517 secretorum
3663 3466 3799 3526 atque

2235 3558 2498 3613 virtutum
2543 3569 2764 3627 gravem
2808 3554 3068 3610 arbitrum
3114 3553 3362 3627 consulo,
3416 3561 3474 3609 ut
3511 3551 3632 3607 mihi
3660 3551 3800 3621 impc-

2238 3651 2365 3716 rito,
2394 3659 2447 3704 et
2480 3626 2688 3704 tantum
2721 3646 2790 3703 de
2815 3646 3069 3703 omnibus
3092 3645 3206 3702 Deo
3236 3626 3317 3701 ut,
3343 3653 3472 3701 sunt
3512 3646 3577 3699 ab
3600 3660 3660 3700 co
3683 3642 3800 3697 dicta

2236 3741 2498 3805 credenti,
2547 3740 2814 3795 rationem
2858 3739 3046 3795 saltem
3072 3738 3196 3794 facti
3226 3737 3383 3792 istius
3414 3736 3622 3793 alteras.
3648 3733 3801 3789 Domi-

2237 3849 2361 3889 num
2390 3833 2570 3897 audio,
2602 3841 2657 3887 et
2684 3833 2810 3903 quia
2839 3832 2924 3887 his
2949 3830 3115 3886 credo
3142 3844 3262 3900 qua:
3287 3829 3488 3900 scripta
3535 3836 3669 3892 sunt,
3709 3824 3800 3880 scio

2231 3928 2342 3998 jam
2392 3936 2514 3998 post
2544 3925 2999 3983 resurrectionem
3034 3923 3349 3995 frequenter
3376 3923 3657 3979 videndum
3681 3934 3733 3974 se
3758 3918 3799 3973 in

2237 4036 2466 4090 corpore
2499 4010 2794 4090 praebuisse
2835 4017 3017 4074 multis
3046 4034 3153 4073 non
3185 4015 3569 4079 credentibus;
3599 4013 3658 4085 (i)
3682 4019 3803 4066 certe

2240 4115 2464 4170 Thomze
2504 4129 2613 4169 non
2644 4115 2746 4170 nisi
2775 4112 3125 4169 contrectatis
3170 4112 3288 4181 ejus
3317 4108 3631 4165 vulneribus
3656 4101 3803 4160 credi-

2243 4221 2363 4268 turo
2385 4256 2400 4280 ,
2432 4211 2570 4266 sicut
2596 4211 2671 4264 ait
2698 4226 2711 4266 :
2761 4208 2882 4263 Nisi
2910 4206 3081 4262 videro
3107 4205 3161 4259 in
3187 4204 3427 4260 manibus
3471 4205 3579 4277 ejus
3605 4201 3668 4274 (j)
3693 4197 3803 4267 ﬁgu-

2239 4324 2351 4361 ram
2384 4306 2669 4369 clavorum,
2702 4312 2751 4358 et
2795 4303 2981 4356 misero
3007 4300 3228 4371 digitum
3250 4314 3421 4353 meum
3465 4302 3516 4351 in
3543 4295 3695 4350 locum
3716 4288 3801 4344 cla-

2241 4416 2438 4464 vorum,
2488 4406 2539 4453 et
2582 4397 2783 4450 mittam
2828 4410 3037 4448 manant
3074 4408 3239 4446 meam
3265 4392 3319 4445 in
3361 4391 3499 4446 latus
3544 4390 3670 4459 ejus,
3720 4398 3802 4437 non

2242 4491 2447 4547 credam
2479 4488 2661 4559 (Joan.
2696 4504 2787 4551 xx,
2819 4484 2938 4557 25).
2973 4484 3232 4539 Dominus
3262 4499 3323 4538 se
3367 4483 3436 4538 ad
3490 4493 3692 4537 omnem
3734 4474 3801 4529 in-

534 4598 809 4661 gestorum
851 4568 1072 4645 suorum
1116 4588 1465 4646 efﬁcientiam
1492 4588 1564 4644 de
1606 4588 1805 4644 virtute
1843 4587 2139 4647 nativitatis
2165 4579 2217 4641 D
2246 4568 2562 4657 telligentiae
2591 4593 2792 4639 nostra:
2822 4579 3245 4637 imbecillitatem
3260 4574 3646 4635 accommodat,
3660 4578 3709 4627 et
3724 4568 3804 4623 du-

613 4750 693 4822 (a)
720 4748 774 4805 ln
817 4764 948 4805 mss.
976 4750 1190 4807 Martin.
1220 4759 1277 4806 et
1320 4748 1476 4806 Cnlb.
1532 4749 1825 4822 profanas:
1878 4756 1935 4822 et
1978 4763 2133 4817 mox,

539 4821 675 4876 nunc
685 4822 831 4892 regni
850 4824 1126 4890 potentiam
1145 4824 1196 4878 in
1229 4832 1506 4894 posterum,
1522 4832 1654 4890 etc.,
1674 4821 1764 4876 ubi
1779 4821 2053 4877 Baudinus
2074 4836 2137 4878 ac

542 4894 781 4949 Latinius
812 4895 1087 4950 malebant
1110 4912 1266 4967 regno
1297 4896 1527 4966 patienti.

612 4981 691 5057 (b)
718 4984 884 5057 Iidem
915 5000 1049 5045 mss.
1074 4987 1279 5042 doceor.
1331 4986 1429 5042 llic
1459 4986 1691 5042 maxime
1716 4983 2009 5056 respicitur
2040 5000 2141 5040 vo-

542 5054 792 5113 cabulum
825 5054 1169 5122 honionsion,
1224 5059 1376 5124 cujus
1396 5054 1823 5129 ambiguitatem
1850 5057 2139 5129 objectare

542 5130 787 5201 haeretici
817 5130 1065 5188 solebant
1085 5171 1097 5189 .
1128 5138 1187 5185 ιιι
1212 5137 1358 5201 patet
1385 5143 1451 5184 ex
1479 5128 1567 5184 his
1596 5129 1715 5183 libri
1743 5130 1810 5184 de
1836 5128 2057 5201 Synod,
2076 5145 2130 5186 η.

544 5203 605 5258 9|
640 5221 652 5255 :
699 5200 1036 5267 Interpretali
1073 5200 1253 5256 Patres
1282 5202 1445 5256 nostri
1472 5210 1589 5256 sunt
1615 5211 1732 5269 post
1750 5201 2003 5269 synodum
2033 5200 2139 5255 Ni-

544 5289 739 5328 camam
765 5274 1021 5348 ltomousii
1053 5276 1416 5345 proprietatem
1437 5273 1693 5348 religiose.
1754 5273 1975 5329 Exstant
1998 5273 2139 5342 libri,

545 5356 713 5399 manet
732 5346 1063 5401 conscientia.

619 5436 690 5512 (_c)
736 5437 864 5493 Bad.
898 5447 951 5493 et
979 5439 1092 5505 Er.,
1125 5448 1414 5496 auctorum.
1446 5439 1585 5496 Lud.
1610 5439 1825 5497 Mirmus
1848 5447 2009 5512 atque
2038 5437 2146 5495 La-

552 5507 759 5575 tinius,
819 5526 1069 5567 avorum:
1116 5515 1452 5583 superiorum
1512 5513 1893 5575 immemores,
1923 5507 2151 5582 ‘qnibns

551 5591 850 5706 stinctprum
892 5585 1149 5639 memoriis
1186 5585 1619 5641 comnutnicandt
1672 5595 1999 5656 praeceptum
2058 5599 2154 5637 cx-

557 5666 588 5706 ιι
614 5667 692 5706 tca
722 5668 802 5706 ur.

557 5666 802 5720 pucatur.

636 5741 714 5834 (f1)
729 5742 1045 5834 Augofliﬁei
1071 5748 1311 5834 basilicae
1341 5750 1743 5834 Vaticantehic
1766 5708 2063 5834 absolvitur
2092 5745 2157 5834 li-

566 5812 702 5871 ber.
728 5813 997 5886 Quidquid
1028 5831 1208 5883 autem
1239 5833 1490 5898 superest
1518 5840 1582 5882 ex
1614 5823 1768 5890 libris
1799 5823 1867 5878 de
1896 5820 2158 5891 'l‘rinitale

2239 4749 2346 4804 huc
2372 4745 2688 4803 translatum
2715 4752 2830 4807 est,
2882 4756 2986 4797 nec
3012 4742 3145 4797 satis
3184 4748 3312 4811 apte
3352 4738 3621 4794 adsutum.
3677 4731 3799 4801 Quo-

2242 4822 2382 4877 circa
2423 4834 2609 4889 paruin
2641 4815 2812 4872 abfuit
2835 4814 2964 4884 quin
2997 4815 3221 4869 omnino
3241 4812 3685 4884 supprimeretur.

2316 4912 2390 4989 (ε)
2425 4911 2595 4969 Abest
2621 4927 2732 4965 esse
2753 4925 2781 4964 a
2812 4924 2943 4964 mss.

2314 5009 2384 5081 (ί)
2425 5003 2624 5061 Excusi
2671 5003 2758 5060 hic
2806 5002 3133 5074 adjiciebant
3166 5015 3401 5073 semper:
3450 4989 3801 5065 refragantibus

2245 5096 2379 5138 mss.

2323 5177 2400 5250 (g)
2425 5176 2514 5231 Sic
2701 5181 2755 5229 et
2785 5171 2879 5227 Er.
2906 5179 2965 5226 ut
2987 5169 3083 5225 lib.
3114 5168 3180 5224 de
3210 5167 3362 5225 Trin.
3392 5166 3498 5223 Alii
3535 5176 3656 5219 vero
3682 5155 3799 5219 libri,

2248 5251 2568 5320 religionem.

2326 5342 2407 5414 (Ιι)
2440 5342 2591 5405 Mss.,
2617 5353 2828 5414 necesse
2842 5343 2915 5392 est
2942 5350 3057 5389 cum
3085 5348 3143 5387 eo
3168 5332 3320 5414 cujus
3344 5332 3517 5414 ξειπςο
3544 5334 3631 5413 (fit
3655 5333 3802 5414 ‘f’fff:

2259 5401 2442 5484 nuntur
2475 5429 2492 5467 :
2525 5401 2686 5466 male.
2739 5411 2901 5484 Pejus
2923 5416 3108 5484 autem
3149 5401 3277 5484 editi
3310 5446 3323 5467 ,
3353 5401 3489 5457 Tum
3526 5401 3650 5454 enim
3665 5403 3800 5484 satis:

2257 5474 2407 5557 atque
2435 5485 2599 5540 rerbis
2624 5474 2900 5553 imaginem
2925 5478 3368 5548 apprehendamus
3390 5484 3587 5528 necesse
3613 5474 3801 5529 aut"!

2258 5575 2371 5611 eam
2394 5562 2543 5632 cujus
2568 5557 2739 5625 imago
2767 5562 2839 5609 est
2868 5564 3255 5621 consequemur.

2334 5651 2396 5725 (ί)
2447 5652 2616 5719 Ειιὶιί,
2663 5648 2828 5706 Credo
2876 5647 3244 5725 Thomw,_elc.
3270 5643 3420 5725 Mss”
3451 5642 3592 5698 Certe
3615 5635 3800 5725 Thomas

2260 5715 2489 5780 ιιοήἢὴδὶ
2520 5715 2765 5779 contactis
2793 5726 2902 5784 eius
2931 5719 3223 5776 vulneribus
3252 5717 3555 5777 credituram
3580 5726 3630 5769 se
3653 5715 3732 5763 ait.

2331 5817 2402 5905 (λ)
2430 5818 2486 5874 ln
2517 5832 2677 5887 mss.,
2706 5817 2953 5901 (intrant.
