3996 6330
240 317 336 376 605

1188 308 1565 370 ADMONITIO
1604 308 1669 367 IN
1708 309 1837 368 LIB.
1879 308 2085 370 CONT.
2128 312 2556 375 AUXENTIUM.

3425 323 3529 379 6m

238 430 475 489 bitatioui
528 428 825 486 inﬁdelium
878 426 1278 499 satisiacturus,
1325 442 1582 486 arcanum
1621 426 1834 483 virtutis
1858 432 1910 496 Α
1937 429 2181 501 perfecto
2201 432 2312 493 Deo
2335 443 2486 504 patre
2511 436 2819 508 unigenitus
2846 445 2901 495 et
2931 438 3198 509 perfectus
3225 439 3364 496 ﬁlius
3392 440 3533 501 Deus

240 523 520 583 invisibilis
543 533 799 595 operatur
824 539 837 576 :
872 520 1002 578 facti
1028 520 1315 591 rationem,
1348 521 1592 595 quisquis
1620 519 1696 593 (α)
1727 520 1835 575 eris

236 620 541 679 ctelestium
575 633 758 675 rerum
788 626 1081 685 scrutator,
1119 631 1350 687 expone.
1384 604 1555 673 Erant
1584 614 1834 687 discipuli

236 714 446 780 inclusi,
496 720 553 770 et
593 723 806 771 secreto
834 724 957 785 post
983 714 1289 784 passionem
1317 711 1534 769 Domini
1560 710 1835 782 conjuncti

235 807 614 864 consederant.
644 807 908 864 Dominus
940 808 1164 864 Thomas
1193 808 1353 865 ﬁdem
1385 805 1679 880 propositis
1704 820 1836 862 con-

233 902 528 958 ditionibus
553 901 967 959 conﬁrmaturus
994 901 1224 971 assistit,
1278 902 1533 975 palpandi
1562 901 1832 974 corporis,

231 1004 288 1053 et
316 994 687 1052 contrectandi
716 995 956 1052 vulneris
982 995 1176 1052 obtulit
1195 994 1501 1051 facultatem
1527 1010 1543 1050 :
1572 1003 1627 1050 et
1655 994 1837 1065 utique

231 1090 320 1162 qui
349 1098 708 1158 compunctus
736 1090 1208 1159 recognoscendos
1249 1092 1340 1157 sit,
1391 1104 1616 1146 necesse
1650 1096 1734 1145 est
1779 1099 1837 1145 ut

232 1200 431 1258 corpus
461 1184 514 1240 iu
547 1199 654 1256 quo
685 1194 768 1241 est
794 1195 1147 1256 compunctus
1171 1185 1432 1241 attulerit.
1464 1185 1661 1254 Qner
1707 1199 1836 1256 ergo

231 1294 329 1350 per
366 1293 501 1350 quas
527 1278 727 1335 clausae
756 1278 948 1335 domus
981 1289 1160 1350 partes
1184 1293 1306 1335 sese
1352 1293 1648 1349 corporeus
1693 1277 1838 1334 intu-

233 1373 384 1429 lerit.
408 1371 708 1443 Diligenter
735 1373 878 1428 enim
906 1371 1251 1443 Evangelista
1281 1370 1565 1444 expressit,
1600 1371 1787 1428 dicens
1819 1387 1833 1425 :

236 1468 389 1523 Venit
433 1466 591 1524 Iesus
607 1467 787 1540 januis
833 1468 1041 1535 clausis,
1068 1476 1115 1523 et
1145 1467 1278 1523 stetit
1306 1468 1360 1521 in
1398 1466 1565 1523 medio
1608 1465 1837 1537 discipu-

228 1564 398 1619 lorum
424 1561 496 1637 (ὁ)
518 1579 730 1619 suorum
757 1560 947 1635 (Ibid.,
974 1561 1092 1634 26).
1126 1564 1211 1619 An
1231 1568 1540 1617 constructa
1571 1560 1835 1631 parietum

231 1668 552 1731 penetrans,
591 1656 822 1714 solidam
855 1657 1122 1728 lignorum
1153 1664 1400 1712 naturam
1445 1653 1836 1727 impenetrabi-

230 1754 340 1808 lem
373 1749 730 1807 transcurrit?
771 1748 930 1806 Stetit
962 1764 1194 1819 namque
1239 1763 1554 1818 corporeus,
1609 1761 1719 1802 non
1765 1746 1840 1802 si-

1937 531 2097 579 natus
2126 526 2215 593 sit,
2246 526 2368 597 quia
2398 542 2616 586 sensum
2642 538 2699 587 et
2719 545 3024 589 sermonem
3054 533 3303 590 humanm
3330 542 3535 593 natura:

1936 616 2109 673 virtus
2135 621 2500 687 generationis
2529 623 2775 682 excedat.

2008 711 2100 767 32.
2133 711 2219 768 Ex
2267 731 2412 770 nunt.
2458 716 2550 775 21.
2586 718 2655 774 Et
2684 719 2864 777 omnia
2890 719 3104 791 quidem
3132 722 3355 795 insuper
3385 740 3541 780 mun-

1936 802 1994 860 di
2045 818 2212 877 opera
2260 808 2452 864 adesse
2480 809 2636 866 nobis
2683 811 2736 866 in
2775 812 3141 870 testimonium
3173 826 3419 886 possent,
3468 834 3537 874 ne

1937 899 2213 969 ambigere
2258 899 2326 955 de
2357 900 2453 957 Dei
2482 902 2644 959 rebus
2663 913 2824 975 atque
2851 906 3137 963 virtutibus
3169 907 3250 964 fas
3279 910 3535 967 credere-

1938 1005 2081 1046 mus.
2115 990 2221 1049 Sed
2252 993 2307 1047 in
2350 994 2523 1061 ipsam
2555 997 2833 1053 veritatem
2868 998 3156 1055 inﬁdelitas
3183 1010 3362 1058 nostra
3409 1018 3536 1073 pro.

1938 1084 2130 1149 currit,
2161 1092 2216 1139 et
2244 1084 2465 1141 violenti
2493 1086 2544 1141 in
2583 1088 2850 1144 excidium
2891 1090 2985 1146 Dei
3016 1094 3294 1162 potestatis
3337 1093 3537 1149 irrum-

1938 1174 2135 1248 pimus.
2187 1177 2245 1232 Si
2291 1178 2502 1247 liceret,
2547 1190 2602 1236 et
2651 1196 2879 1252 corpora
2924 1192 2978 1238 et
3025 1200 3217 1241 manus
3244 1185 3311 1241 ad
3337 1186 3535 1242 ctelum

1939 1268 2268 1339 levaremus,
2299 1272 2468 1329 solem
2499 1282 2753 1345 astraque
2782 1284 2977 1331 cetera
3018 1276 3184 1333 annui
3210 1293 3402 1335 cursus
3426 1279 3540 1334 suis

1940 1364 2203 1424 limitibus
2264 1367 2729 1438 proturbaremus,
2784 1371 3233 1440 permisceremus
3283 1371 3541 1429 decessus

1938 1458 2141 1517 Oceani
2170 1469 2226 1518 et
2269 1476 2539 1528 accessus,
2573 1461 2771 1519 ﬂuenta
2819 1465 2982 1519 etiam
3016 1465 3238 1521 fontium
3269 1464 3541 1523 inhibere-

1940 1569 2084 1623 mus,
2112 1563 2167 1611 et
2194 1563 2412 1611 naturas
2437 1554 2721 1612 ﬂuminum
2750 1555 3101 1624 referremus,
3123 1567 3542 1617 concuteremus

1939 1645 2287 1721 fundamenta
2319 1659 2498 1717 terra,
2531 1660 2587 1706 et
2626 1658 2742 1705 toto
2769 1650 2822 1708 in
2872 1650 2992 1708 haec
3033 1666 3196 1723 opera
3238 1652 3334 1710 Dei
3374 1654 3540 1724 parsi.

1939 1740 2083 1796 cidio
2128 1740 2535 1799 desaeviremus.
2572 1742 2700 1799 .Sed
2746 1742 2887 1800 bene
2932 1751 3036 1811 est,
3083 1744 3228 1816 quod
3277 1760 3376 1803 uos
3399 1750 3540 1803 intra

226 1850 463 1906 mulatus
494 1856 590 1905 aut
622 1847 811 1904 fallax.
844 1847 1151 1918 Sequuntur
1177 1860 1310 1917 ergo
1336 1844 1478 1901 oculi
1505 1844 1702 1901 mentis
1730 1853 1835 1899 uite
1866 1836 1914 1899 B
1941 1835 2080 1891 hanc
2118 1834 2399 1893 modestia“:
2430 1840 2809 1897 necessitatem
2840 1849 3032 1896 natura
3068 1854 3355 1912 corporum
3399 1841 3541 1897 deti-

226 1946 571 2017 penetrantis
609 1943 935 2014 ingressum,
963 1952 1020 1998 et
1062 1955 1184 1998 cum
1224 1955 1290 1996 eo
1330 1941 1567 1995 clausam
1611 1936 1834 2015 domum

229 2040 608 2111 intelligentiae
638 2049 742 2095 tuae
777 2039 926 2095 visus
957 2038 1209 2094 introeat.
1240 2035 1454 2108 Integra
1498 2044 1625 2089 sunt
1654 2032 1834 2089 omnia

224 2144 282 2192 et
329 2134 621 2191 obserata:
668 2131 765 2190 sed
797 2146 926 2189 ecce
950 2132 1153 2188 assistit
1199 2129 1430 2196 medius,
1474 2128 1561 2184 cui
1606 2141 1700 2198 per
1726 2127 1836 2182 vir-

227 2236 405 2284 tutem
447 2241 603 2283 suam
649 2225 899 2283 universa
945 2232 1071 2280 sunt
1099 2223 1305 2295 pervia.
1350 2219 1714 2277 luvisibilibus
1739 2234 1835 2275 ca-

224 2320 518 2377 lumniaris
545 2338 565 2375 :
607 2334 709 2392 ego
756 2334 787 2375 a
835 2327 889 2375 te
935 2314 1226 2375 visibilium
1274 2329 1509 2387 exposco
1546 2314 1832 2373 rationem.

216 2415 370 2472 Nihil
395 2413 543 2472 cedit
569 2429 637 2472 ex
669 2412 868 2480 solido,
918 2426 1094 2484 neque
1137 2427 1236 2482 per
1274 2418 1519 2466 naturam
1549 2422 1703 2465 suam
1733 2407 1835 2463 ali-

222 2512 356 2583 quid
405 2521 676 2582 tamquam
722 2509 874 2581 lapsu
923 2506 1224 2564 insensibili
1256 2506 1395 2577 ligna
1421 2516 1475 2561 et
1502 2502 1710 2574 lapides
1740 2503 1837 2557 ad-

220 2608 471 2663 mittunt.
502 2602 712 2676 Corpus
744 2603 957 2659 Domini
987 2617 1018 2657 a
1062 2617 1187 2658 sese
1217 2616 1323 2656 non
1355 2599 1561 2666 deﬁcit,
1608 2608 1664 2654 ut
1715 2612 1836 2653 sese

218 2710 470 2759 resumat
510 2713 578 2757 ex
626 2698 797 2754 nihilo
844 2716 857 2752 :
906 2706 963 2753 et
1008 2696 1149 2753 unde
1179 2696 1270 2766 qui
1312 2695 1516 2751 assistit
1556 2694 1610 2748 in
1656 2692 1837 2749 medio

220 2795 352 2853 est?
380 2794 536 2852 Cedit
560 2793 628 2849 ad
659 2792 779 2849 haec
810 2800 867 2848 et
895 2806 1089 2848 sensus
1108 2798 1164 2847 et
1192 2805 1392 2855 sermo,
1413 2789 1579 2862 586
1602 2796 1657 2842 et
1683 2795 1836 2843 extra

217 2891 495 2946 rationem
538 2888 829 2943 humanam
857 2893 943 2942 est
986 2886 1184 2941 veritas
1209 2883 1357 2940 facti.
1387 2882 1593 2939 Idcirco
1621 2897 1751 2952 ergo
1778 2889 1838 2938 ut

216 2984 286 3042 de
318 2983 603 3039 nativitate
628 2979 706 3055 (ο)
739 2980 998 3048 fallimus,
1032 2979 1105 3036 ita
1135 2988 1187 3033 et
1213 2978 1284 3034 de
1330 2977 1577 3050 ingressu
1622 2977 1833 3033 Domini

216 3077 575 3134 mentiamur.
631 3074 885 3130 Dicamus
933 3072 1131 3128 factum
1172 3088 1281 3127 non
1309 3070 1493 3135 fuisse,
1524 3070 1646 3140 quia
1679 3068 1838 3124 intel-

216 3169 502 3244 ligentiam
554 3168 678 3224 facti
737 3183 845 3222 non
906 3164 1367 3235 apprehendimus
1412 3182 1426 3217 :
1484 3171 1539 3218 et
1588 3170 1836 3225 cessante

1939 1938 2053 1988 net.
2086 1928 2249 1986 Certe
2294 1946 2403 1987 non
2446 1930 2706 2002 fallimus,
2752 1932 2905 2005 quid,
2945 1933 2993 1990 si
3038 1933 3248 2001 liceret,
3296 1949 3541 1991 essemus

1938 2026 2151 2087 acturi:
2181 2041 2415 2097 namque
2459 2026 2581 2097 quia
2611 2025 2682 2099 (e)
2732 2041 3042 2096 possumus,
3092 2024 3316 2098 profana
3348 2027 3540 2083 volun-

1939 2119 2063 2175 tatis
2091 2119 2313 2176 audacia
2340 2127 2583 2175 naturam
2628 2120 2872 2176 veritatis
2898 2121 3276 2190 convellimus,
3324 2129 3383 2178 et
3422 2121 3540 2177 bel-

1938 2212 2050 2267 lum
2080 2210 2243 2268 dictis
2271 2212 2366 2269 Dei
2392 2227 2792 2284 comparamus.

2008 2305 2099 2365 55.
2127 2303 2212 2360 Ea;
2241 2305 2330 2361 tib.
2371 2320 2407 2361 ιι
2451 2306 2517 2361 de
2557 2305 2708 2362 Trin.
2745 2322 2802 2361 ιι.
2833 2307 2887 2365 9.
2920 2306 3109 2363 Cesset
3136 2306 3297 2362 dolor
3343 2321 3540 2379 quere-

1939 2399 2132 2455 larum.
2165 2397 2301 2456 Nam
2331 2409 2407 2468 te,
2444 2401 2688 2473 quisquis
2727 2416 2787 2458 es
2816 2400 2907 2472 qui
2953 2399 3071 2457 iure
3117 2402 3382 2472 requires,
3427 2416 3538 2457 non

1937 2508 2136 2551 revoco
2179 2495 2231 2549 in
2278 2494 2576 2562 excelsum,
2630 2510 2739 2551 non
2788 2494 2843 2550 in
2895 2491 3303 2565 amplitudinem
3350 2494 3536 2562 tendo,

1939 2605 2046 2646 non
2070 2589 2278 2647 deduco
2306 2590 2359 2645 in
2380 2589 2727 2661 profundum.
2760 2588 3344 2660 Nonnemquanimiter
3386 2589 3541 2659 igno-

1939 2682 2085 2739 rabis
2108 2682 2386 2743 Creatoris
2412 2683 2772 2750 nativitatem,
2798 2682 3052 2753 ignorans
3076 2681 3341 2754 originem
3387 2695 3541 2739 crea-

1939 2777 2115 2834 tura?
2161 2776 2277 2832 Hoc
2319 2777 2512 2834 saltem
2556 2777 2797 2847 requiro,
2830 2777 3071 2834 sentisne
3096 2784 3149 2832 te
3176 2777 3443 2848 genitum,
3486 2784 3544 2832 et

1941 2886 2060 2940 qua:
2090 2884 2157 2924 ex
2186 2877 2236 2925 te
2262 2879 2591 2940 generentur
2619 2867 2912 2939 intelligis?
2937 2868 3055 2925 Non
3081 2882 3288 2939 quaero,
3319 2883 3538 2925 sensum

1938 2963 2083 3019 unde
2127 2961 2396 3029 hauseris,
2445 2962 2611 3018 vitam
2658 2961 2803 3018 unde
2845 2961 3069 3017 sortitus
3106 2961 3202 3029 sis,
3232 2961 3543 3032 intelligen-

1940 3056 2066 3111 tiam
2097 3056 2238 3112 unde
2266 3055 2493 3126 adeptus
2524 3054 2621 3119 sis,
2645 3055 2804 3126 quale
2830 3054 2901 3110 sit
2926 3054 3069 3126 quod
3096 3055 3151 3110 in
3179 3065 3230 3112 te
3260 3065 3361 3121 est,
3380 3056 3534 3123 odor,

1939 3164 2158 3217 sensus,
2192 3151 2364 3215 visus,
2389 3149 2632 3216 auditus;
2661 3156 2808 3205 certe
2835 3164 2997 3205 nemo
3017 3148 3158 3219 quod
3179 3147 3306 3207 facit
3331 3150 3536 3206 nescit:

218 3235 395 3325 sensu
427 3272 638 3331 nostro,
687 3261 816 3319 facti
862 3262 1032 3333 ipsius
1059 3267 1238 3317 cesset
1261 3258 1506 3314 eﬂ‘ectus.
1533 3255 1638 3313 Sed
1678 3271 1835 3311 meu-

1950 3261 2127 3318 quaero
2155 3244 2294 3301 unde
2319 3243 2419 3300 ista
2454 3246 2536 3300 bis
2565 3244 2633 3317 (ί)
2667 3259 2802 3315 quos
2835 3258 3063 3314 generas
3087 3241 3384 3314 indulgeas,
3407 3257 3542 3313 qua-

222 3360 448 3417 dacium
480 3367 725 3413 nostrum
756 3354 880 3411 facti
909 3353 1042 3409 ﬁdes
1082 3353 1269 3408 vincit.
1315 3350 1536 3407 Adstitit
1582 3349 1837 3404 Dominus
1941 3341 2068 3396 liter
2092 3354 2311 3395 sensum
2342 3339 2571 3405 inseras,
2623 3338 2809 3393 oculos
2855 3335 3140 3404 accendas,
3190 3350 3283 3392 cor
3328 3335 3536 3405 alligas.

221 3458 416 3513 clausa
461 3453 625 3509 domo
673 3441 727 3507 in
775 3449 955 3506 medio
1000 3448 1429 3517 discipulorum:
1464 3453 1519 3500 et
1557 3444 1729 3500 Filius
1754 3452 1840 3499 est
1943 3435 2091 3502 Haec.
2122 3435 2168 3490 Si
2206 3442 2381 3505 potes.
2424 3448 2637 3489 cllarl‘a-
2686 3431 2865 3488 Habes
2896 3444 3030 3501 ergo
3057 3429 3197 3499 (μιοὐ
3247 3429 3444 3492 nest'iS,
3486 3437 3543 3483 et

219 3561 391 3607 natus
439 3563 507 3604 ex
553 3547 732 3603 Patre.
779 3543 900 3599 Noli
932 3557 1130 3613 negare
1158 3540 1301 3613 quod
1329 3538 1559 3604 steterit,
1588 3537 1712 3609 quia
1742 3552 1839 3607 per
1945 3528 2135 3585 tribuis
2178 3544 2300 3599 quae
2348 3544 2455 3584 non
2490 3526 2787 3613 intelligis;
2844 3523 3217 3596 aequanimiter
3259 3520 3542 3593 imperitus

221 3640 598 3712 intelligentim
642 3637 1009 3694 inﬁrmitatem
1056 3632 1404 3690 consistentis
1443 3646 1550 3685 non
1581 3628 1659 3701 (ά)
1705 3642 1838 3685 con-

223 3735 478 3809 sequaris
499 3733 782 3789 introitum
826 3747 840 3785 :
875 3728 983 3785 noli
1008 3725 1218 3785 nescire
1246 3724 1389 3799 quod
1419 3724 1488 3781 ab
1514 3723 1752 3795 ingenito
1780 3729 1836 3778 et

322 3872 379 3944 α)
411 3871 567 3938 Mss.,
597 3868 825 3944 quisquis
855 3866 1037 3944 limes.

328 3938 379 4014 b)
419 3945 515 3998 Hic
543 3958 571 3996 a
601 3938 734 4014 mss.
767 3938 923 4014 abest
945 3938 1225 4014 dumtaxat
1255 3950 1491 4014 suorum.

323 4006 374 4087 ε)
402 4015 638 4071 Rursum
670 4012 757 4068 hic
790 4011 922 4069 edit.
974 4009 1208 4083 fallimur
1249 4021 1271 4064 :
1312 4007 1492 4064 denuo
1541 4006 1835 4065 emendan-

223 4087 317 4150 tur
338 4104 407 4144 cx
434 4087 671 4157 scriptis.

297 4159 385 4233 (ά)
413 4159 471 4214 1η
502 4154 661 4227 niss.,
693 4154 944 4229 sequaris.

231 4281 2964 4321 W‘

1942 3622 1998 3679 in
2027 3623 2156 3691 tuis,
2185 3621 2483 3678 insolenter
2511 3620 2565 3676 in
2600 3620 2694 3676 Dei
2722 3610 2882 3683 rebus
2906 3618 3144 3690 ignarus.

2013 3864 2086 3938 (e)
2113 3860 2317 3938 thbic
2355 3860 2486 3919 editi
2527 3858 2842 3934 particulam
2883 3861 3168 3926 negantem
3218 3848 3535 3924 prmﬁgunl;

1938 3935 2297 3993 renitentibus
2322 3949 2453 3991 mss.

2011 4008 2086 4082 (Ι)
2118 4008 2336 4078 Aliquot
2366 4019 2518 4082 mss.“
2538 4004 2723 4076 quibus
2749 4000 3037 4060 retineris:
3074 4011 3201 4054 mox
3246 3994 3406 4053 Micb.
3453 4008 3541 4049 cor

1937 4076 2146 4153 afﬂigas
2169 4120 2187 4149 ,
2209 4076 2317 4135 non
2344 4076 2637 4152 cora/ﬁgas.

2968 4262 3507 4294 _______________

1335 4384 2405 4521 ADMONITIO

873 4590 999 4676 IN
1064 4589 1528 4678 LIBRUM
1585 4590 2069 4676 CONTRA
2133 4587 2898 4677 AUXENTIUM.

304 4849 349 4905 1.
382 4847 547 4904 Libro
578 4846 705 4913 hoc,
749 4853 805 4903 nt
832 4826 955 4903 cum
999 4844 1330 4918 Hieronymo
1363 4843 1450 4917 (de
1479 4844 1655 4913 Scrip.
1681 4844 1833 4918 eccl.)
1860 4850 1916 4913 1)
1941 4845 2180 4916 priorum
2211 4845 2510 4904 editionum
2543 4842 2798 4912 lectione,
2826 4860 2932 4917 qua
2962 4844 3267 4903 Auxentias
3310 4845 3382 4901 ita
3413 4844 3549 4900 seri-

228 4945 542 5016 loquamur,
589 4942 859 5013 elegante,
895 4940 1127 4995 Hilarius
1170 4938 1240 4997 de
1267 4938 1380 4995 suis
1409 4956 1532 4997 cum
1567 4940 1837 4997 Auxentio

234 5036 529 5095 Mediolani
575 5037 744 5106 gestis
808 5033 1108 5090 catholicos
1157 5034 1420 5091 certiores
1483 5035 1630 5091 facit.
1681 5033 1839 5090 Illum

237 5129 545 5188 Constantii
596 5137 862 5199 tempore,
910 5141 974 5182 ac
1032 5127 1257 5196 proinde
1301 5135 1428 5185 ante
1470 5142 1669 5183 annum
1712 5127 1841 5191 36!,

234 5222 449 5279 editum
494 5236 619 5278 esse
666 5228 965 5292 repugnat;
994 5221 1242 5291 quamvis
1276 5220 1382 5276 hoc
1406 5234 1602 5277 sonare
1627 5220 1847 5278 videan-

242 5326 336 5372 tur
387 5313 743 5387 expendenda
795 5329 896 5369 suo
951 5314 1073 5371 loco
1144 5313 1384 5370 Facundi
1438 5314 1846 5373 Hermianensis

233 5410 401 5467 verba
428 5407 760 5483 (Facundus,
805 5418 843 5463 t.
876 5423 935 5464 ut
966 5407 1177 5478 Spicit.,
1211 5426 1263 5480 ρ.
1301 5408 1449 5479 118).
1494 5407 1679 5480 Neque
1724 5424 1842 5466 ma-

234 5504 323 5575 gis
351 5501 565 5561 veritati
593 5509 960 5558 consentanea
990 5510 1076 5557 est
1100 5501 1315 5563 Baronii
1337 5515 1401 5557 ac
1428 5500 1691 5558 Bloudelli
1715 5516 1843 5559 sen-

238 5595 429 5662 tentia,
478 5609 584 5666 qua
623 5608 749 5650 eum
778 5608 920 5648 anno
974 5592 1084 5653 569
1125 5594 1387 5663 scriptum
1421 5593 1609 5650 volunt
1655 5610 1669 5649 :
1720 5610 1844 5651 cum

241 5704 316 5746 eo
344 5699 582 5761 tempore
614 5689 864 5756 Hilarius,
900 5687 1255 5763 Hieronymo,
1299 5688 1541 5758 Sulpicio
1565 5689 1768 5748 Severo
1795 5697 1851 5748 et

245 5782 512 5856 Gregorio
553 5782 858 5840 Turonensi
905 5783 1240 5850 auctoribus,
1283 5798 1316 5840 e
1365 5783 1507 5839 vivis
1552 5785 1853 5843 excessisse

250 5877 655 5959 comprobetur.
705 5877 976 5950 Deceptus
1019 5884 1249 5952 uterque
1314 5876 1415 5937 fuit
1459 5892 1529 5939 ex
1594 5876 1854 5941 mendosa

1944 4940 2105 4996 Debat
2133 4956 2281 4996 num.
2314 4939 2419 4996 l2:
2447 4957 2551 4996 non
2593 4950 2827 5010 oportere
2876 4940 2983 4997 600
3025 4943 3383 5010 episcoporum
3425 4938 3550 4993 stui-

1946 5041 2102 5090 tatem
2148 5044 2264 5105 post
2322 5042 2492 5090 tantos
2537 5033 2740 5089 labores
2783 5049 2848 5089 ea:
2893 5034 3214 5089 contentione
3264 5048 3546 5104 paucorum

1948 5130 2210 5186 hominum
2239 5130 2480 5201 τερ-ἰαινὶ
2524 5142 2775 5186 Αωεοτιε
2811 5143 3076 5185 secueris
3103 5139 3222 5184 ante
3272 5143 3432 5182 annos
3462 5126 3551 5181 de-

1948 5239 2079 5290 cent,
2135 5231 2197 5277 nt
2237 5222 2305 5278 de
2351 5232 2665 5292 contemptu
2732 5223 3155 5278 Ariminensium
3201 5221 3548 5276 decretorum

1938 5328 2075 5375 ante
2095 5331 2266 5373 annos
2297 5316 2484 5374 decem
2510 5318 2778 5373 editorum
2822 5315 3084 5388 conqueri
3111 5314 3409 5370 videretur.
3447 5312 3549 5369 Ve-

1950 5425 2070 5467 rum
2117 5425 2185 5465 ex
2228 5424 2292 5466 ea
2339 5410 2455 5480 ipsa
2506 5409 2738 5467 lectione
2776 5408 2890 5481 jam
2948 5409 3207 5479 castigata
3255 5404 3552 5463 internosci

1952 5505 2134 5561 verius
2164 5512 2341 5575 potest
2372 5503 2531 5576 liujus
2575 5504 2757 5575 operis
2802 5509 3036 5572 tempus.
3081 5498 3218 5557 Cum
3264 5500 3408 5555 enim
3455 5513 3553 5569 pro

1954 5596 2169 5670 objectis
2208 5596 2424 5653 decretis
2463 5605 2585 5653 ante
2620 5612 2785 5651 annos
2828 5594 3023 5660 decem,
3071 5591 3354 5663 legendum
3393 5591 3467 5648 sit
3493 5589 3556 5645 ab

1955 5691 2173 5766 objectis
2200 5702 2325 5747 ante
2360 5709 2524 5747 annos
2562 5691 2771 5755 decem;
2813 5704 3044 5756 cumque
3075 5684 3377 5744 Auxentius
3417 5699 3557 5758 quos

1970 5786 2094 5842 illos
2122 5786 2366 5858 abiectos
2393 5786 2678 5857 intelligat,
2707 5786 2938 5843 subinde
2966 5786 3204 5842 declaret
3235 5782 3321 5841 his
3346 5792 3530 5855 posue

1979 5879 2085 5945 mis
2112 5882 2357 5955 epistolae
2388 5896 2501 5941 suae
2533 5880 2753 5943 verbis:
2787 5880 2880 5940 Sir
2925 5881 3062 5948 enim
3109 5885 3376 5955 cognoscet
3414 5876 3570 5943 Sere-
