3996 6330
497 221 600 282 607

1703 220 1947 280 SANC'I‘I
1981 217 2237 277 llILARII
2278 218 2586 278 EPISCOPI

3654 235 3742 291 603

497 344 634 400 nitas
677 354 867 412 uestra,
915 343 1040 415 quia
1081 344 1169 415 qui
1212 341 1528 418 jamdudum
1570 340 1791 414 depositi
1842 349 1980 406 sum,
2011 339 2105 392 hoc
2132 339 2184 400 Α
2213 336 2646 408 interpellatione
2672 341 2960 411 suggessit,
2992 338 3314 397 Auxentium
3355 341 3500 400 aliter
3537 347 3743 418 credere,

501 446 595 504 est,
651 435 890 492 Hilarius
937 445 986 492 et
1042 435 1317 504 Eusebius,
1372 434 1684 491 contendunt
1716 433 1901 500 ubique
1926 431 2102 486 schis-

501 539 643 586 mata
687 530 860 599 facere
887 544 906 584 :
935 528 1062 585 hinc
1104 536 1310 584 tantum
1359 527 1641 600 sequitur,
1694 525 1948 597 scriptam
1980 537 2104 579 esse

500 621 753 680 Auxentii
781 622 1092 694 epistolam,
1141 631 1198 678 et
1238 621 1462 693 perinde
1507 621 1772 692 reliquum
1813 633 1969 689 Opus,
2013 617 2106 673 de-

503 731 624 772 cem
673 731 846 771 annos
895 726 1014 788 post
1061 731 1222 786 quam
1251 716 1358 770 duo
1403 714 1480 770 illi
1519 713 1799 770 fortissimi
1840 711 2105 768 Prtesules

499 809 695 882 abjeeti
729 808 898 867 fuere.
930 811 1000 866 At
1025 825 1153 865 vero
1185 810 1472 866 Eusebium
1503 825 1530 863 a
1577 809 1807 864 concilio
1850 805 2106 862 Mediola-

508 903 662 958 nensi
703 903 830 959 anni
859 903 989 968 355,
1018 918 1046 957 a
1092 903 1384 958 Biterrensi
1425 912 1604 958 autem
1647 902 1771 957 anni
1803 900 1930 968 356,
1963 899 2106 955 Hila-

503 995 642 1053 rium
673 994 727 1050 iu
759 996 1012 1051 exsilium
1042 996 1275 1067 ejectum
1308 996 1473 1052 fuisse
1503 1012 1665 1052 nemo
1695 998 1923 1068 ignorat.
1981 1023 1984 1026 ~

574 1087 638 1144 II.
675 1088 938 1145 Praeterea
988 1097 1048 1144 ut
1091 1089 1273 1160 cperis
1319 1089 1480 1160 hujus
1529 1090 1740 1160 tempu's
1781 1088 1983 1143 certius
2027 1084 2108 1141 di-

508 1192 820 1253 gnoseatur,
857 1182 1144 1254 explorare
1193 1183 1395 1254 juverit
1423 1183 1640 1254 quando
1685 1181 2100 1239 Valentinianus

503 1277 789 1334 Mediolani
837 1286 1087 1333 versatus
1134 1278 1224 1333 sit.
1272 1277 1459 1334 Hilarii
1505 1278 1648 1332 enim
1677 1291 1799 1333 cum
1844 1275 2108 1331 Auxentio

503 1383 876 1439 congressum,
911 1369 1004 1425 illo
1037 1370 1105 1425 ibi
1131 1379 1518 1438 commorante,
1547 1369 1786 1424 habitum
1807 1369 1972 1424 fuisse
1988 1383 2100 1423 ma-

505 1461 763 1518 nifestum
791 1469 900 1519 est.
932 1461 1218 1518 Mediolani
1261 1473 1442 1520 autem
1488 1462 1917 1518 Valentinianum
1964 1473 2108 1515 anno

503 1554 632 1622 364,
687 1555 981 1611 identidem
1031 1565 1302 1613 versatum
1371 1571 1513 1625 esse,
1562 1556 1722 1610 ﬁdem
1774 1555 1974 1610 faciunt
2021 1569 2109 1609 re-

431 1651 435 1660 '
502 1650 704 1721 scripta
735 1650 863 1707 inde
891 1650 996 1708 hoc
1025 1653 1142 1723 ipso
1188 1667 1330 1708 anno
1371 1652 1496 1707 data
1537 1651 1782 1708 kalendis
1825 1652 2014 1722 juniis,
2042 1653 2107 1706 15

2209 446 2370 502 quam
2415 448 2511 488 rex
2557 435 2671 504 ipse
2714 444 2807 489 aut
2849 450 3041 491 omnes
3091 436 3180 490 alii
3227 436 3591 495 existimarent.
3636 443 3746 502 Hinc

2209 539 2556 597 congressus,
2606 526 2760 598 cujus
2787 537 2936 599 gesta
2989 529 3090 584 hoc
3135 528 3273 585 libro
3301 543 3586 602 narrantur,
3613 537 3741 606 jussu

2209 623 2351 690 regis
2383 620 2618 676 habitus.
2651 622 2719 677 Et
2770 623 2883 678 htec
2909 623 3125 695 quidem
3159 625 3355 694 omnia,
3404 643 3515 696 qua:
3556 645 3612 684 ex
3645 632 3750 702 ipsis

2213 715 2400 771 Ililarii
2449 717 2627 772 verbis
2677 719 2892 789 assequi
2924 728 3017 774 aut
3061 728 3208 774 certe
3247 719 3545 776 subodorari
3583 736 3672 787 est,
3709 727 3749 781 in

2211 808 2262 862 id
2305 816 2540 879 tempus,
2574 824 2680 880 quo
2711 809 3122 866 Valentinianus
3168 810 3514 867 Mediolanum
3555 816 3750 885 primum

2213 906 2479 976 pervenit,
2533 919 2597 960 ac
2622 905 2863 975 proinde
2906 907 2958 960 in
3005 921 3206 960 annum
3254 905 3376 974 564,
3426 907 3571 979 longe
3616 912 3753 981 magis

2213 1013 2374 1069 quam
2409 997 2462 1052 in
2495 1000 2915 1070 subsequentem
2947 1001 3294 1055 conveniunt.
3546 1069 3550 1076 .

2286 1093 2374 1148 IV.
2411 1093 2518 1149 Nec
2549 1109 2766 1150 movere
2792 1094 2974 1161 debet,
3006 1093 3147 1166 quod
3188 1095 3481 1151 Auxentius
3508 1094 3752 1153 Eusebium

2212 1197 2265 1244 el
2297 1188 2557 1243 Hilarium
2579 1200 2708 1245 ante
2735 1205 2906 1244 annos
2937 1189 3125 1246 decem
3156 1191 3396 1262 abjecws
3412 1206 3499 1247 seu
3527 1192 3755 1262 depositas

2211 1289 2388 1336 vocvt.
2425 1282 2500 1337 Ea
2532 1283 2674 1338 enim
2706 1283 2868 1338 verba
2895 1283 3136 1338 Itzcretici
3165 1295 3290 1338 sunt
3317 1284 3370 1337 in
3401 1294 3528 1340 :DSIII
3556 1285 3756 1357 disputa-

2211 1375 2397 1439 tionis,
2429 1377 2518 1448 qui
2551 1393 2658 1448 quo
2705 1377 2982 1432 meliorem
3014 1392 3230 1432 causam
3283 1392 3430 1432 suam
3478 1378 3644 1446 faciat,
3683 1380 3759 1453 by.

2213 1468 2486 1538 perbohce
2501 1470 2763 1540 loquitur:
2780 1471 3048 1540 QIIOIIIOdO
3068 1471 3312 1541 proxime
3324 1480 3445 1527 ante
3460 1472 3759 1529 Ariminensis

2212 1562 2437 1618 Concilii
2457 1562 2586 1635 (quo
2617 1563 2854 1632 Sulpicio
2879 1573 3037 1633 teste,
3076 1565 3232 1634 eique
3254 1565 3610 1620 consentiente
3628 1565 3759 1621 Atha-

2211 1656 2364 1711 nasio
2394 1654 2573 1729 (Sulp.
2624 1673 2744 1730 pag.
2777 1657 2905 1718 259.,
2951 1659 3197 1713 Athanas.
3233 1659 3296 1712 de
3337 1657 3471 1730 Syn.
3502 1677 3550 1730 p.
3578 1659 3682 1720 874,
3723 1671 3759 1715 ιι

3759 1281 3786 1294 μ

505 1741 614 1799 kal.
643 1743 778 1812 Jul.,
808 1745 874 1801 II
908 1744 1016 1799 kal.
1063 1753 1229 1815 sept.,
1279 1745 1418 1816 prid.
1471 1761 1600 1802 non.
1652 1745 1928 1811 novetnb.,
1975 1760 2101 1802 nec-
2136 1753 2184 1814 B
2210 1749 2358 1819 epist.
2389 1750 2457 1802 ad
2486 1748 2649 1820 Afr.),
2679 1765 2783 1803 non
2834 1749 2987 1804 multi
3034 1765 3193 1820 supra
3235 1751 3650 1821 quadringentos,
3674 1751 3759 1806 imo

505 1854 614 1894 non
643 1839 710 1894 I‘a‘
743 1847 799 1895 et
825 1840 856 1894 7
897 1839 1004 1894 kal.
1058 1838 1178 1897 dec.
1231 1839 1420 1912 Neque
1453 1841 1630 1896 minus
1660 1839 1833 1910 liquet
1858 1855 1921 1895 ex
1947 1838 2108 1894 variis

510 1930 814 2002 rescriptis,
848 1947 969 1987 eum
1019 1933 1069 1986 in
1101 1932 1289 1988 eadem
1317 1933 1451 1990 urbe
1494 1935 1786 1988 maximam
1814 1930 1943 1986 anni
1978 1931 2107 1986 sub-

513 2026 792 2096 sequentis
821 2034 1032 2097 partem
1066 2027 1415 2098 transegisse.
1463 2026 1629 2082 Porro
1670 2026 1944 2083 Ammiani
1994 2025 2107 2097 (lib.

514 2133 664 2184 xxvi,
697 2134 744 2172 c.
796 2117 852 2185 6)
884 2118 1194 2174 testimonio
1217 2135 1278 2174 ac
1310 2118 1557 2189 pluribus
1582 2117 1703 2174 aliis
1747 2120 2108 2173 monumentis

513 2221 751 2278 constat,
800 2209 1235 2268 Valentinianum
1267 2228 1457 2269 mense
1503 2213 1782 2268 novembri
1822 2210 1952 2267 anni
1979 2211 2106 2279 565,

513 2305 728 2361 venisse
759 2304 1017 2369 Parisios.
1051 2323 1227 2379 neque
1257 2308 1414 2362 annis
1440 2306 1896 2378 subsequentibus
1925 2321 1953 2361 a
1985 2305 2110 2363 Gal-

515 2397 601 2453 liis
627 2398 950 2456 decessisse.
1003 2399 1156 2458 Unde
1197 2417 1319 2457 cum
1365 2401 1710 2474 perspicuum
1741 2399 1832 2464 sit,
1884 2399 2109 2471 praedic-

512 2501 625 2547 tum
653 2507 1002 2563 congressum
1029 2505 1156 2550 ante
1185 2510 1426 2550 mensem
1454 2494 1804 2550 novembrem
1824 2509 1951 2548 ann.
1979 2492 2104 2560 565,

511 2586 679 2642 fuisse
727 2588 1002 2652 habitum;
1050 2588 1428 2660 inquirendum
1459 2591 1740 2645 dumtaxat
1783 2596 1972 2654 restat,
2016 2589 2111 2643 ha-

515 2679 730 2736 bitusue
759 2681 829 2736 sit
853 2696 998 2738 anno
1027 2682 1154 2748 565,
1183 2698 1250 2738 an
1276 2683 1400 2738 564.
1429 2683 1690 2739 Neutrum
1717 2683 1932 2754 quidem
1962 2693 2111 2739 certo

513 2772 743 2830 deﬁnire
767 2775 930 2831 licet:
979 2783 1310 2847 postremum
1350 2788 1552 2844 tamen,
1598 2776 1934 2832 considerata
1983 2791 2113 2831 con-

512 2881 732 2939 gressus
762 2869 922 2938 hujus
952 2872 1258 2935 occasione,
1307 2880 1362 2926 et
1403 2886 1583 2926 rerum
1629 2871 1680 2925 in
1725 2886 1793 2926 eo
1835 2881 2108 2941 gestarum

513 2962 658 3018 serie
681 2963 970 3034 explicata,
1001 2964 1159 3036 longe
1196 2965 1524 3035 probabilius
1549 2965 1849 3036 apparebit.

583 3055 668 3110 lII.
703 3056 970 3112 Eusebius
996 3057 1592 3125 Vercellensisﬁuﬁno
1622 3068 1777 3127 teste,
1811 3058 1906 3114 lib.
1931 3074 1945 3114 ι
1969 3057 2107 3114 Hist.

2206 1843 2364 1914 juxta
2390 1839 3013 1900 Maxitniuum'Arianum
3039 1845 3200 1916 (apud
3223 1845 3495 1918 Augustin.
3525 1845 3632 1900 colt.
3659 1863 3752 1898 cum

2211 1936 2388 1991 eodem
2438 1934 2653 1991 Maxim.
2694 1954 2748 1991 η.
2800 1936 2856 2009 2)
2902 1937 3125 1993 trecenti
3174 1946 3228 1992 et
3277 1938 3485 2008 triginta
3521 1937 3755 1991 dumtaxat

2210 2029 2536 2103 convenere)
2580 2041 2935 2086 sexcentarum
2979 2033 3144 2102 (nam.
3191 2030 3284 2100 1‘2)
3315 2031 3640 2102 episwporum
3670 2031 3759 2083 uni-

2215 2133 2369 2178 tatem
2390 2123 2640 2194 jactitare
2672 2140 2777 2179 non
2809 2125 3102 2180 erubescit.
3139 2123 3243 2180 Sed
3275 2132 3340 2179 et-
3360 2123 3493 2180 hanc
3517 2123 3754 2194 synodum,

2210 2233 2332 2288 qua:
2359 2217 2593 2274 subinde
2630 2219 2697 2273 ab
2728 2219 2979 2273 omnibus
3009 2218 3230 2288 explosa
3264 2226 3366 2284 est,
3415 2217 3547 2273 haud
3582 2219 3677 2272 seio
3707 2233 3756 2273 an

2215 2308 2442 2365 ﬁdenter
2470 2309 2605 2365 adeo
2631 2326 2773 2365 anno
2803 2311 2911 2367 565
2942 2310 3160 2366 laudare
3185 2324 3354 2366 ausus
3384 2320 3523 2366 esset
3550 2310 3688 2365 homo
3713 2309 3758 2363 ti-

2214 2401 2298 2458 dei
2324 2401 2643 2457 simulanda:
2674 2403 2970 2458 studiosus.

2291 2494 2355 2552 V.
2390 2495 2470 2551 Ad
2503 2494 2664 2566 hujus
2704 2495 2986 2551 Tractatus
3030 2495 3488 2566 complementum
3524 2493 3757 2550 desidera-

2215 2598 2303 2645 tur
2325 2589 2560 2656 libellus,
2585 2604 2743 2660 quem
2769 2589 2878 2658 regi
2921 2603 3043 2644 sese
3069 2588 3335 2644 obtulisse
3353 2597 3407 2644 et
3433 2587 3650 2658 epistolae
3672 2600 3759 2640 stuc

2215 2681 2560 2738 subtexuisse
2591 2690 2816 2737 testatur
2847 2681 3264 2751 Hilarius(num.
3293 2680 3698 2752 6):desideratur
3720 2688 3760 2733 et

2214 2774 2575 2832 Ariminensis
2608 2775 2740 2830 ﬁdes
2761 2817 2775 2839 ,
2805 2790 2964 2845 quam
2989 2790 3092 2830 una
3113 2789 3235 2830 cum
3270 2775 3451 2830 libello
3477 2789 3567 2830 suo
3585 2774 3738 2829 Auxen

2216 2867 2323 2923 tius
2366 2882 2427 2923 se
2469 2867 2849 2923 Valentiniano
2891 2867 3175 2924 tradidisse
3220 2868 3327 2923 sub
3363 2866 3589 2938 ejusdem
3629 2862 3760 2920 libelli

2216 2959 2376 3015 ﬁnem
2407 2969 2816 3016 commemorat.

2285 3052 2376 3108 VI.
2410 3054 2594 3125 Neque
2621 3052 2839 3109 defuere
2866 3054 2954 3125 qui
2977 3054 3339 3125 ambigerent,
3365 3069 3430 3108 an
3455 3068 3563 3108 eam
3587 3050 3764 3105 Auxen-

512 3147 688 3215 Eccl.,
715 3164 836 3220 cap.
866 3151 955 3218 30,
1005 3159 1126 3220 post
1173 3152 1596 3208 Alexandrinum
1643 3152 1932 3208 concilium
1983 3151 2110 3206 anni
2141 3157 2186 3222 C
2218 3146 2377 3203 tianaa
2419 3147 2546 3203 ﬁdei
2595 3148 3025 3217 expositionem,
3072 3149 3226 3218 cujus
3257 3148 3553 3219 exemplum
3590 3158 3712 3199 num.
3737 3140 3764 3196 9

513 3242 642 3308 562,
675 3245 728 3297 in
760 3243 963 3298 Italiam
996 3244 1232 3310 rediens,
1265 3245 1525 3301 Hilarium
1552 3255 1796 3301 nostrum
1827 3245 1896 3300 ibi
1922 3254 2113 3301 nactus

517 3343 603 3392 est
630 3335 694 3390 ad
729 3338 1113 3393 restauraudas
1141 3339 1300 3410 hujus
1349 3340 1581 3411 regionis
1621 3341 1878 3396 ecclesias
1925 3340 2114 3396 sedulo

515 3429 939 3499 incumbentem,
971 3432 1132 3503 eique
1156 3447 1215 3488 se
1245 3433 1296 3488 in
1329 3432 1470 3488 idem
1501 3447 1638 3504 opus
1678 3433 1938 3503 adjunxit.
1967 3434 2115 3488 Sicut

517 3529 698 3577 autem
739 3522 959 3579 dubium
997 3541 1104 3581 non
1148 3535 1253 3594 est,
1295 3527 1423 3598 quin
1473 3528 1582 3582 duo
1630 3529 1705 3583 illi
1756 3529 1856 3584 viri
1900 3528 1952 3584 id
1999 3536 2110 3584 tum

519 3617 756 3674 maxime
804 3620 979 3676 adnisi
1025 3622 1134 3677 sint
1158 3664 1171 3687 ,
1207 3633 1263 3676 ιιι
1305 3622 1510 3678 Italiam
1543 3621 1811 3678 Auxentio
1841 3633 2112 3694 tamquam

517 3710 845 3782 nequissima
899 3723 1048 3782 peste
1097 3713 1421 3781 liberarent;
1473 3715 1542 3770 ita
1591 3730 1697 3771 non
1727 3725 1810 3772 est
1839 3715 2117 3786 ambigen-

517 3805 666 3872 dum,
721 3807 849 3878 quin
906 3808 1193 3864 hmreticus
1240 3810 1354 3878 ille,
1405 3811 1496 3880 qui
1549 3810 1706 3867 fidem
1738 3826 1837 3883 pro
1873 3821 2116 3882 tempore

515 3899 773 3956 simulare
838 3914 1080 3970 noverat,
1125 3904 1309 3960 statim
1363 3913 1524 3976 atque
1588 3905 1932 3978 imperatoris
1992 3906 2114 3961 novi

517 3994 890 4062 Opportunitas
938 3996 1061 4051 data
1112 4006 1216 4064 est,
1263 4012 1358 4054 eos
1404 3997 1544 4069 apud
1593 3997 1740 4053 illum
1788 4008 2116 4070 praevertere

516 4098 743 4144 conatus
791 4089 882 4157 sit,
924 4105 955 4146 a
999 4092 1192 4163 quibus
1238 4093 1458 4150 exitium
1501 4093 1603 4150 sibi
1634 4094 1950 4165 impendere
1978 4110 2117 4166 prae-

517 4182 759 4241 videbat.
810 4185 943 4241 Hinc
985 4187 1182 4243 factum
1228 4199 1331 4254 est,
1363 4199 1420 4245 ut
1447 4189 1708 4246 llilarium
1735 4199 1791 4246 et
1821 4190 2114 4247 Eusebium

518 4277 658 4346 apud
689 4277 1070 4348 imperatorem
1104 4281 1392 4339 infamaret
1417 4284 1587 4353 (nam.
1622 4282 1714 4356 14)
1741 4285 1815 4340 uti
1847 4284 2116 4340 schismao

523 4379 635 4426 tum
664 4381 932 4436 auctores,
965 4383 1019 4428 et
1039 4375 1286 4430 ecclesia:
1319 4375 1736 4434 Mediolanensis
1778 4379 2120 4447 perturbato-

521 4476 644 4528 res;
676 4462 802 4518 dum
832 4465 930 4520 sibi
963 4465 1130 4533 (num.
1162 4467 1240 4537 5),
1272 4467 1363 4538 qui
1388 4482 1494 4523 una
1523 4482 1646 4524 cum
1670 4469 1822 4540 Rege
1841 4469 2114 4526 Christum

2218 3243 2572 3312 promittitur,
2616 3257 2929 3312 germanam
2980 3241 3328 3298 haberemus.
3375 3240 3612 3308 Quamvis
3649 3237 3763 3293 enim

2218 3335 2492 3406 subjectus
2515 3335 2582 3390 ad
2610 3334 2815 3391 calcem
2861 3335 3021 3405 hujus
3051 3335 3296 3405 epistolae
3330 3333 3565 3390 Auxentii
3594 3330 3764 3386 libellus

2219 3428 2321 3484 hoc
2350 3428 2572 3484 nomine
2611 3427 2970 3492 inscribatur;
3010 3427 3064 3482 in
3095 3442 3161 3483 eo
3190 3436 3370 3483 tamen
3411 3442 3510 3482 uon
3535 3409 3764 3480 oll‘éndcrc

2218 3524 2380 3579 verba
2429 3524 2517 3578 illa
2562 3523 2834 3594 ambigua,
2864 3533 3042 3578 natum
3087 3523 3256 3578 Deum
3287 3539 3453 3578 verum
3482 3522 3646 3593 ﬁlium,
3671 3531 3765 3588 qua:

2219 3619 2272 3674 iu
2327 3618 2579 3674 Auxentii
2623 3618 2961 3688 expositione
3000 3616 3378 3672 fraudulenter
3413 3615 3475 3671 ad
3517 3611 3764 3669 fallendum

2218 3711 2520 3780 composita
2551 3709 2808 3777 Hilarius,
2839 3725 2988 3764 num.
3018 3708 3074 3775 7,
3119 3711 3317 3780 retegit
3345 3724 3406 3764 ac
3443 3701 3764 3778 reprehendit.

2220 3806 2426 3862 Deinde
2451 3806 2502 3860 in
2530 3805 2722 3862 eodem
2753 3804 2937 3860 libello
2963 3804 3129 3858 altum
3167 3803 3275 3859 illis
3297 3804 3503 3859 videtur
3529 3801 3589 3856 de
3609 3798 3764 3854 Nicaea

2218 3898 2271 3952 in
2296 3897 2523 3952 Thracia
2546 3897 2710 3968 gestis
2733 3896 3025 3958 silentium,
3044 3910 3163 3967 qua:
3178 3903 3382 3961 tamen,
3406 3894 3478 3950 uti
3502 3908 3561 3948 ex
3593 3888 3759 3946 num.7

2219 3992 2407 4064 liquet,
2437 3992 2736 4048 Auxentius
2755 3992 2822 4047 ab
2849 3992 2964 4063 ipso
2990 3991 3257 4048 sermonis
3280 3992 3360 4045 sui
3386 3987 3594 4045 exordio
3615 3992 3763 4040 sancta

2220 4102 2341 4144 esse
2363 4097 2611 4144 teSIalur.

2298 4179 2408 4235 VII.
2446 4183 2511 4235 At
2540 4179 2710 4252 prima
2734 4179 2824 4235 illa
2853 4194 2916 4235 ac
2939 4179 3211 4251 praecipua
3240 4177 3515 4233 dubitandi
3542 4175 3661 4230 ratio
3677 4171 3764 4239 jam

2221 4277 2369 4332 nulla
2393 4284 2498 4342 est,
2526 4277 2618 4331 ubi
2639 4277 2926 4332 verborum
2955 4275 3284 4346 ambiguitas
3309 4280 3527 4346 apparet
3557 4285 3617 4326 ex
3654 4264 3764 4321 anti-

2219 4370 2481 4443 quissimo
2505 4370 2694 4425 codice
2715 4370 2771 4424 S.
2795 4369 2942 4425 Petri
2973 4370 3026 4424 in
3049 4368 3314 4424 Vaticano
3335 4367 3589 4424 restituta.
3612 4360 3760 4418 Altera

2217 4481 2373 4533 vero,
2403 4481 2525 4522 cum
2556 4481 2621 4521 ex
2661 4465 2874 4520 diversa
2903 4465 3065 4518 unius
3107 4463 3460 4534 ejusdemque
3496 4453 3666 4530 synodi
3699 4463 3768 4519 ap-

526 4556 690 4610 Deum
719 4572 954 4630 vereque
984 4559 1078 4614 Dei
1103 4559 1271 4615 ﬁlium
1295 4570 1420 4616 ante
1452 4570 1693 4633 tempora
1725 4563 1962 4634 genitum
1996 4578 2118 4634 pro-
2145 4565 2196 4625 D
2223 4560 2518 4633 pellatione
2546 4567 2670 4613 nata
2693 4558 2783 4625 sit,
2810 4557 2968 4612 facile
2994 4556 3241 4612 solvitur.
3269 4557 3402 4625 Quae
3433 4554 3567 4610 enim
3589 4550 3766 4604 Auxen-

525 4647 769 4704 ﬁteretur
800 4648 965 4723 (num.
997 4652 1111 4723 12),
1147 4652 1332 4722 inique
1370 4651 1510 4724 apud
1543 4653 1799 4725 populum
1829 4654 2120 4710 inurebaut

525 4741 796 4797 haereseos
825 4753 1030 4799 notam.
1061 4744 1197 4801 Tum
1225 4747 1393 4818 (aunt.
1422 4745 1480 4818 6)
1511 4761 1606 4801 rex
1639 4746 1786 4817 pacis
1821 4746 2116 4816 studiosus,

523 4836 614 4904 qui
645 4835 782 4891 forte
811 4839 950 4892 sicut
978 4839 1234 4894 ecclesias
1260 4839 1330 4896 ab
1365 4840 1636 4897 Auxentio
1683 4848 1973 4909 occupatas
2003 4842 2121 4911 ipso

523 4929 758 4985 adventu
786 4944 884 4985 suo
911 4945 1007 5002 per
1038 4932 1148 4986 vim
1179 4933 1226 4986 ei
1256 4934 1468 5003 eripere
1494 4949 1523 4988 a
1551 4933 1834 4989 clementia
1861 4948 1957 4988 sua
1990 4934 2122 4988 alie-

525 5037 655 5077 num
682 5021 937 5089 ducebat,
968 5024 1037 5078 ita
1061 5025 1322 5080 censebat
1343 5026 1487 5095 regia
1516 5025 1800 5096 majestate
1822 5023 2119 5095 indignum,

525 5128 582 5172 ut
609 5117 723 5187 ipse
751 5115 805 5170 iu
837 5119 1048 5190 angulis
1093 5119 1370 5188 religionis
1397 5135 1509 5174 sua:
1539 5120 1744 5174 cultum
1799 5129 2078 5174 exerceret
2105 5136 2119 5174 :

525 5213 824 5284 gratulatus
873 5223 957 5268 est
995 5213 1177 5278 ﬁdem,
1225 5224 1282 5268 ut
1319 5214 1421 5268 sibi
1450 5214 1752 5281 videbatur,
1800 5213 2121 5270 catholicam

524 5309 594 5365 ab
625 5309 894 5365 Auxentio
923 5309 1114 5375 asseri,
1144 5310 1387 5380 adeoque
1434 5324 1592 5379 posse
1639 5325 1699 5366 se
1741 5309 1976 5366 adventu
2026 5326 2124 5366 suo

525 5401 779 5472 populum
813 5402 1076 5458 hactenus
1105 5402 1174 5458 ab
1203 5403 1458 5473 episcopo
1503 5416 1603 5458 suo
1637 5401 2020 5458 abhorrentem
2067 5402 2122 5458 in

525 5510 687 5550 unam
747 5498 1185 5554 communionem
1235 5497 1518 5553 reducere.
1577 5496 1761 5567 Itaque
1804 5497 1924 5552 sine
1975 5511 2124 5552 mora

526 5587 706 5642 edicto
739 5578 944 5660 '(Ibid.)
986 5589 1136 5660 gravi
1179 5589 1367 5655 vetuit,
1423 5603 1492 5644 ne
1516 5587 1772 5659 deinceps
1795 5604 1824 5641 a
1854 5603 2124 5660 quoquam

531 5677 948 5735 Mediolanensis
997 5681 1224 5736 ecclesia
1279 5680 1704 5752 perturbaretur.
1762 5679 1956 5737 Edicto
2003 5681 2128 5738 huic

527 5781 636 5826 non
685 5771 1090 5842 obsequendum
1119 5785 1262 5830 ratus
1308 5773 1563 5832 Ililarhh.
1611 5775 1772 5832 etiam
1820 5774 2126 5846 importuna

2225 4655 2329 4709 tius
2360 4653 2427 4708 ad
2466 4653 2833 4708 extollendam
2865 4651 2990 4707 ﬁdei
3017 4666 3129 4706 sum
3160 4651 3426 4706 rationem
3471 4650 3767 4702 sementem"

2223 4747 2486 4801 hominum
2517 4743 2744 4799 Arimini
2770 4752 2921 4814 gesta
2968 4742 3302 4799 mendaciter
3319 4742 3544 4814 iactitat,
3572 4751 3626 4792 ea
3657 4729 3768 4786 I‘Iila-

2224 4840 2335 4895 rius
2365 4839 2431 4894 ad
2449 4839 2695 4895 eamdem
2722 4837 3132 4908 deprimendam
3149 4837 3347 4893 Nictere
3370 4836 3422 4891 in
3449 4829 3653 4889 Thracia
3673 4837 3768 4895 per-

2227 4945 2526 5002 paucorum
2566 4945 2689 4986 esse
2718 4930 2994 5000 praedicat.
3027 4928 3108 4984 Re
3134 4928 3281 4984 enim
3307 4942 3439 4983 vera
3468 4914 3769 4980 Ariminensis

2231 5022 2456 5080 Concilii
2475 5037 2581 5078 non
2603 5023 2705 5078 alia
2728 5023 2882 5091 ﬁdes,
2909 5021 3011 5077 nisi
3026 5038 3146 5093 qua:
3163 5022 3358 5076 Nicaea:
3373 5016 3619 5090 Bithynia:
3632 5008 3766 5069 edita;

2233 5117 2379 5173 nulla
2408 5119 2624 5189 proprie
2652 5127 2802 5188 gesta
2829 5159 2844 5185 ,
2876 5117 2978 5173 nisi
3001 5117 3197 5188 quibus
3224 5116 3339 5171 Arii
3364 5121 3642 5170 sectatores
3665 5116 3768 5157 ana-

2234 5211 2475 5266 themate
2520 5209 2809 5265 feriuntur.
2861 5209 2998 5277 Quia
3048 5220 3226 5263 tamen
3259 5207 3485 5262 formula
3528 5201 3697 5258 Nicaea!
3729 5191 3770 5245 ίιι

2233 5303 2465 5360 Thracia
2493 5318 2644 5370 cusa,
2675 5311 2730 5360 et
2757 5319 2788 5358 a
2816 5302 3002 5372 paucis
3023 5301 3352 5371 subscripta,
3373 5288 3770 5354 Ariminitandem

2232 5413 2328 5468 per
2353 5399 2461 5453 vim
2499 5397 2718 5452 inducta
2763 5405 2884 5462 est;
2927 5399 3046 5452 eam
3075 5396 3332 5462 Hilarius,
3357 5408 3512 5465 quam
3541 5397 3674 5444 antea
3697 5379 3769 5436 Ni-

2232 5506 2361 5547 caeae
2387 5493 2441 5547 in
2486 5491 2718 5546 Thracia
2761 5490 2996 5556 dixerat,
3031 5491 3196 5547 etiam
3239 5483 3585 5544 Ariminensis
3618 5470 3769 5548 synodi

2234 5585 2534 5656 nuncupari
2555 5584 2821 5655 permittit
2847 5583 2932 5639 his
2952 5583 3157 5650 verbis,
3181 5581 3286 5638 Sed
3303 5583 3366 5635 de
3395 5571 3677 5635 Ariminemi
3696 5581 3766 5636 sy-

2240 5684 2375 5739 nodo
2425 5681 2554 5737 uihil
2598 5680 2852 5748 dicamus,
2896 5677 3090 5752 quibus
3133 5693 3256 5734 cum
3297 5675 3544 5748 proxime
3575 5663 3769 5752 adjici”.

2235 5787 2348 5844 aute
2411 5771 2472 5828 ab
2509 5772 2742 5828 munibus
2775 5779 2846 5825 est
2898 5749 3133 5841 religiose
3189 5765 3431 5824 dissoluta
3478 5779 3493 5816 τ
3536 5775 3591 5819 cn
3638 5749 3769 5813 ειίειῐη
