3996 6330
316 326 422 383 609

1465 326 1666 385 LIBER
1707 327 1983 386 CONTRA
2025 327 2457 388 AUXI‘JN'I‘lUM.

3517 333 3623 394 610

309 445 520 502 ratione
591 445 842 502 Auxentii
868 460 1086 503 causam
1114 446 1247 503 nihil
1273 447 1448 518 juvari
1481 450 1616 506 satis
1645 449 1902 506 ostendit.
1933 452 1982 511 Α
2012 449 2322 505 Auxentium
2346 469 2364 505 .-
2388 449 2442 505 in
2471 449 2708 521 quinque
2740 450 2860 505 aliis
2887 450 3200 507 :Tructatus
3229 452 3308 506 uel
3335 452 3466 508 liber
3493 469 3622 510 con-

388 540 499 594 \’ltl
554 540 739 611 Itaque
769 557 838 597 ex
867 540 1075 612 duplici
1107 541 1202 596 illo
1229 543 1429 613 capite,
1472 558 1537 598 ex
1569 559 1675 614 quo
1720 543 1917 599 dubius

307 634 591 690 videbatur
614 636 866 691 Auxentii
888 637 1122 703 libellus,
1157 652 1301 692 nunc
1320 637 1522 692 certius
1549 637 1598 692 ei
1629 638 1912 693 asseritur.

305 729 522 788 Cmtera
549 733 714 787 etiam
743 731 1094 789 conveniunt.
1139 731 1199 788 ln
1229 749 1297 790 co
1319 734 1518 806 quippe
1547 747 1796 790 versutus
1824 735 1916 792 ille

307 823 624 890 haereticus,
653 841 802 881 num.
830 826 919 890 15.
946 826 1251 896 proﬁtetur,
1271 825 1415 898 quod
1435 826 1675 883 Hilarius
1688 843 1812 884 eum
1836 828 1919 883 af-

306 914 558 974 ﬁrmasse
610 929 782 985 notat,
832 934 893 976 se
943 923 1130 976 Arium
1190 937 1484 993 numquam
1522 923 1714 977 scisse.
1770 922 1914 979 Idem

304 1019 667 1078 contestatur,
708 1028 858 1069 num.
905 1014 991 1080 14,
1035 1013 1299 1070 Hilarium
1323 1015 1452 1070 olim
1479 1013 1788 1086 depositum
1825 1024 1916 1071 aut

311 1106 646 1162 accusatoris
666 1116 760 1161 aut
773 1105 972 1177 judicis
1003 1123 1290 1178 personam
1320 1108 1520 1164 habere
1545 1125 1650 1164 non
1681 1108 1911 1166 debere:

306 1200 454 1272 quod
485 1201 589 1256 sibi
616 1201 686 1256 ab
712 1216 780 1258 eo
807 1201 1080 1272 objectum
1108 1212 1368 1260 strenuus
1399 1202 1598 1259 Christi
1628 1203 1916 1260 confessor

308 1302 520 1359 narrat,
549 1310 699 1350 num.
735 1294 790 1351 6.
818 1295 916 1362 Qui
957 1295 1175 1365 quidem
1221 1297 1322 1351 etsi
1364 1297 1624 1352 nonnulla
1671 1295 1916 1352 confutat

238 1400 254 1413 κ
307 1395 581 1458 tamquam
623 1387 692 1442 ab
727 1389 996 1444 Auxentio
1025 1397 1258 1455 asserta,
1291 1405 1411 1458 qua:
1449 1389 1503 1444 in
1534 1388 1704 1460 ipsius
1727 1388 1915 1445 libello

307 1495 418 1534 non
445 1487 685 1545 exstant,
721 1496 782 1535 ea
811 1479 952 1535 haud
983 1480 1148 1537 dubie
1176 1481 1451 1552 pertinent
1479 1481 1546 1536 ad
1572 1484 1687 1552 ipsa
1717 1481 1914 1537 Nicaeae

308 1569 562 1628 Thracia:
591 1589 686 1628 seu
717 1573 945 1628 Arimini
976 1582 1148 1645 gesta,
1181 1591 1301 1646 quae
1330 1575 1424 1631 ille
1450 1583 1562 1631 toto
1593 1575 1776 1631 animo
1802 1591 1917 1631 am-

305 1664 558 1735 plexatus
591 1665 774 1721 libello
804 1680 904 1720 suo
933 1666 1266 1736 subjicienda
1292 1677 1598 1723 curaverat.

380 1758 474 1813 IX.
517 1758 713 1814 Totum
745 1758 850 1815 ltoc
886 1773 1025 1830 Opus
1054 1759 1108 1815 in
1141 1760 1365 1832 antiquo
1393 1762 1584 1818 codice
1606 1762 1911 1818 Carnutcn~

2019 554 2100 598 ενα
2150 544 2460 599 Auxentium
2511 543 2758 598 Ariauum
2797 542 3110 613 Episcoimm
3163 543 3623 603 Mediolanensem.

2019 638 2115 693 llis
2155 638 2300 694 favet
2332 639 2712 710 Hieronymus,
2757 653 2921 710 aquo
2966 640 3172 711 elegans
3203 649 3387 694 contra
3418 641 3628 696 Auxen-

2017 731 2144 785 tium
2195 731 2398 786 libellus
2451 730 2774 801 appellatur.
2835 731 3098 803 Vulgatus
3155 733 3344 788 titulus
3383 730 3622 788 :Contra

2018 825 2236 880 Arianos
2267 825 2344 879 vel
2368 824 2679 878 Auxentium
2710 823 3147 880 Mediolanenscm
3169 826 3317 893 liber,
3345 842 3410 882 ex
3439 837 3622 882 veter-

2016 919 2158 976 rimo
2214 933 2316 974 ms.
2351 917 2410 974 S.
2442 917 2588 973 Petri
2633 917 2702 973 de
2744 915 2889 973 Urbe
2937 926 3023 973 est
3069 932 3381 989 expressus.
3425 917 3625 989 Reipsa

2017 1011 2243 1082 epistola
2266 1020 2352 1067 est
2378 1010 2446 1066 ad
2469 1010 2772 1066 catholicos
2799 1019 2988 1066 contra
3017 1011 3270 1079 Arianos,
3301 1027 3438 1084 quos
3467 1026 3627 1068 exor-

2017 1106 2167 1163 dium
2199 1116 2439 1178 spectat;
2473 1107 2569 1163 sed
2604 1106 2925 1163 nominatim
2962 1116 3153 1163 contra
3179 1109 3533 1176 Auxentium,
3558 1107 3628 1164 de

2017 1201 2174 1271 cujus
2209 1215 2393 1256 secum
2429 1200 2600 1272 gestis
2631 1201 2867 1256 Hilarius
2893 1200 3195 1258 catholicos
3238 1201 3514 1258 admonet.
3565 1201 3624 1258 ln

2018 1293 2102 1349 his
2131 1293 2386 1350 omnibus
2415 1308 2538 1348 cum
2585 1309 2712 1365 erga
2763 1293 3174 1364 Imperatorem,
3213 1311 3242 1349 a
3285 1311 3393 1366 quo
3434 1295 3617 1366 iniqua

2017 1402 2208 1458 passus
2239 1399 2378 1456 erat,
2410 1386 2600 1443 sedato
2629 1402 2694 1442 ac
2712 1365 2992 1444 ieverenti
3021 1389 3202 1445 animo
3233 1404 3292 1445 se
3321 1389 3497 1459 gerit;
3533 1405 3627 1460 pa-

2019 1478 2125 1534 lam
2172 1479 2300 1534 facit
2343 1494 2403 1535 se
2452 1495 2550 1550 pro
2593 1494 2689 1536 sua
2719 1495 2884 1537 causa
2929 1483 3144 1538 nescire
3186 1481 3368 1548 irasci,
3418 1495 3629 1553 suoque

2018 1574 2270 1645 exemplo
2319 1576 2606 1630 conﬁrmat
2651 1590 2920 1631 summam
2973 1575 3316 1648 principibus
3365 1575 3630 1632 exhiben-

2017 1668 2140 1724 dam
2171 1683 2292 1726 esse
2321 1670 2682 1727 reverentiam
2715 1689 2727 1724 :
2763 1680 2874 1727 tum
2906 1687 3034 1728 vero
3069 1673 3304 1730 maxime
3333 1673 3414 1729 eis
3443 1674 3630 1744 ignos-

2017 1761 2271 1830 cendum,
2320 1778 2441 1818 cum
2483 1763 2941 1836 eximprudentia
2990 1776 3085 1822 aut
3131 1781 3320 1822 errore
3355 1780 3618 1838 peccave-

305 1851 386 1907 sis
433 1850 680 1908 ecclesia:
728 1851 1046 1908 inscribitur
1084 1871 1098 1906 :
1132 1851 1372 1922 Epistula
1397 1853 1466 1908 ad
1510 1852 1802 1910 Catholica:
1850 1855 1914 1910 de
1943 1871 1992 1932 Β
2024 1857 2153 1912 rint.

317 1985 3605 2016 mm

797 2265 806 2272 _
1036 2077 1390 2154 593-594
1468 2083 2106 2220 SANCTI
2196 2087 2875 2219 HILARII

837 2312 1806 2467 CONTRA
1985 2313 3117 2510 ARIANOS,

1034 2583 1772 2742 AUXENTIUM
1843 2652 2898 2759 MEDIOLANENSEM,

1741 2794 1981 2857 LIBER
2023 2795 2248 2860 UNUS.

1461 2901 1898 2980 (SCRIPTUS
1972 2917 2178 2962 anno
2246 2897 2467 2980 36b.)

301 3043 684 3101 Dilectissimis
735 3043 994 3101 fratribus
1044 3045 1095 3100 in
1140 3043 1244 3103 lidc
1286 3054 1509 3117 paterna
1537 3043 1907 3110 manentibus,

298 3163 311 3205 ι
379 3147 436 3194 ct
471 3139 720 3194 Arianatn
756 3137 1006 3194 haeresim
1040 3136 1475 3204 detestantibus,
1507 3136 1813 3207 episcopis,
1858 3144 1912 3192 et

2087 3045 2144 3101 9..
2185 3046 2493 3103 Antichristi
2552 3049 2743 3116 plures.
2804 3081 2875 3095 --
2916 3054 2993 3110 Ac
3043 3070 3113 3112 ne
3161 3055 3444 3116 maledicis
3494 3071 3622 3113 ver-

2022 3139 2211 3196 borum
2259 3143 2311 3197 in
2345 3158 2439 3200 cos
2483 3146 2556 3201 uti
2595 3144 2858 3203 conviciis
2897 3163 3208 3219 arguamur,
3248 3165 3464 3207 causam
3497 3166 3624 3222 per-

307 3211 628 3286 —omnibns
657 3230 923 3302 plebibus,
956 3230 1190 3285 Hilarius
1219 3244 1515 3285 conservus
1533 3237 1714 3284 vester
1742 3225 1819 3299 (a)
1857 3227 1909 3282 in
1938 3255 1985 3320 ρ
2021 3237 2242 3293 ditionis
2295 3239 2552 3310 publicai,
2613 3257 2678 3296 ne
2740 3242 2824 3298 cui
2849 3258 2990 3310 piam
3049 3244 3289 3315 ignorata
3347 3243 3457 3308 sit,
3512 3260 3620 3301 non

327 3335 332 3337 ‘
379 3323 608 3379 Domino
630 3331 887 3380 aeternam
917 3324 1171 3378 salutem.

379 3419 430 3473 1.
472 3417 662 3473 Pacem
715 3435 887 3474 veram
947 3419 1144 3487 frustra
1201 3427 1359 3472 lentat
1411 3415 1642 3471 Hilarius
1692 3431 1905 3486 compo-

299 3527 557 3566 nere.—
590 3510 908 3580 Speciosum
969 3507 1184 3579 quidem
1228 3524 1424 3564 nomen
1480 3519 1562 3564 est
1617 3509 1799 3578 pacis,
1856 3516 1911 3562 et

300 3603 486 3674 pulcra
532 3612 616 3658 est
664 3603 848 3674 opinio
887 3603 1109 3658 unitatis
1140 3622 1152 3656 ι
1185 3603 1278 3658 sed
1327 3603 1448 3674 quis
1498 3602 1731 3674 ambigat
1768 3617 1907 3657 .eam

297 3697 475 3753 solam
502 3696 762 3753 Ecclesia:
786 3707 943 3768 atque
976 3696 1392 3767 Evangeliorum
1428 3695 1685 3750 unitatem
1719 3709 1907 3765 pacem

297 3805 448 3856 esse,
499 3806 620 3858 quae
656 3788 862 3846 Christi
916 3790 1034 3845 est?
1085 3791 1256 3858 Quam
1308 3789 1375 3843 ad
1435 3788 1727 3858 Apostolos
1787 3794 1910 3857 post

299 3887 572 3958 passionis
611 3901 722 3940 sua:
775 3884 1004 3955 gloriam
1053 3893 1138 3941 est
1191 3885 1401 3939 loeutus
1442 3881 1620 3953 (Joau.
1648 3899 1755 3948 xx,
1791 3883 1904 3952 19),

294 3997 463 4052 quam
508 3980 574 4035 ad
629 3981 820 4037 aeterni
879 3979 1120 4034 mandati
1175 3979 1260 4033 sui
1308 3978 1500 4050 pignus
1554 3977 1906 4033 commenda-

296 4076 378 4130 vit
412 4073 487 4148 (b)
520 4075 786 4140 abiturus,
833 4074 970 4130 hanc
1013 4072 1088 4147 (ί)
1121 4089 1240 4137 nos,
1275 4073 1498 4128 Fratres
1538 4071 1904 4138 dilectissimi,

296 4179 359 4226 et
407 4171 664 4225 amissam
717 4184 986 4240 quaerere,
1039 4178 1095 4224 ct
1136 4168 1403 4223 turbatam
1457 4182 1806 4236 componere,
1853 4175 1907 4221 et

296 4275 572 4335 repertam
625 4271 810 4319 tenere
861 4262 1191 4319 curavimus.
1237 4261 1342 4317 Sed
1391 4260 1551 4330 hujus
1596 4260 1768 4331 ipsius
1807 4274 1906 4315 nos

295 4360 423 4415 fieri
459 4359 542 4413 vel
576 4357 867 4428 participes
895 4356 980 4412 vel
1012 4366 1284 4423 auctores,
1318 4369 1418 4411 nec
1445 4353 1708 4424 temporis
1739 4353 1910 4408 nostri

295 4462 521 4525 peccata
549 4460 884 4520 meruerunt,
911 4466 1011 4508 nec
1033 4451 1366 4507 imminentis
1391 4447 1699 4504 antichriin
1724 4447 1911 4518 praevii

295 4546 645 4616 ministrique
677 4555 801 4602 sunt
831 4546 974 4616 passi
1002 4561 1016 4597 :
1050 4545 1138 4616 qui
1179 4557 1312 4615 pace
1338 4557 1457 4607 sua,
1493 4542 1546 4598 id
1576 4551 1682 4608 est,
1715 4542 1912 4612 impie-

299 4640 438 4695 tatis
469 4655 583 4694 sure
614 4638 819 4694 unitate
850 4653 908 4693 se
944 4637 1172 4708 jactant,
1203 4647 1426 4709 agentes
1450 4650 1510 4692 se
1534 4651 1642 4691 non
1680 4643 1740 4691 ut
1773 4635 1916 4707 epis-

295 4748 471 4806 οοιιοε
492 4732 716 4796 Chrisd,
749 4731 845 4788 sed
876 4730 1180 4787 antichristi
1211 4729 1546 4786 sacerdotes.

378 4877 461 4951 (a)
497 4876 606 4933 Has
642 4890 824 4941 voces,
868 4875 922 4928 in
957 4871 1179 4928 Domino
1225 4883 1470 4929 retentam
1508 4914 1524 4941 ,
1573 4872 1908 4929 resdtuimus

298 4969 372 5008 CX
398 4965 527 5004 IllSS.

382 5021 458 5093 (b)
500 5020 624 5076 Mss.
668 5033 881 5093 summo
921 5033 1227 5093 consensu,
1268 5017 1554 5083 habituris;
1583 5016 1768 5093 phrasi
1796 5015 1914 5086 qni-

298 5089 595 5152 dem'satis
621 5089 902 5162 singulari,
931 5107 1037 5144 non
1065 5091 1211 5162 omni
1239 5098 1419 5162 tamen
1447 5104 1608 5144 sensu
1632 5089 1910 5143 tlestituta.

382 5164 456 5233 (ο)
497 5165 611 5220 Hoc
631 5163 699 5220 de
714 5160 781 5217 se
804 5161 1047 5217 modeste
1070 5161 1306 5233 insinuat
1331 5160 1696 5233 Hilarius,_qui
1724 5175 1910 5229 pacem

302 5231 561 5293 {intissam
601 5251 844 5306 quarrere
887 5249 993 5287 non
1036 5231 1242 5306 destitit
1275 5242 1385 5287 toto
1421 5231 1600 5306 exsilii
1647 5233 1729 5287 sui
1778 5241 1914 5306 tem-

299 5326 461 5381 pore,
481 5303 747 5364 turbatam
773 5318 892 5376 post
916 5309 953 5358 Α
966 5304 1257 5359 riminense
1279 5303 1564 5360 concilium
1585 5303 1911 5381 composuit,

299 5373 362 5436 'ct
392 5373 582 5452 magna
614 5395 677 5433 ex
725 5373 879 5449 parte
920 5387 1189 5452 repertam
1236 5375 1673 5452 Stlintno_s_t.t_tdio
1721 5373 1914 5452 tenuit.

301 5453 415 5508 Sed
446 5445 567 5522 qua:
609 5445 754 5522 retro
799 5447 1176 5522 suii_t_t)blittts.
1209 5445 1362 5522 quasi
1403 5445 1664 5522 nihildum
1709 5445 1918 5515 praesti-

304 5518 484 5584 tisset,
531 5524 654 5594 quia
709 5521 848 5576 hanc
893 5519 1525 5594 Mediolanensihcivitati
1554 5518 1759 5572 frustra
1807 5529 1924 5572 ten-

307 5608 479 5652 tasset
511 5589 1142 5665 procurare,_sequentia
1173 5589 1408 5665 subjicit.

382 5668 464 5740 (cl)
507 5659 794 5740 Facundos
846 5661 1150 5740 Hermian”
1197 5662 1461 5740 Sptcil.__t_.
1496 5677 1552 5740 ιιι
1577 5703 1590 5727 ,
1627 5676 1747 5740 pag.
1782 5659 1920 5726 118,

304 5731 456 5797 ιίιιὺί
489 5741 605 5793 htec
657 5738 728 5791 ita
781 5733 966 5790 laudat
1012 5751 1024 5786 :
1079 5734 1302 5789 Sanctus
1346 5731 1582 5788 Hilarius
1628 5734 1922 5803 episcopus,

304 5811 579 5880 confessor
607 5819 653 5862 et
683 5809 862 5880 doctor
888 5805 1144 5880 egregius,
1175 5805 1482 5880 quibusdam
1511 5806 1765 5880 episcopis
1795 5813 1927 5880 tem-

305 5876 440 5959 pore
493 5881 780 5937 Cuttslantii
826 5878 1172 5950 imperatoris,
1215 5894 1314 5950 quo
1359 5876 1548 5932 Ariani
1580 5876 1690 5934 sub
1722 5877 1927 5933 nomine

2018 3340 2276 3389 tacemus.
2328 3333 2690 3392 Antichristos
2741 3337 2922 3407 plores
2971 3353 3113 3406 esse,
3152 3337 3314 3395 etiam
3369 3341 3621 3410 apostolo

2016 3424 2225 3483 Joanne
2284 3426 2634 3498 praadieante,
2677 3428 3028 3501 cognovimus
3085 3431 3129 3504 (l
3178 3430 3338 3488 Joan.
3384 3449 3454 3500 ll,
3505 3431 3622 3505 18).

2018 3518 2273 3590 Quisquis
2321 3519 2463 3576 enim
2510 3521 2825 3589 Christum,
2882 3523 3059 3594 qualis
3100 3524 3170 3581 ab
3219 3525 3478 3594 apostolis
3529 3535 3616 3583 est

2018 3617 2368 3686 praedicatus,
2403 3620 2644 3691 negavit,
2686 3620 3036 3678 antichristus
3073 3631 3176 3678 est.
3205 3620 3451 3678 Nominis
3479 3622 3626 3678 anti-

2015 3710 2201 3767 cbristi
2249 3713 2549 3784 proprietas
2586 3723 2689 3780 est,
2721 3713 2937 3771 Christo
2967 3731 3089 3773 esse
3118 3716 3472 3773 Contrarium.
3508 3715 3626 3774 Hoc

2018 3805 2300 3860 nunc-sub
2341 3805 2596 3876 opinione
2639 3806 2786 3862 falsae
2831 3807 3048 3877 pietatis
3086 3807 3343 3873 efﬁcitur,
3383 3807 3487 3864 hoc
3521 3807 3626 3865 sub

2014 3896 2195 3966 specie
2213 3896 2609 3966 praedicationis
2622 3898 2950 3968 evangelicae
2964 3898 3262 3965 laboratur,
3281 3907 3339 3954 ut
3367 3898 3626 3955 Dominus

2013 3986 2172 4043 Josus
2207 3987 2476 4054 Christus,
2514 3988 2640 4042 dum
2689 3988 2968 4060 prmdieari
3001 3989 3262 4055 creditur,
3305 3989 3624 4061 denegetur.

2085 4083 2137 4138 5.
2177 4079 2415 4136 Ecclesia
2456 4080 2696 4136 subsidiis
2727 4081 2967 4136 humanis
3008 4083 3226 4154 fundata
3266 4099 3368 4138 non
3418 4087 3627 4156 fuit.—

2019 4174 2100 4229 Ae
2132 4173 2362 4242 primum
2392 4173 2637 4230 miserari
2700 4173 2831 4230 licet
2882 4185 3082 4230 nostra:
3133 4174 3308 4230 aetatis
3359 4175 3621 4245 laborem,

2016 4275 2072 4322 et
2098 4267 2442 4336 prmsentium
2471 4278 2773 4340 temporum
2792 4268 2990 4324 stultas
3018 4268 3305 4339 opiniones
3328 4269 3632 4340 congemis-

2017 4374 2162 4426 cere,
2207 4359 2402 4431 quibus
2439 4360 2770 4432 patrocinari
2816 4359 2928 4416 Deo
2959 4362 3192 4415 humana
3223 4359 3536 4427 creduntur,
3577 4369 3636 4418 et

2019 4451 2083 4506 ad
2131 4453 2386 4508 tuendam
2436 4450 2638 4508 Christi
2693 4454 2991 4509 Ecclesiam
3043 4455 3342 4511 ambitione
3383 4454 3632 4510 saeculari

2025 4544 2154 4614 (Ms.
2193 4543 2352 4601 Carn.
2384 4545 2593 4617 sceculi)
2627 4545 2904 4602 laboratur
2949 4545 3053 4618 (ά).
3092 4547 3202 4603 Oro
3236 4562 3354 4615 vos,
3391 4548 3635 4618 episcopi
3672 4611 3684 4632 ι

2018 4635 2113 4706 qui
2161 4636 2265 4693 hoc
2308 4652 2432 4694 esse
2457 4653 2555 4694 vos
2597 4638 2856 4704 creditis,
2897 4639 3220 4709 quibusnam
3257 4638 3526 4711 suffragiis
3562 4637 3629 4694 ad

1935 4722 1988 4784 D
2016 4729 2420 4800 praedicandum
2453 4729 2816 4801 Evangelium
2855 4731 3086 4802 apostoli
3124 4731 3209 4787 usi
3241 4731 3407 4787 sunt?
3432 4731 3630 4803 quibus

2015 4871 2156 4940 pacis
2181 4880 2228 4926 et
2266 4871 2400 4942 regis
2441 4881 2769 4942 pervaserant
2817 4870 3083 4926 universas
3127 4887 3253 4942 pene
3291 4871 3448 4925 totius
3485 4869 3637 4926 Orbi‘

2015 4943 2203 4998 locales
2225 4943 2486 5010 ecclesias,
2513 4944 2664 5004 dixit.
2691 4954 2824 5006 etc.,
2859 4959 3041 5014 rerum
3069 4957 3134 4998 ac
3155 4953 3460 5014 temporum
3488 4943 3641 5014 igno'

2017 5015 2190 5070 rantia
2249 5017 2458 5069 videtur
2508 5015 2714 5083 lapsus.
2770 5015 2886 5070 Non
2941 5013 3086 5070 enim
3137 5013 3480 5078 Constantio,
3523 5013 3634 5070 sed

2020 5086 2400 5142 Valentiniano
2445 5087 2748 5156 imperante
2791 5087 3010 5156 scripsit
3055 5088 3168 5142 haec
3214 5086 3489 5156 Hilarius:
3523 5101 3631 5154 quo

2018 5165 2265 5226 tempore
2293 5158 2358 5211 ad
2383 5159 2644 5214 ecclesias
2667 5173 2795 5213 suas
2821 5158 3110 5221 Eusebius,
3135 5157 3373 5220 Lucifer.
3402 5155 3637 5212 Hilarius

2021 5231 2160 5300 ipse,
2193 5230 2393 5299 aliique
2425 5231 2723 5285 redierant.
2753 5228 2912 5286 Unde
2939 5229 3124 5286 Ariani
3167 5233 3359 5287 saltem
3394 5230 3444 5283 in
3473 5227 3636 5284 Occi-

2022 5303 2185 5372 dente
2219 5318 2323 5356 nou
2353 5315 2541 5358 omnes
2578 5319 2714 5372 pene
2753 5303 3013 5358 ecclesias
3043 5302 3246 5358 locales
3288 5301 3630 5356 obtinebant.

2023 5371 2158 5427 Cum
2184 5381 2364 5428 tamen
2387 5371 2728 5441 subsequens
2750 5373 2936 5430 Hilarii
2955 5373 3278 5428 declamatio
3301 5372 3354 5427 in
3380 5372 3428 5427 id
3455 5373 3636 5442 potius

2025 5445 2184 5516 cadat
2226 5445 2370 5515 quod
2412 5446 2598 5502 Ariani
2645 5447 2744 5502 sub
2783 5445 3104 5502 Constantio
3149 5447 3422 5516 egissent,
3475 5459 3635 5514 quam

2029 5517 2081 5571 in
2114 5515 2164 5570 id
2196 5517 2338 5587 quod
2368 5520 2466 5572 sub
2496 5517 2877 5574 Valentiniano
2904 5527 3128 5585 agerent
3161 5515 3480 5570 :commode
3507 5530 3639 5587 pos-

2029 5597 2156 5642 sunt
2186 5588 2302 5645 haec
2346 5589 2584 5646 Facundi
2626 5593 2793 5646 verba
2838 5588 3085 5658 intelligi.
3119 5588 3253 5657 Quia
3283 5603 3411 5644 vero
3438 5587 3641 5642 Valen-

2031 5660 2265 5716 tinianus
2291 5661 2456 5717 nimio
2482 5663 2627 5730 pacis
2650 5661 2851 5727 studio,
2880 5670 2935 5716 et
2961 5675 3145 5715 amore
3176 5661 3361 5714 localis
3392 5659 3640 5730 ecclesia:

2029 5747 2191 5803 quam
2239 5729 2540 5789 Auxentius
2583 5734 2904 5802 occupabat,
2951 5732 3155 5788 versuti
3195 5733 3354 5803 hujus
3399 5729 3644 5787 haeretici

2031 5804 2194 5860 fidem
2220 5806 2440 5876 propius
2465 5805 2754 5876 explorare
2779 5803 2975 5876 timuit,
3006 5813 3060 5858 et
3085 5804 3420 5876 professione
3449 5819 3644 5859 secun-

2030 5876 2159 5932 dum
2188 5875 2387 5934 vocum
2417 5875 2581 5934 sonos
2607 5875 2876 5934 catholica
2906 5875 3198 5936 contentus
3229 5877 3371 5935 illius
3398 5891 3642 5935 cumulu-
