3996 6330
547 308 646 374 Oli

1751 300 1995 363 SANCTI
2033 297 2290 361 utLAttn
2341 297 2651 363 EPlSCOPI
3695 312 3778 371 θη

547 426 714 494 inljuti
755 423 1108 495 potestatibus
1132 421 1405 479 Christum
1438 421 1902 493 praedicaverunt,
1932 430 2146 490 gentes-
2174 426 2221 486 Α
2252 419 2348 475 tris
2385 418 2440 475 in
2471 419 2606 475 lucis
2651 431 2711 475 se
2748 416 2994 489 angelum
3043 417 3562 492 transformantibus,
3597 425 3656 479 ab
3692 445 3784 482 Uill-

546 538 653 592 que
701 523 814 576 fere
863 536 1050 576 omnes
1099 536 1164 576 ex
1209 519 1368 574 idolis
1406 517 1473 573 ad
1521 519 1689 573 Deum
1728 517 2148 572 transtulerunt?

546 614 702 670 Anne
745 614 978 684 aliquam
1023 613 1123 668 sibi
1156 612 1233 685 (α)
1262 611 1616 668 assumebant
1659 627 1692 667 e
1737 609 1939 683 palatio
1976 608 2151 680 digiti-

544 718 709 764 tatem
728 748 743 775 ,
775 709 1031 781 hymnum
1069 709 1178 764 Deo
1207 710 1258 764 in
1289 723 1509 766 carcere
1533 707 1676 766 inter
1704 717 1924 764 catenas
1951 717 2006 762 et
2032 714 2152 776 post

546 803 757 872 flagella
795 813 1111 867 cantantes;
1155 801 1458 873 edictisque
1501 802 1644 871 regis
1674 801 1894 865 Paulus,
1931 814 2054 854 cum
2095 798 2149 853 in

546 897 760 952 theatro
805 896 1175 962 Spectaculum
1215 896 1334 968 ipse
1369 904 1535 962 esset,
1591 895 1811 950 Christo
1852 891 2149 949 Ecclesium

544 989 940 1061 congregabat?
991 988 1206 1044 Nerone
1252 1003 1342 1055 se,
1397 987 1601 1054 credo,
1655 996 1748 1042 aut
1790 984 2148 1053 Vespasiano,

544 1095 636 1137 aut
669 1083 745 1153 (b)
777 1083 938 1139 Decio
981 1081 1444 1152 patrocinantibus
1489 1081 1775 1136 tuebatur?
1817 1093 2046 1149 quorum
2097 1077 2150 1131 in

546 1191 650 1231 nos
693 1175 834 1232 odiis
881 1175 1152 1232 confessio
1203 1175 1397 1231 divina:
1449 1175 1850 1245 praedicationis
1891 1170 2148 1229 effloruit.

544 1269 623 1326 Illi
670 1286 834 1326 manu
887 1281 1052 1340 atque
1106 1285 1271 1340 opere
1314 1285 1374 1324 se
1409 1270 1638 1337 alentes,
1685 1269 1824 1324 intra
1870 1267 2150 1324 cmnacnla

545 1376 865 1436 secretaque
916 1372 1214 1429 coeuntes,
1275 1363 1422 1420 vicos
1474 1373 1530 1418 et
1576 1363 1801 1418 castella
1855 1374 2153 1433 gentesque

544 1456 660 1514 fere
687 1474 876 1514 omnes
923 1467 1064 1514 terra
1107 1473 1172 1513 ac
1210 1457 1346 1512 mari
1371 1466 1559 1512 contra
1599 1453 2068 1512 senatusconsulta
2099 1461 2154 1508 et

544 1568 732 1623 regum
758 1552 932 1609 edicta
965 1563 1331 1627 peragrantes,
1364 1552 1562 1618 claves,
1592 1550 1778 1615 credo,
1810 1549 1958 1620 regni
1989 1548 2153 1604 coelo.

551 1661 671 1701 rum
717 1665 821 1702 tton
853 1647 1120 1702 habebant
1143 1646 1166 1700 ?
1193 1648 1302 1701 Aut
1342 1663 1447 1700 non
1489 1644 1776 1700 manifesta
1809 1658 1869 1700 se
1917 1654 2026 1697 tum
2060 1640 2153 1696 Dei

546 1739 728 1813 virtus
779 1749 968 1795 contra
1025 1739 1147 1794 odia
1207 1740 1442 1795 humana
1500 1738 1774 1810 porrexit,
1820 1754 1942 1793 cum
2003 1746 2154 1792 tanto

2253 513 2400 568 nium
2442 513 2555 569 fere
2600 527 2763 568 sensu
2802 521 2858 566 et
2892 512 3224 568 conscientia
3267 515 3311 570 is
3353 518 3437 588 qui
3473 527 3550 574 est
3583 519 3785 578 Christus

2252 605 2522 661 aboletur.
2568 604 2637 662 Ut
2678 606 2822 660 enim
2867 607 3070 661 erroris
3111 605 3397 664 affirmatio
3438 626 3574 667 certa
3604 615 3682 674 sit,
3724 615 3789 670 iu-

2253 708 2400 754 certa
2453 698 2523 770 (f)
2567 699 2679 755 veri
2720 700 2906 768 opinio
2944 700 3247 756 antefertur
3276 719 3289 756 :
3316 704 3485 774 sitque
3520 706 3789 764 antichristo

2246 791 2360 861 jam
2412 793 2684 862 pervium,
2733 791 3010 849 Christutn
3065 811 3190 850 eum
3237 812 3356 853 esse
3401 813 3460 855 se
3505 800 3698 867 fallere,
3739 804 3791 860 de

2253 901 2361 957 quo
2387 903 2530 944 nunc
2565 904 2736 960 usque
2773 888 3081 945 dissensum
3112 891 3202 944 sit.
3236 891 3370 948 Hinc
3409 893 3509 948 illa:
3534 895 3680 949 varize
3701 899 3791 966 opi-

2254 981 2464 1047 niones,
2513 979 2640 1036 hinc
2679 981 2782 1037 sub
2829 982 2985 1037 unius
3036 980 3112 1053 (g)
3147 982 3350 1039 Christi
3393 983 3497 1040 fide
3536 987 3794 1056 przedicatio

2256 1076 2635 1147 plurimorum,
2669 1075 2795 1133 hinc
2824 1093 2997 1146 nuper
3026 1078 3144 1132 Arii
3173 1079 3390 1147 spiritus
3420 1095 3484 1135 ex
3509 1081 3682 1152 angelo
3706 1082 3795 1138 dia-

2253 1171 2365 1227 boli
2392 1171 2445 1226 in
2471 1171 2606 1227 lucis
2631 1171 2882 1243 angelum
2913 1170 2992 1244 (h)
3025 1173 3435 1243 transfiguratus
3463 1191 3477 1230 :
3502 1175 3641 1244 cujus
3656 1174 3796 1232 haue-

2254 1264 2395 1320 ditus
2426 1263 2489 1337 (ἱ)
2510 1265 2685 1322 omnis
2725 1264 2793 1319 ad
2824 1264 3141 1332 Valentem,
3172 1263 3471 1333 Ursacium,
3498 1266 3794 1335 Auxentium,

2254 1358 2615 1425 Germinium,
2661 1357 2849 1414 Gaium
2907 1359 3169 1414 successit
3219 1367 3382 1429 atque
3426 1359 3653 1414 defluxit.
3692 1361 3796 1416 Nam

2255 1455 2357 1525 ipsi
2401 1470 2544 1510 nunc
2593 1453 2868 1510 Christum
2918 1469 3137 1522 novum,
3179 1469 3278 1526 per
3314 1470 3471 1526 quem
3505 1454 3798 1510 antichristus

2256 1551 2596 1620 subreperet,
2622 1548 2938 1605 intulerunt.
3257 1542 3267 1550 ’

2327 1642 2383 1697 6.’
2426 1643 2689 1709 Auxentii,
2745 1641 2994 1706 Valentis,
3041 1652 3175 1709 etc.,
3222 1643 3288 1697 de
3331 1641 3527 1698 Christo
3563 1643 3799 1714 apiuiorm.

2259 1737 2404 1793 Plebi
2424 1739 2649 1792 nondum
2671 1747 2817 1793 nocet
2830 1739 3038 1793 haeresis
3057 1739 3239 1794 lateas.
3258 1737 3525 1793 —Volunt
3544 1736 3672 1793 enim
3692 1738 3806 1792 hunc

549 1832 718 1902 magis
743 1830 990 1888 Christus
1017 1832 1427 1903 prmdicaretur,
1449 1840 1654 1904 quanto
1677 1831 1846 1900 magis
1875 1827 2155 1900 praedicari
2189 1826 2235 1888 B
2262 1845 2420 1887 suum
2439 1833 2713 1886 Christum
2738 1847 2843 1886 non
2867 1831 2986 1902 ejus
3001 1831 3299 1886 divinitatis
3315 1847 3436 1887 esse
3459 1830 3600 1900 cujus
3616 1843 3659 1885 et
3680 1829 3806 1885 Pater

545 1923 918 1980 inhiberetur?

619 2017 674 2071 4.
721 2017 873 2073 Fidei
922 2020 995 2074 vis
1041 2020 1188 2073 illata
1236 2019 1575 2090 improbatur.
1607 2048 1677 2058 —
1708 2018 1775 2074 At
1806 2031 1966 2083 nunc,
2017 2015 2151 2086 prnh

542 2110 728 2165 dolor!
758 2110 992 2166 divinam
1025 2111 1183 2166 fidem
1218 2109 1468 2182 suffragia
1504 2123 1714 2168 terrena
1746 2109 2148 2175 commendant,

545 2203 809 2275 inepsque
839 2205 1054 2261 virtutis
1094 2205 1257 2280 595
1289 2222 1415 2271 suae
1446 2205 1730 2272 Christus,
1765 2205 1892 2260 dum
1929 2204 2151 2278 ambitio

545 2294 749 2350 nomini
769 2312 869 2352 suo
887 2299 1230 2365 conciliatur,
1253 2298 1518 2368 arguitur.
1537 2297 1730 2352 'l‘erret
1747 2296 1953 2352 exsiliis
1973 2306 2026 2351 ct
2043 2312 2154 2352 car-

544 2389 759 2444 ceribus
781 2389 1022 2445 Ecclesia
1054 2409 1066 2445 :
1097 2390 1354 2461 credique
1385 2390 1488 2445 sibi
1517 2391 1690 2460 cogit,
1717 2404 1836 2459 quae
1859 2388 2066 2443 exsiliis
2100 2399 2154 2442 et

544 2483 853 2540 carceribus
897 2493 982 2540 est
1025 2485 1258 2542 credita.
1310 2484 1520 2540 Pendet
1567 2484 1637 2555 (ε)
1675 2483 1742 2538 ad
1784 2483 2152 2554 dignationem

545 2579 1089 2647 cnmmunicantium,
1122 2595 1242 2650 quae
1271 2566 1710 2649 persequentium
1735 2585 2153 2644 estconsccrata

547 2677 782 2726 terrore.
816 2671 984 2740 Fugat
1027 2671 1357 2734 sacerdotes.
1391 2686 1510 2741 qua:
1554 2668 1750 2740 fugatis
1775 2680 1858 2725 est
1900 2668 2154 2724 sacerdo-

547 2765 692 2818 tibus
737 2772 1048 2833 propagata.
1099 2763 1257 2833 Diligi
1303 2779 1363 2818 se
1406 2767 1670 2831 gloriatur
1701 2779 1731 2818 a
1770 2762 1990 2826 mundo,
2033 2776 2154 2831 qua:

545 2853 752 2910 Christi
793 2871 915 2911 esse
953 2871 1059 2910 non
1103 2856 1297 2926 potuit,
1339 2856 1442 2911 nisi
1476 2872 1602 2912 eam
1647 2859 1877 2912 mundus
1927 2855 2150 2914 odisset.

549 2945 677 3002 llaec
695 2945 776 3018 (ά)
795 2946 862 3002 de
883 2948 1289 3017 eotnparatione
1314 2947 1521 3002 traditae
1545 2948 1701 3002 nobis
1720 2948 1845 3002 olim
1877 2948 2152 3014 Ecclesiae,

547 3055 797 3112 nuncque
823 3041 1142 3112 deperditte,
1183 3057 1269 3097 res
1309 3043 1423 3112 ipsa
1461 3057 1581 3114 quae
1621 3041 1878 3097 in‘oculis
1911 3041 2154 3096 omnium

549 3144 632 3189 est
659 3144 818 3204 atque
847 3149 965 3202 ore,
995 3135 1270 3189 clamavit.

2256 1934 2337 1979 est
2357 1939 2370 1988 ;
2395 1923 2489 1978 sed
2520 1922 2591 1997 (j)
2619 1939 2741 1979 esse
2765 1932 3036 1994 potentem
3059 1935 3114 1980 et
3136 1932 3480 1995 prtestantem
3499 1924 3694 1979 cteteris
3713 1922 3807 1977 aliis

2256 2017 2420 2090 596
2452 2018 2716 2074 creaturis
2750 2027 3088 2083 creaturam,
3131 2033 3365 2090 eumque
3401 2034 3494 2088 per
3525 2018 3803 2072 voluntatem

2257 2111 2352 2168 Dei
2382 2127 2447 2166 ex
2481 2110 2648 2168 nihilo
2681 2110 2989 2168 substitisse
3015 2130 3026 2165 :
3053 2122 3104 2166 et
3135 2127 3258 2168 eum
3291 2121 3416 2166 ante
3438 2110 3608 2166 omnia
3627 2108 3801 2180 quidem

2256 2207 2453 2260 saecula
2472 2249 2486 2272 ,
2515 2217 2566 2262 et
2602 2218 2728 2262 ante
2747 2221 2910 2262 omne
2939 2207 3163 2262 omnino
3195 2216 3412 2277 tempus
3442 2212 3612 2260 natum
3638 2219 3696 2258 ex
3721 2202 3806 2257 Deo

2259 2298 2425 2354 Deum
2465 2316 2622 2367 esse;
2654 2299 2751 2356 sed
2784 2315 2888 2355 non
2920 2315 2986 2356 ex
3022 2298 3327 2356 substantia
3374 2299 3466 2354 Dei
3503 2313 3635 2364 esse,
3671 2311 3809 2365 neque

2256 2391 2450 2446 divinte
2474 2393 2527 2446 in
2541 2408 2606 2446 co
2622 2392 2932 2457 nativitatis,
2957 2391 3368 2462 majestatisque
3387 2390 3522 2462 ejus,
3545 2389 3724 2460 (k)qu:c
3739 2387 3807 2441 Dei

2257 2496 2340 2539 est
2369 2484 2776 2556 intelligendam
2801 2484 3083 2540 veritatem
3111 2499 3127 2550 ;
3152 2499 3221 2540 ne
3241 2499 3404 2554 quam
3435 2497 3586 2538 verus
3611 2482 3674 2536 sit
3701 2481 3808 2534 Deus

2258 2573 2351 2646 qui
2384 2586 2533 2644 pater
2555 2584 2658 2640 est,
2684 2588 2788 2632 tam
2809 2591 2972 2634 verus
3000 2575 3071 2632 sit
3094 2575 3236 2634 Deus
3265 2573 3364 2645 qui
3386 2574 3524 2630 filius
3551 2583 3656 2629 est:
3678 2579 3725 2626 ut
3749 2571 3804 2635 id,

2257 2667 2400 2738 quod
2423 2683 2586 2723 unum
2607 2684 2727 2723 esse
2749 2667 2914 2724 Filius
2932 2678 2985 2723 et
3002 2668 3160 2723 Pater
3175 2668 3229 2722 in
3250 2667 3552 2739 Evangeliis
3567 2664 3810 2736 praedican-

2259 2767 2345 2816 tur
2380 2760 2563 2830 (Joan.
2592 2777 2647 2827 x,
2672 2762 2784 2831 50),
2814 2761 2864 2815 in
2899 2760 3188 2815 voluntatis
3210 2768 3415 2815 tantum
3433 2753 3814 2814 siteteharituis

2259 2855 2547 2922 societate,
2577 2869 2682 2910 non
2719 2854 2772 2908 in
2799 2852 3095 2909 divinitatis
3126 2852 3376 2909 veritate.
3405 2851 3532 2920 Qtnc
3569 2851 3678 2905 siin
3702 2846 3812 2904 Filio

2261 2965 2367 3003 non
2395 2948 2582 3003 eadem
2607 2955 2690 3002 est
2719 2946 2830 3018 ipsa
2863 2947 2950 3002 illa
2973 2963 3091 3017 qua:
3117 2946 3212 3002 Dei
3235 2957 3342 3013 est,
3370 2958 3431 3002 ut
3454 2948 3504 3002 in
3526 2944 3813 3001 confessione

2262 3042 2384 3097 tidei
2437 3042 2578 3097 Deus
2625 3056 2763 3096 unus
2812 3039 2911 3108 sit;
2966 3056 3061 3096 cur
3113 3040 3280 3096 Deum
3334 3040 3544 3102 Filium.
3591 3054 3676 3094 cur
3717 3046 3814 3091 ante

2261 3143 2505 3205 tempora
2551 3143 2606 3189 et
2633 3134 2829 3190 saecula
2861 3135 3206 3203 confitentur,
3252 3133 3356 3190 nisi
3386 3135 3508 3206 quia
3536 3132 3622 3188 Dei
3655 3145 3814 3186 nomen

622 3229 676 3282 5.
716 3227 1021 3283 Antichristi
1061 3239 1256 3298 tempus
1299 3231 1414 3302 jam
1461 3227 1754 3282 adesse.-—-
1781 3226 1920 3296 Quid
1970 3235 2151 3281 autem
2182 3233 2228 3298 C
2259 3240 2446 3285 sancto
2492 3229 2684 3299 cuique
2731 3245 2824 3295 per
2883 3227 3273 3298 indulgentiam
3319 3228 3387 3297 (ι)
3432 3225 3723 3284 aeternitatis
3754 3230 3820 3278 est

547 3321 679 3376 illttd
719 3322 811 3388 sit,
864 3323 1006 3392 quod
1056 3322 1413 3392 ignorandnm
1466 3323 1606 3377 ultra
1656 3336 1762 3376 non
1811 3322 1882 3376 sit
1918 3321 2158 3377 breviter

551 3429 848 3485 exponam.
907 3416 1218 3472 Secundum
1287 3416 1536 3486 placitam
1599 3414 1707 3471 Deo
1767 3416 2156 3484 plenitudinem

549 3517 822 3562 coarctata
893 3517 1020 3562 sunt
1075 3519 1341 3578 tempora.
1397 3506 1466 3578 (e)
1520 3507 1941 3578 Circumscripta
2013 3509 2156 3563 enim

553 3601 692 3656 ratio
736 3614 924 3656 eorum
971 3600 1285 3656 C(Blcsliblls
1328 3599 1482 3654 libris
1523 3601 1749 3655 docetur
1783 3619 1795 3655 :
1832 3615 1896 3656 ac
1935 3615 2159 3657 necesse

556 3704 643 3749 est
710 3694 765 3750 in
825 3691 994 3765 ipsam
1052 3710 1154 3750 nos
1218 3705 1429 3750 aetatem
1500 3693 1802 3749 antichristi
1861 3695 2154 3762 incidisse,

555 3788 742 3860 cujus,
773 3789 1067 3846 secundum
1099 3790 1421 3861 Apostolum
1455 3788 1523 3861 (ll
1562 3788 1683 3843 Cor.
1709 3804 1784 3856 χι,
1819 3788 1932 3861 14),
1964 3792 2154 3849 minis-

555 3929 773 3982 nionem
802 3929 1074 4000 suscepit;
1102 3929 1439 4000 postmodum
1466 3929 1521 3985 in
1550 3930 1772 3986 nimium
1807 3931 1954 3986 illum
1987 3934 2160 3998 parie-

555 4008 667 4054 tum
698 4002 939 4056 ecclesite
968 4018 1206 4056 amorem
1238 4003 1508 4057 invehitur
1535 4021 1546 4054 :
1577 4004 1779 4057 veritus
1807 4002 1946 4057 haud
1969 4005 2156 4071 dubie,

557 4087 624 4126 ne
651 4073 927 4145 episcopi,
961 4074 1050 4143 qui
1083 4075 1132 4128 in
1173 4075 1515 4143 imperatoris
1545 4076 1804 4129 comitatu
1847 4077 2158 4145 frequentes

556 4154 731 4203 erant,
765 4144 816 4199 in
848 4148 1091 4200 eamdem
1121 4146 1610 4202 dissimulationem
1636 4147 1869 4214 abirent,
1903 4144 1958 4202 et
1987 4149 2160 4206 lucre-

565 4216 667 4270 tica
699 4220 1081 4272 communione
1122 4219 1515 4287 polluerentur.

635 4287 711 4355 (α)
750 4287 854 4342 Sex
888 4305 1017 4343 tuss.
1049 4300 1382 4346 assumerent.

635 4358 712 4432 (ρ)
751 4358 812 4432 Ill
851 4361 1242 4431 antiquioribus
1291 4378 1421 4417 tnss.
1477 4361 1593 4416 Vat.
1641 4363 1779 4432 bas.,
1829 4361 2052 4420 Carnttt.
2109 4373 2165 4421 et

560 4429 740 4493 Cnlb.,
772 4427 963 4485 Deciis.

624 4500 699 4574 (ς)
714 4501 856 4574 Lips.
875 4515 930 4557 et
944 4503 1063 4558 Par.
1075 4545 1086 4567 ,
1103 4523 1132 4558 a
1148 4504 1472 4574 dignatione:
1490 4505 1841 4562 renitentibus
1855 4508 1972 4563 aliis
1988 4509 2160 4564 libris.

631 4572 804 4649 (αλιι,
838 4590 977 4649 mss._
1018 4576 1086 4628 At:
1111 4572 1221 4649 de,—
1251 4593 1355 4630 non
1407 4579 1516 4630 lucc
1562 4577 1642 4630 de.
1680 4577 1796 4632 Mox
1833 4578 1973 4649 apud
2003 4581 2160 4646 Bad.,

2265 3323 2632 3380 destinatum?
2663 3324 2769 3377 Aut
2797 3322 3100 3393 regenerati
3133 3336 3327 3377 omnes
3357 3336 3464 3377 non
3495 3334 3612 3376 vere
3640 3318 3721 3373 Dei
3745 3313 3816 3369 lilii

2266 3428 2413 3486 sunt,
2461 3429 2554 3472 aut
2585 3417 2761 3488 angeli
2806 3432 3015 3482 omnes,
3063 3431 3161 3487 per
3197 3415 3478 3472 Christum
3519 3413 3685 3484 utique
3716 3425 3821 3466 con-

2267 3512 2388 3576 diti,
2423 3526 2529 3564 non
2575 3518 2700 3565 ante
2725 3509 2906 3565 omnia
2937 3517 3180 3579 tempora
3207 3520 3264 3565 et
3291 3519 3420 3566 ante
3445 3510 3614 3565 omnia
3639 3503 3820 3562 omnino

2265 3606 2462 3661 saecula
2476 3614 2600 3659 sunt
2619 3605 2824 3662 creati?
2847 3603 2942 3676 (ut)
2965 3603 3164 3659 Verum
3191 3602 3256 3658 ad
3281 3602 3644 3660 antichristum
3665 3595 3820 3654 minori

2267 3701 2465 3755 invidia
2499 3699 2950 3754 introducendum
2974 3739 2989 3764 ,
3019 3697 3347 3768 miserisque
3377 3696 3719 3755 credendum,
3745 3689 3819 3743 tri-

2265 3795 2436 3850 buunt
2479 3793 2693 3850 Christo
2742 3792 2834 3848 Dei
2878 3807 3116 3858 nomen;
3159 3791 3285 3862 quia
3325 3791 3430 3847 hoc
3476 3799 3528 3847 et
3567 3784 3822 3843 hominibus

2269 3945 2441 4008 artem
2489 3935 2543 3990 in
2575 3935 2903 4008 Ariminensi
2949 3934 3161 4008 synodo
3202 3933 3346 4005 apud
3378 3932 3648 4008 Athanasi.
3671 3926 3747 3980 lib.
3769 3923 3821 3977 de

2267 4007 2497 4077 Sytmtl.,
2540 4024 2594 4078 p.
2646 4006 2774 4073 876,
2825 3999 3554 4065 Conclamabantvcatholici,
3600 3999 3700 4056 Nos
3742 4013 3820 4048 ηοη

2268 4080 2516 4152 quiaftde
2539 4079 2904 4148 indigeremus,
2933 4078 3421 4152 ΙξιιιξγεοηυεηὶηιιιδἈ
3448 4085 3548 4130 etc.
3673 4140 3721 4152 Δ.
3762 4141 3770 4149 _
3799 4136 3821 4152 _.

2343 4140 2425 4222 (gl
2464 4152 2585 4205 l’ar.
2615 4140 2738 4206 cum
2787 4140 2903 4207 ms.
2937 4151 3095 4207 Colb.
3140 4167 3169 4204 a
3217 4150 3426 4206 reCenti
3471 4161 3641 4223 manu,
3667 4140 3821 4199 Christi

2269 4240 2473 4278 nomine

2345 4293 2424 4366 (It)
2466 4295 2593 4350 Mss.
2628 4295 2901 4366 ﬁguratus.
2937 4295 3107 4350 Aliter
3130 4292 3329 4366 legitur
3359 4292 3514 4365 paulo
3542 4286 3756 4360 superius
3779 4289 3820 4334 ct

2270 4367 2426 4422 initio
2457 4366 2576 4422 libri
2610 4368 2662 4421 in
2691 4370 2969 4422 Ceustant.

2347 4438 2406 4509 (i)
2448 4438 2525 4492 lta
2569 4455 2699 4494 mss.
2749 4441 2818 4494 At
2851 4439 3012 4505 editi,
3053 4438 3330 4492 hau'editas
3362 4435 3620 4509 nominis:
3644 4438 3691 4486 et
3723 4438 3818 4509 mos

2272 4501 2658 4581 post'Lipsium
2704 4512 2854 4576 Pan,
2898 4501 3248 4582 successioque
3295 4510 3530 4579 deﬂuxit.
3563 4506 3674 4582 ch
3709 4509 3753 4582 ut
3779 4501 3820 4548 ct

2269 4575 2554 4652 superiora
2589 4585 2654 4638 ad
2687 4575 3040 4640 Ariminensis
3084 4575 3298 4638 concilii
3345 4575 3493 4652 gesta
3540 4575 3815 4633 referuntur-

867 4656 922 4725 et
966 4647 1019 4700 in
1057 4648 1295 4725 quinque
1334 4665 1489 4725 ntss.,
1543 4665 1816 4717 numquam
1859 4643 2155 4722 deperdita).

2271 4643 2502 4709 Ta'ntnm
2534 4658 2734 4708 otttittit
2763 4654 2994 4709 l-lilarius
3025 4643 3404 4725 Demophiluin
3426 4695 3438 4708 .
3473 4666 3624 4725 quem
3653 4655 3819 4725 mentuq-

559 4715 618 4772 ln
662 4715 978 4772 Michaelin
1023 4715 1218 4773 autem
1249 4721 1318 4773 ab
1368 4720 1554 4775 eadem
1595 4715 1755 4775 manu
1786 4735 1836 4776 et
1881 4715 1933 4776 in
1964 4726 2154 4778 eodem

559 4800 812 4866 contextu
857 4790 1124 4866 adjicitur,
1173 4794 1270 4855 vel,
1319 4809 1452 4866 nunc
1491 4810 1640 4866 quant
1673 4796 1949 4864 deperdita:
1976 4811 1994 4849 :
2024 4812 2158 4866 quo-

561 4859 724 4915 mnt‘lo
757 4861 1036 4931 legendum
1073 4863 1330 4918 Erasmus
1372 4864 1436 4918 ad
1471 4859 1761 4932 marginctit
1805 4859 2065 4928 a~seruit'.
2098 4884 2160 4923 ac

563 4940 685 5001 post
727 4948 848 4987 eum
897 4935 1072 5006 legere
1111 4935 1256 5004 Lips.
1297 4947 1349 4990 et
1378 4936 1497 4991 Par.
1531 4938 1700 4993 llabet
1731 4954 1830 4992 ms.
1868 4939 1980 4993 bas.
2012 4939 2154 5005 \’at.,

560 5007 864 5080 nuncpalde
893 5007 1106 5076 perdita:
1129 5025 1147 5063 :
1171 5009 1260 5064 ubi
1291 5025 1356 5063 ex
1381 5009 1599 5064 Carnut.
1630 5011 1964 5080 reponimus,
1994 5028 2158 5064 nunc-

556 5093 656 5148 que
682 5077 978 5146 deperdita).

630 5147 701 5293 (eg
745 5151 882 5206 Editi
903 5193 917 5216 ,
950 5153 1392 5223 incircumscripta
1421 5169 1440 5206 :
1471 5153 1827 5208 emendantur
1852 5168 1920 5208 ex
1953 5168 2082 5208 mss.

633 5226 682 5293 (f
741 5221 920 5277 Miraeo
949 5226 1117 5293 magis
1167 5226 1362 5293 placuit
1390 5241 1534 5290 vero,
1569 5225 1957 5280 reluctantibus
1983 5242 2082 5280 omt

633 5221 701 5294 (Ῑ)
741 5221 920 5295 Mincii
949 5226 1117 5295 magis
1167 5221 1362 5295 placuit
1390 5241 1534 5290 vero,
1569 5225 1957 5280 reluctantibus
1983 5227 2160 5281 omni-

558 5293 660 5349 bus
705 5294 981 5362 veteribus
1017 5293 1179 5350 libris
1213 5314 1225 5349 :
1272 5310 1370 5365 nec
1399 5295 1654 5364 deinceps
1695 5297 1988 5365 castigatus
2020 5296 2159 5364 fuit;

561 5366 809 5436 quamvis
829 5367 913 5421 hic
935 5367 1118 5422 llilarii
1138 5364 1402 5438 sententia
1427 5382 1529 5420 nou
1551 5382 1612 5421 ea
1635 5365 1725 5433 sit,
1746 5379 1800 5420 tit
1820 5364 2021 5422 incerta
2047 5371 2162 5438 epi-

562 5439 652 5490 nio
669 5447 1024 5506 anteponatur
1050 5437 1284 5503 veritati,
1309 5437 1402 5492 sed
1428 5447 1486 5492 ut
1501 5438 1642 5506 quod
1667 5455 1848 5492 verum
1867 5454 1930 5493 ac
1949 5437 2156 5495 certam

559 5515 680 5571 est,
711 5510 777 5562 ab
807 5511 1017 5566 Arionis
1057 5519 1388 5579 proponatur
1414 5509 1561 5563 velut
1602 5513 1804 5564 incerta
1848 5512 2050 5578 Opinio.
2086 5512 2160 5567 De

577 5581 914 5653 generatione
941 5585 1083 5637 enim
1115 5581 1392 5653 Filii,quia
1418 5581 1790 5636 inenarrabilis
1817 5592 1980 5637 esset.
2013 5579 2162 5639 nole-

577 5599 914 5636 'CnCl‘:llltlllC
941 5599 1083 5637 enim
1115 5599 1142 5635 ιε
1160 5599 1253 5647 llll,
1271 5599 1392 5653 quta
1418 5599 1790 5636 lllellal'rallllls
1817 5599 1980 5637 eSSCI.
2013 5599 2162 5639 "Ole-

561 5599 697 5706 bant
739 5651 1026 5724 quidquam
1074 5653 1309 5709 definiri.
1357 5654 1504 5720 Quos
1552 5653 1794 5722 sigillans
1838 5653 2162 5710 l’htebadius

564 5723 763 5796 Agar,
787 5724 934 5778 Illud
956 5737 1143 5791 autem,
1160 5726 1350 5796 inquit,
1377 5725 1489 5796 quis
1515 5728 1649 5796 ferre
1669 5725 2022 5795 wquauinzitcr
2046 5745 2164 5796 pos-

561 5794 648 5868 sit,
675 5804 726 5846 ut
746 5812 892 5868 quem
915 5797 1114 5868 initium
1135 5794 1316 5851 habere
1344 5794 1594 5868 proicerto
1617 5794 1831 5868 ponunt,
1852 5798 2007 5867 hujus
2031 5794 2162 5853 nati-

564 5865 769 5918 vitatem
790 5867 1007 5921 habeant
1027 5867 1079 5922 in
1101 5865 1363 5922 incertum}
1385 5865 1658 5926 Adversas
1675 5865 1925 5925 eamdem
1947 5869 2161 5927 illorum

2267 4707 2394 4779 ratis
2440 4707 2683 4796 adjungit
2722 4707 3224 4789 Athanasius,lib:
3271 4726 3339 4780 de
3390 4707 3613 4796 Synod,
3653 4707 3814 4796 9.8-“-

2273 4790 2550 4867 l't'ttet'ttrtt.
2582 4790 2770 4867 inquit.
2792 4798 2859 4851 ad
2887 4798 3127 4850 eumdum
3150 4790 3636 4867 logumGer'minius,
3657 4790 3818 4867 Αιιπξεης

2265 4870 2385 4944 (ius,
2433 4865 3034 4944 Valens.Demophilus,
3083 4878 3128 4944 et
3183 4865 3362 4922 Gaius.
3414 4866 3494 4920 lbi
3539 4865 3816 4944 σαφηίίξίίίη

2265 4931 2486 5012 (Episcopi
2513 4957 2577 5012 ea:
2597 4942 2758 4993 sacris
2793 4931 2970 4995 litteris
2993 4931 3142 5012 verba
3159 4959 3250 4994 sua
3279 4945 3574 5010 formarent,
3602 4933 3672 5012 illi
3695 4931 3817 5012 char-

2264 5009 2445 5065 tulam'
2473 5010 2846 5078 cxhibuerunt,
2893 5022 2997 5066 etc.
3053 5011 3112 5064 Hi
3165 5009 3355 5068 omnes
3404 5025 3520 5066 eam
3572 5009 3635 5060 ob
3668 5014 3762 5058 rem
3793 5010 3817 5048 ³

2265 5085 2472 5154 synodo
2497 5086 2948 5138 exentnntnnicati
2985 5083 3252 5152 leguntur.

2340 5156 2416 5227 (j)
2461 5155 2686 5217 Excusi,
2735 5171 2844 5210 esse
2893 5172 3006 5211 eum
3035 5143 3401 5226 vprcestantem,
3456 5151 3646 5209 omisso
3687 5143 3817 5199 verbo

2268 5236 2538 5295 potentem,
2575 5227 2718 5296 quod
2750 5229 2948 5283 habent
2976 5242 3168 5282 omnes
3199 5245 3328 5283 mss.

2339 5295 2415 5373 (Ir)
2445 5299 2500 5373 lu
2523 5295 2623 5353 ms.
2655 5300 2834 5367 Colh.,
2867 5315 2981 5369 qua:
3006 5297 3144 5354 Deus
3169 5310 3262 5354 est.
3363 5372 3366 5373 ν
3597 5365 3610 5373 _
3671 5363 3681 5373 _

2271 5392 2282 5442 ί
2445 5370 2559 5426 Vox
2582 5361 2899 5440 wternitatis',
2919 5381 2971 5426 et
2994 5386 3116 5424 mox
3149 5372 3408 5442 particula
3433 5385 3552 5433 non,
3581 5361 3812 5420 desidera-

2269 5439 2461 5515 bantur
2477 5445 2669 5515 inaute
2686 5439 3334 5515 vulgatis.Deangelorum
3352 5451 3475 5515 ante
3493 5450 3704 5515 tempora
3717 5442 3814 5515 cio-ll:

2269 5512 2472 5586 ditione
2488 5497 2708 5582 videsis,
2731 5497 2932 5585 pf’tsa,
2950 5522 3062 5567 not.
3092 5497 3123 5566 b’
3136 5513 3264 5586 (not.
3283 5514 3426 5568 ccol.
3443 5510 3548 5586 4.35
3565 5497 3680 5563 ubst.
3695 5497 3813 5586 eam

2343 5585 2436 5660 (ut)
2479 5586 2695 5650 Excusi,
2732 5583 2743 5585 7
2769 5586 2952 5660 Verum
2981 5583 3341 5660 antichristum
3397 5585 3610 5638 arbitror
3660 5583 3810 5660 ηξξιξρξξ

2265 5643 2482 5725 invidia,
2516 5643 2806 5728 suppresso
2831 5658 2919 5722 ad,
2944 5667 2998 5711 et
3017 5657 3200 5712 addito
3230 5658 3449 5712 arbitror
3477 5663 3658 5726 praeter
3683 5643 3812 5728 [idem

2271 5744 2401 5783 mss.
2429 5717 2485 5784 et
2508 5717 2694 5783 llil'i'rii
2713 5717 3034 5785 sententiam
3063 5746 3076 5784 :
3109 5738 3339 5801 quamut
3359 5717 3812 5801 conciliaretGetll"

2269 5802 2389 5874 gius
2417 5801 2618 5862 Bullus,
2653 5816 2745 5870 pro
2777 5801 2991 5867 invidia,
3027 5795 3309 5874 legendum
3338 5816 3463 5859 esse
3500 5795 3699 5871 perﬁdia
3721 5799 3812 5855 0P"

2272 5873 2523 5929 nubatur.
2556 5874 2752 5943 Aperta
2779 5881 2959 5932 autem
2989 5875 3050 5932 tit
3078 5889 3183 5946 ope
3212 5888 3339 5931 mss.
