3996 6330
329 328 435 396 6i!

1402 296 1407 303 ’
1476 341 1680 407 uasa
1709 335 1991 409 CONTRA
2031 342 2469 415 AUXENTIUM.

3543 368 3647 432 694

325 453 398 509 sit
437 454 696 511 tributum
731 470 746 511 :
789 452 1028 513 fatentur
1051 470 1179 514 vere
1214 458 1307 515 Dei
1354 459 1558 530 ﬁlium;
1593 463 1718 535 quia
1754 478 1937 520 sacra-
1962 478 2010 540 Α
2042 463 2296 536 Magistro
2324 467 2602 540 prmcepit,
2648 472 3055 533 considentibus
3097 491 3201 532 una
3227 478 3505 536 nobiscum
3536 485 3651 553 cpi-

326 555 513 601 mento
538 546 788 617 baptismi
817 564 950 605 vere
977 550 1075 606 Dei
1115 550 1256 607 ﬁlius
1296 555 1668 627 unusquisque
1714 557 1931 627 perﬁci-

326 645 414 691 tur
448 653 462 692 :
496 650 625 696 ante
672 649 917 711 tempora
962 651 1019 697 et
1047 644 1245 700 smcula
1286 646 1657 714 conﬁtentur;
1691 650 1833 721 quod
1864 651 1932 707 de

321 732 531 802 angelis
555 742 716 805 atque
742 735 960 793 diabolo
989 747 1073 794 est
1098 754 1206 795 non
1236 741 1565 812 negandum.
1597 742 1672 799 Ita
1704 745 1931 800 Domino

322 821 545 882 Christo
566 827 688 884 sola
713 829 803 885 illa
838 831 1168 898 tribuuntur,
1199 849 1320 906 quae
1347 843 1477 891 sunt
1499 837 1586 892 vel
1616 837 1928 909 angelorum

322 924 565 991 propria.
607 922 694 978 vel
723 933 929 979 nostra.
961 924 1253 994 Cancrum,
1284 925 1369 1001 (α)
1399 929 1545 998 quod
1577 931 1687 987 Deo
1707 928 1930 987 Christo

315 1011 618 1084 legitimum
648 1025 702 1071 et
727 1032 917 1074 verum
946 1029 1052 1087 est,
1084 1020 1332 1077 Christus
1362 1021 1505 1079 Deus
1531 1039 1713 1090 verus,
1740 1025 1791 1080 id
1820 1034 1926 1091 est,

318 1108 513 1164 eadem
540 1125 663 1167 esse
691 1110 813 1167 Filii
856 1129 975 1184 qua:
1015 1112 1192 1170 Patris
1220 1115 1474 1173 divinitas
1511 1119 1828 1192 denegatur.
1862 1122 1932 1178 Et

318 1201 483 1273 hujus
531 1204 751 1276 quidem
802 1222 975 1277 usque
1016 1207 1194 1264 adhuc
1250 1209 1328 1283 (ὁ)
1380 1209 1678 1281 impietatis
1735 1213 1928 1273 fraude

318 1297 621 1367 perﬁcitur,
650 1311 709 1355 ut
732 1299 846 1371 jam
871 1301 971 1358 sub
991 1301 1300 1359 antichristi
1326 1304 1699 1362 sacerdotibus
1723 1306 1929 1365 ChriSIi

316 1391 553 1462 populus
592 1408 702 1447 non
747 1394 977 1460 occidat,
1026 1394 1155 1450 dum
1198 1396 1300 1451 hoc
1342 1407 1531 1469 putant
1583 1399 1659 1454 illi
1702 1401 1773 1473 (c)
1803 1400 1928 1457 ﬁdei

313 1502 463 1553 esse,
496 1488 641 1559 quod
672 1488 821 1545 vocis
840 1501 942 1545 est.
968 1488 1209 1547 Audiunt
1237 1492 1401 1547 Deum
1422 1491 1697 1549 Christum
1723 1510 1737 1561 ;
1764 1495 1925 1569 597

311 1588 513 1653 putant
537 1598 658 1638 esse
693 1582 837 1655 quod
877 1583 1096 1640 dicitur.
1122 1585 1360 1643 Audiunt
1387 1587 1554 1644 litium
1582 1589 1707 1655 Dei;
1736 1600 1927 1660 putant

310 1674 370 1730 in
402 1674 496 1733 Dei
532 1676 816 1732 nativitate
844 1677 1026 1734 inesse
1058 1678 1151 1734 Dei
1182 1680 1491 1736 veritatem.
1524 1679 1770 1737 Audiunt
1796 1692 1925 1741 ante

311 1775 596 1840 tempora;
649 1778 843 1838 putant
878 1770 1112 1842 idipsum
1153 1782 1283 1829 ante
1331 1782 1573 1847 tempora
1604 1789 1747 1846 esse,
1778 1778 1922 1848 quod

2036 561 2216 631 scopis
2254 560 2368 619 fere
2399 564 2605 621 decem.
2649 566 3019 639 Primumque,
3049 581 3107 627 ut
3148 573 3200 627 in
3243 573 3360 629 foro
3389 576 3546 643 solet,
3581 576 3650 633 de

2036 670 2269 726 persona
2308 658 2671 716 calumniatus
2693 671 2798 732 est,
2822 664 3135 722 damnatum
3163 666 3230 741 ff)
3256 668 3529 740 quondam
3562 686 3650 727 me

2032 763 2061 802 a
2089 747 2404 816 Saturnino,
2438 752 2608 809 audiri
2642 765 2698 811 tit
2741 758 3056 829 episcopum
3082 777 3189 816 non
3222 773 3497 833 oportere.
3527 764 3649 821 Non

2031 849 2280 898 estnunc
2303 846 2584 915 temporis,
2618 847 2745 918 quid
2776 850 2841 904 ad
2867 855 2982 907 haec
3020 868 3340 923 I'CSleIISllm
3364 855 3456 921 sit,
3483 873 3646 912 enar-

2032 948 2153 989 rare
2187 952 2200 988 :
2232 936 2328 992 sed
2353 938 2448 1009 qui
2481 948 2592 993 tum
2631 940 2956 1010 audiebant,
2991 944 3058 1000 de
3085 943 3193 1001 fide
3223 946 3422 1017 potius,
3447 959 3505 1003 ut
3531 948 3646 1021 regi

2031 1027 2333 1097 placuerat,
2382 1030 2695 1102 agitandum
2725 1050 2850 1091 esse
2892 1036 3216 1094 decernunt.
3258 1039 3505 1114 Cumque
3533 1042 3643 1113 jam

2030 1122 2084 1176 in
2108 1129 2260 1178 arcto
2301 1135 2450 1181 esset
2495 1128 2729 1198 negandi
2775 1125 2853 1202 (g)
2900 1131 3239 1202 perieulum;
3306 1134 3536 1192 credere
3585 1150 3647 1192 se

2029 1215 2337 1273 Ausentius
2368 1218 2647 1277 Christum
2671 1222 2840 1277 Deum
2873 1239 3085 1293 verum,
3110 1233 3167 1281 et
3195 1228 3354 1284 unius
3381 1244 3504 1284 cum
3536 1230 3647 1285 Deo

2031 1321 2186 1382 patre
2217 1314 2516 1372 divinitatis
2544 1327 2599 1374 et
2638 1320 2955 1377 subSIantize
2997 1330 3083 1378 est
3113 1322 3409 1394 professus.
3440 1324 3649 1382 Placuit

2028 1404 2195 1476 igitur
2227 1406 2329 1464 hoc
2358 1409 2521 1466 scribi
2551 1453 2565 1479 ,
2610 1420 2664 1466 et
2708 1428 2776 1468 ne
2822 1415 3106 1470 memoriis
3158 1415 3493 1493 audientium
3524 1432 3645 1487 qum

2028 1499 2170 1554 dicta
2199 1511 2385 1558 essent
2413 1504 2789 1574 elaberentur,
2822 1509 3084 1565 continuo
3125 1510 3366 1567 libellum
3402 1514 3516 1585 regi
3549 1527 3647 1584 per

2027 1590 2362 1659 Quiestorem
2405 1595 2596 1664 oil‘ero,
2626 1615 2734 1668 quo
2757 1600 2882 1669 quid
2929 1605 3298 1671 convenisset,
3332 1605 3645 1661 continere.

2029 1692 2118 1740 tur
2148 1704 2163 1741 :
2198 1697 2253 1743 et
2284 1703 2354 1744 ne
2392 1690 2519 1759 quid
2566 1693 2785 1749 mentiri
2836 1707 3069 1765 arguar,
3099 1696 3342 1766 ejusdem
3392 1698 3641 1769 exempla

2026 1777 2255 1848 subjeci.
2282 1780 2468 1838 Placet
2488 1784 2739 1839 erunibus
2763 1784 3093 1843 Auxentium
3118 1789 3236 1847 haec
3265 1791 3377 1861 ipsa
3398 1791 3642 1863 proﬁteri

307 1875 532 1931 semper
578 1870 681 1918 est.
734 1862 1046 1920 Sanetiores
1091 1880 1251 1922 aures
1295 1866 1505 1937 plebis,
1549 1882 1709 1938 quam
1756 1870 1922 1926 corda
1951 1889 2000 1951 Β
2027 1868 2345 1943 lrequenter
2375 1893 2388 1929 :
2417 1878 2506 1948 qui
2533 1886 2591 1934 ut
2622 1878 2703 1952 (It)
2733 1880 2912 1951 ipsum
2942 1883 3234 1953 scriberet,
3273 1894 3358 1942 est
3397 1862 3636 1944 coactus.

304 1964 439 2010 sunt
463 1955 837 2012 sacerdotum.
869 1956 925 2013 Si
971 1957 1142 2012 Deum
1172 1973 1363 2014 verum
1395 1960 1577 2016 Ariani
1621 1962 1921 2032 praedicant

305 2046 583 2102 Christum
605 2088 619 2112 ,
657 2050 825 2104 Deum
859 2047 978 2105 sine
1004 2047 1195 2106 fraude
1218 2048 1455 2107 confessi
1494 2062 1619 2108 sunt
1650 2069 1664 2107 :
1696 2055 1840 2126 quod
1872 2056 1919 2113 si

304 2139 479 2196 Deum
509 2140 732 2209 dicunt,
763 2149 820 2197 et
855 2149 1053 2212 negant
1078 2157 1267 2199 verum
1292 2159 1309 2210 ;
1340 2144 1584 2202 tribuunt
1611 2161 1831 2216 nomen,
1864 2157 1919 2204 et

302 2231 556 2289 adimunt
585 2231 891 2289 veritatem.

384 2327 437 2381 7.
484 2324 680 2380 Hilarii
725 2342 843 2381 cum
887 2327 1142 2383 Auxentio
1184 2326 1471 2385 Mediolani
1499 2341 1663 2402 gesta.
1708 2332 1918 2388 Auxen-

298 2419 410 2476 sius
463 2420 1047 2477 consubstantialitatem
1100 2424 1394 2493 conﬁtetur.
1450 2456 1524 2467 —
1580 2425 1914 2499 Quamquam

300 2514 469 2586 igitur
516 2515 851 2587 impiissimls
914 2530 1101 2572 eorum
1162 2516 1516 2589 blasphemiis
1577 2520 1754 2590 plenae
1800 2537 1916 2577 om-

302 2626 408 2667 nes
470 2609 551 2685 (d)
599 2612 953 2668 ecclesiarum
1009 2612 1254 2681 chartae,
1308 2614 1558 2685 plenique
1615 2616 1725 2684 jam
1792 2616 1915 2672 libri

300 2702 420 2758 sint
459 2720 473 2758 :
502 2703 628 2775 quid
658 2704 906 2775 proxime
930 2715 1108 2760 tamen
1138 2705 1426 2773 acciderit,
1474 2722 1583 2762 non
1627 2709 1913 2764 tacendum

299 2805 411 2852 est.
445 2797 576 2853 Cum
607 2798 788 2854 edicto
812 2799 964 2868 gravi
1010 2807 1232 2855 satietas
1262 2799 1445 2867 (Cum.
1496 2817 1593 2856 ms.
1638 2803 1916 2859 sanctissi-

301 2891 451 2961 mus)
473 2906 563 2947 rex
594 2892 900 2961 perturbari
930 2892 1216 2950 ecclesiam
1248 2891 1751 2964 Mediolanensium,
1794 2913 1915 2967 quas

302 2986 475 3040 Deum
496 3000 684 3041 verum
707 2984 980 3042 Christum
1005 2994 1060 3042 et
1088 2988 1247 3043 unius
1275 3002 1398 3042 cum
1429 2986 1589 3045 Patre
1620 2989 1916 3049 divinitatis

299 3085 363 3132 ct
381 3078 698 3134 substantiae
718 3078 1027 3147 conﬁtetur,
1057 3080 1160 3136 sub
1190 3079 1416 3135 unitatis
1438 3082 1620 3151 specie
1642 3093 1698 3139 et
1724 3084 1913 3141 volun-

300 3178 417 3226 tate
435 3170 722 3242 jussisset;
757 3172 919 3227 etiam
964 3171 1273 3243 importuna
1322 3174 1758 3245 interpellatione
1784 3192 1913 3250 sug-

295 3265 471 3336 gessi,
501 3266 826 3321 Auxentium
852 3266 1229 3338 blaSphemum
1259 3282 1405 3335 esse,
1437 3278 1492 3323 et
1526 3271 1748 3325 omnino
1787 3272 1914 3328 hos-
1941 3289 1987 3355 ρ
2018 3265 2236 3359 (ἰείη)υὼ
2261 3265 2286 3371 ”

298 3367 414 3412 tem
439 3355 641 3414 Christi
669 3358 975 3415 habendum
1003 3379 1017 3416 :
1047 3359 1214 3432 idque
1242 3360 1438 3432 adjeci,
1463 3377 1588 3418 eum
1608 3364 1769 3422 aliter
1788 3381 1913 3425 cre-

296 3451 456 3519 dere,
480 3466 642 3524 quant
684 3468 777 3508 rex
822 3454 958 3524 ipse,
988 3464 1079 3509 aut
1121 3454 1210 3510 alii
1243 3470 1434 3512 omnes
1477 3456 1759 3515 haberent.
1783 3461 1917 3528 Qui-

298 3542 408 3600 bus
456 3543 529 3617 (e)
577 3560 672 3602 rex
720 3556 1043 3619 permotus;
1095 3547 1274 3604 audiri
1320 3563 1424 3604 nos
1466 3563 1499 3606 a
1543 3548 1827 3618 Qumstore
1860 3563 1918 3612 et

376 3731 460 3808 (ᾳ)
489 3730 600 3808 με.
648 3731 847 3808 μίᾳιιτ,
895 3733 1034 3805 quod
1093 3734 1157 3808 de
1206 3734 1409 3808 Christo
1440 3735 1627 3807 :quod
1668 3738 1905 3808 primum

296 3804 600 3882 arridebat.
641 3805 901 3882 Seddata
937 3807 1235 3882 opera_Dei
1265 3804 1705 3882 Christijtotueu
1734 3826 1908 3882 repe-

298 3885 419 3931 tcre
460 3874 674 3931 videtur
703 3874 1062 3943 llilarius,_ttt
1090 3877 1409 3948 dignitatem
1440 3878 1586 3935 illius
1617 3893 1670 3937 et
1710 3874 1907 3939 divi-ui-

297 3955 470 4020 tatcm
499 3950 667 4020 magis
695 3966 755 4003 ac
787 3952 955 4020 magis
984 3951 1235 4007 inculcet.

378 4017 453 4089 (b)
496 4019 660 4097 βαίη,
692 4017 975 4097 impietatis
997 4023 1196 4097 occasio
1221 4038 1313 4092 per
1333 4022 1570 4097 fraudem
1598 4025 1861 4097 perficitur
1889 4042 1909 4083 :

300 4106 470 4160 prava
491 4090 909 4162 interpolatione
929 4090 1295 4149 obscuriorem
1316 4090 1553 4151 reddunt
1570 4090 1755 4152 Hilarii
1783 4112 1907 4154 sen-

298 4162 530 4238 tentiam
556 4203 570 4229 ,
613 4180 713 4234 qua
747 4165 999 4238 observat
1026 4165 1309 4222 haereticos
1337 4165 1438 4221 sub
1459 4169 1640 4223 verbis
1670 4168 1771 4238 piis
1800 4170 1903 4224 im-

300 4235 561 4306 pietatem
592 4249 741 4308 suant
769 4236 839 4290 ita
864 4237 1070 4305 velare,
1098 4244 1155 4291 ut;
1178 4237 1303 4291 dum
1329 4239 1508 4308 populi
1531 4235 1717 4296 eorum
1740 4243 1901 4296 verba

296 4305 365 4361 ut
414 4314 610 4361 sonant
659 4305 1003 4380 intelligunt,
1056 4305 1610 4380 pravitate—ipsorum
1662 4312 1899 4368 nondum

293 4389 740 4453 corrumpantur.
762 4378 1024 4453 Apposite
1044 4378 1568 4453 Athanasius,‘epist.
1585 4383 1652 4438 ad
1668 4384 1900 4452 Epictet,

299 4466 363 4521 ρ.
394 4450 502 4505 582
532 4448 553 4524 ἐΔ
580 4448 714 4506 Istos
736 4448 1015 4522 lucifugas,
1056 4454 1142 4524 qui
1174 4469 1283 4508 sese
1312 4448 1589 4509 etiamnum
1625 4448 1905 4519 occultant,

294 4533 355 4585 et
384 4538 500 4592 quin
519 4521 632 4577 Arii
657 4534 777 4579 sunt
801 4526 1026 4590 sapiunt,
1060 4521 1374 4580 Auxentium
1402 4527 1518 4581 dico
1551 4526 1907 4582 Mediolmcen-

298 4611 436 4658 sem,
490 4594 785 4663 Ursacium,
838 4594 1124 4661 Valentem,
1165 4595 1355 4651 Gaium
1402 4615 1432 4651 a
1486 4596 1761 4655 Pannonia
1802 4617 1906 4655 uno

296 4751 481 4794 serunt
512 4737 743 4793 Consilia
784 4742 837 4794 in
865 4738 1071 4813 Galliis,
1115 4738 1387 4810 Hispaniis
1420 4753 1464 4796 et
1496 4737 1909 4813 magnwiliomte

300 4824 637 4883 congregata.
661 4813 976 4879 llujusmodi
1003 4812 1218 4867 t‘rautles
1243 4812 1595 4881 praeverteris.
1615 4813 1707 4871 0r.
1727 4831 1741 4868 ι
1758 4825 1902 4869 euut.

299 4883 522 4944 Arium,
555 4901 606 4953 p.
636 4884 764 4947 291,
792 4884 903 4939 ait:
931 4884 990 4938 Si
1017 4883 1265 4940 dictiones
1292 4900 1357 4940 es
1377 4885 1538 4939 sacris
1565 4886 1748 4941 litteris
1775 4888 1907 4942 scri—

300 4953 452 5020 bant,
493 4971 557 5009 ne
601 4956 942 5011 sustinueritis
988 4956 1084 5009 hoc
1131 4972 1285 5025 genus
1320 4958 1631 5023 scriptorum
1662 4974 1680 5011 :
1710 4960 1909 5013 etiamsi

300 5041 456 5099 roses
481 5026 780 5082 orthodoxa:
808 5027 928 5097 ﬁdei
956 5028 1251 5098 loquantur,
1282 5045 1344 5081 ne
1371 5029 1444 5082 ita
1465 5030 1671 5097 quidem
1699 5031 1910 5099 loquen-

302 5097 444 5153 tibus
471 5099 735 5171 attendite.
768 5099 889 5153 Non
930 5097 1065 5153 enim
1102 5110 1239 5153 recto
1265 5102 1437 5171 animo
1479 5097 1779 5171 loquuntur.
1817 5103 1909 5156 sed

304 5171 465 5224 relati
517 5169 816 5229 indumenta
861 5172 1028 5226 ouium
1074 5171 1185 5227 lucc
1222 5170 1375 5226 verba
1425 5169 1724 5244 praeferunt,
1772 5175 1912 5229 intus

303 5250 481 5296 autem
506 5257 620 5304 ante
648 5243 761 5298 Arii
789 5253 910 5298 sunt
935 5244 1165 5314 sapiunt,
1193 5243 1625 5314 quemadmodum
1649 5243 1912 5302 htcreseon

304 5314 552 5386 princeps
582 5315 838 5371 diabolus.

334 5442 345 5449 ι
385 5406 459 5480 (ε)
499 5407 655 5480 Apud
684 5408 836 5473 Bad.,
869 5408 960 5464 Er.
987 5450 1001 5476 ,
1031 5408 1150 5465 Mir.
1175 5417 1230 5465 et
1258 5409 1313 5464 in
1343 5423 1443 5465 ms.
1478 5409 1656 5479 Colh.,
1691 5410 1788 5480 ﬁlii
1816 5409 1913 5466 Dei

308 5479 437 5534 esse.
483 5479 602 5534 Non
639 5479 1041 5554 alter'cl'licitur
1067 5497 1281 5547 sensus,
1325 5480 1439 5536 sive
1472 5483 1759 5554 intelligas,
1805 5483 1911 5538 hoc

308 5561 498 5621 putant
512 5566 607 5607 eos
627 5552 851 5625 credere
876 5553 1019 5624 quod
1035 5554 1195 5609 verba
1222 5564 1435 5625 sonant;
1455 5555 1591 5622 sive,
1610 5552 1710 5609 hoc
1727 5564 1914 5625 putant

306 5638 405 5711 eos
426 5626 630 5711 seritire
660 5624 755 5711 lilii
789 5624 880 5711 Dei
906 5640 1060 5711 esse,
1091 5624 1236 5696 quod
1266 5625 1560 5711 illius__esse
1589 5624 1909 5711 praedicant.

382 5694 462 5770 (d)
486 5696 624 5770 Eum
651 5696 719 5751 ad
749 5696 969 5752 modum
994 5694 1372 5770 Hieronymus,
1402 5698 1538 5755 Dial.
1564 5694 1709 5754 cont.
1736 5698 1909 5755 Lucil.

307 5765 766 5842 tle'Ariminensis
795 5769 988 5842 synodi
1012 5765 1301 5842 gestis,'ait
1326 5787 1339 5824 :
1360 5765 1524 5837 Quod
1553 5771 1599 5825 si
1616 5771 1739 5842 quis
1764 5790 1796 5826 a
1822 5788 1915 5826 no—

310 5837 388 5893 bis
415 5840 591 5915 ﬁctum
622 5850 790 5915 putat,
818 5837 1243 5915 ia'inia'publica
1270 5851 1563 5909 scrutetur;
1590 5837 1754 5915 plena:
1792 5851 1916 5899 sunt

308 5920 445 5967 certe
468 5910 797 5970 ecclesiarum
817 5927 971 5970 arae.

1933 4643 1987 4703 Ι)

298 4666 495 4736 spiritu
520 4666 757 4721 incitatos
780 4712 793 4729 ,
827 4669 1081 4756 communi
1110 4669 1311 4756 calculo
1330 4670 1666 4753 anathemate
1700 4688 1909 4756 percus-
1933 4666 1987 4703 "
2012 4666 2262 4756 Μξέιῇξ

2028 1964 2126 2032 Qui
2149 1965 2241 2021 diu
2269 1969 2497 2025 Consilia
2521 1985 2619 2028 sua
2645 1989 2894 2042 versans,
2922 1977 3277 2035 callidissime
3301 1980 3463 2037 tidem
3490 1983 3634 2055 regis

2021 2056 2193 2115 eludit
2222 2059 2352 2117 :dat
2385 2063 2709 2135 scripturam
2739 2069 2883 2141 stylo
2926 2070 3229 2129 antichristi
3258 2075 3632 2146 compositam.

2091 2171 2145 2227 8.
2173 2170 2383 2245 Scripta
2406 2177 2569 2232 eludit
2588 2179 2744 2249 fidem
2766 2199 2919 2252 quant
2947 2189 3214 2259 confessus
3243 2198 3370 2245 erat.
3401 2221 3473 2233 --
3499 2191 3631 2248 Nam

2018 2266 2253 2338 primum
2300 2284 2383 2337 ea,
2420 2288 2539 2343 quas
2581 2273 2643 2347 (i)
2686 2276 2882 2333 Niczeae
2905 2278 3153 2338 Thracia:
3177 2283 3415 2339 omnium
3441 2286 3634 2360 impie-

2021 2366 2101 2413 tas
2130 2359 2466 2429 resolvissct,
2497 2379 2681 2422 sancta
2707 2368 2872 2444 598
2891 2386 3012 2429 esse
3044 2383 3271 2431 testatur
3297 2394 3309 2430 :
3341 2379 3447 2455 vim
3488 2359 3636 2436 scili-

2019 2458 2110 2507 cet
2147 2451 2355 2511 illatam
2399 2457 2693 2532 cpiscOpis,
2727 2462 2908 2519 ﬁdem
2935 2480 3061 2523 esse
3099 2484 3243 2526 vera:
3273 2451 3635 2529 confessionis

2018 2545 2319 2604 afﬁrmans.
2374 2550 2544 2623 Negat
2593 2569 2809 2629 quoque
2856 2570 2915 2613 se
2956 2561 3098 2616 scire
3139 2560 3328 2617 Arium
3365 2580 3378 2617 :
3425 2580 3546 2620 cum
3577 2566 3630 2623 in

2018 2640 2350 2697 Alexandria
2405 2644 2458 2698 in
2510 2644 2585 2719 (j)
2634 2646 2834 2704 Ariona
2887 2650 3147 2718 ecclesia,
3201 2655 3286 2709 cui
3338 2653 3634 2727 Gregorius

2021 2745 2252 2802 prmerat
2277 2778 2291 2804 ,
2325 2740 2610 2812 presbyter
2635 2758 2755 2797 esse
2785 2744 3059 2816 cmpisset.
3092 2744 3199 2803 Sed
3229 2748 3295 2804 de
3322 2750 3634 2807 Ariminen-

2017 2829 2063 2882 si
2095 2831 2325 2900 synodo,
2357 2848 2477 2904 qua:
2513 2835 2582 2890 ab
2612 2836 2865 2894 omnibus
2910 2852 2992 2895 εει
3036 2841 3293 2913 religiose
3333 2843 3630 2913 dissoluta,

2018 2919 2155 2976 nihil
2184 2922 2431 2981 dicamus
2464 2943 2478 2979 :
2509 2933 2716 2984 tantum
2750 2930 2950 2987 diaboli
2995 2945 3300 2991 commenta
3344 2937 3628 3007 pandenda

2016 3023 2163 3072 sunt.
2206 3016 2338 3074 Cum
2369 3020 2663 3092 placuisset
2692 3023 2852 3096 igitur
2880 3028 3043 3085 scribi
3087 3029 3256 3086 Deum
3288 3046 3477 3089 verum
3507 3048 3631 3090 esse

2018 3108 2317 3183 Christum,
2350 3123 2404 3171 et
2433 3117 2590 3172 unius
2633 3132 2754 3174 cum
2786 3130 2942 3190 patre
2981 3120 3278 3181 divinitatis
3306 3136 3470 3198 atque
3499 3127 3631 3183 sub-

2017 3210 2231 3268 stantia:
2271 3228 2393 3270 esse
2422 3233 2435 3268 :
2480 3216 2701 3286 ponitur
2731 3216 2853 3275 talis
2883 3219 2952 3277 ab
2982 3235 3069 3289 eo,
3111 3232 3166 3279 ut
3196 3238 3227 3277 a
3272 3222 3629 3283 callidissimo

2663 3325 2785 3382 qua:
2816 3313 3147 3386 signiﬁcaret
3191 3316 3466 3373 Christum
3510 3322 3629 3377 ante

2023 3397 2194 3452 omnia
2222 3407 2453 3470 tempera
2476 3411 2653 3457 natum
2683 3402 2850 3460 Deum
2878 3422 3051 3462 verum
3090 3409 3259 3479 ﬁlium
3289 3427 3307 3465 :
3342 3421 3399 3467 ut
3438 3428 3633 3471 secun-

2022 3489 2147 3546 dum
2172 3489 2406 3549 Arianos
2424 3496 2616 3551 ueritas
2638 3495 2707 3552 ad
2733 3496 2928 3568 ﬁlium,
2960 3501 3157 3557 nonad
3193 3502 3360 3559 Deutn
3394 3504 3630 3564 referre-

2022 3587 2128 3637 tur.
2160 3581 2228 3638 Et
2259 3593 2316 3639 ut
2342 3583 2503 3657 longe
2542 3589 2716 3658 major
2744 3588 3050 3647 differentia
3080 3590 3241 3666 hujus
3281 3595 3635 3669 signiﬁcatio-

2085 3743 2432 3828 (-e.).lta.mss.
2480 3749 2738 3828 Atediti,
2776 3752 2960 3828 quibus
2991 3756 3144 3812 rebus
3189 3771 3469 3828 permotus.
3512 3764 3627 3822 Rex

2009 3819 2208 3901 aitditis
2256 3819 2345 3885 iis,
2377 3836 2501 3889 quae
2531 3822 2637 3901 ipsi
2673 3825 2750 3901 ab
2780 3819 2986 3901 Hilario
3010 3819 3470 3901 suggerebantur,
3514 3819 3622 3894 non

2011 3888 2188 3954 aliud,
2216 3905 2377 3971 quam
2400 3888 2541 3979 quod
2558 3888 2634 3949 ab
2670 3888 2765 3979 illo
2792 3888 3183 3979 postulantium,
3207 3888 3621 3979 credetidt’isievsi

2012 3964 2337 4043 praecepisse
2378 3980 2392 4015 :
2438 3964 2945 4052 adetiquedubitarj
2994 3964 3199 4052 nequit,
3234 3976 3360 4045 quin
3385 3964 3625 4052 episcopi

2012 4038 2064 4112 in
2092 4048 2158 4112 eo
2183 4048 2476 4102 congressu
2504 4045 2560 4089 ut
2587 4038 2799 4105 judices
2841 4038 3100 4099 sederint.
3138 4038 3389 4112 Quaestor
3415 4038 3545 4104 vero
3572 4038 3625 4107 et

2012 4103 2267 4175 Magister
2294 4112 2503 4161 tantum
2533 4103 2601 4162 ut
2630 4119 2832 4177 testes;
2876 4114 3111 4171 maxime
3130 4103 3251 4172 cwum
3296 4103 3627 4177 Valentinia;

2015 4177 2450 4258 nusipse_,__teste
2480 4181 2790 4258 Ambrosio,
2818 4185 2980 4254 epist.
3010 4202 3133 4251 tm,
3167 4206 3221 4243 n.
3253 4189 3309 4258 2,
3356 4202 3411 4246 et
3460 4195 3629 4252 Soza-

2017 4261 2211 4326 meno,
2241 4248 2337 4326 lib.
2371 4264 2447 4319 vr,
2479 4266 2529 4326 e.
2556 4251 2612 4319 7,
2634 4248 2985 4326 suffragante,
3022 4248 3201 4317 rerum
3233 4248 3626 4323 ecclesiastica-

2013 4332 2133 4374 rum
2161 4319 2421 4390 judicium
2451 4322 2518 4378 ad
2548 4338 2609 4379 se
2637 4319 2860 4382 minime
2882 4319 3155 4398 pertinere
3188 4319 3496 4393 declarat-it.

2085 4410 2158 4501 (fl
2197 4411 2304 4496 sex
2335 4429 2479 4501 "3-88..
2517 4430 2641 4472 cum
2685 4418 2813 4501 ilad.
2836 4461 2851 4487 ,
2884 4420 2978 4477 Er.
3026 4432 3087 4501 _et
3126 4425 3282 4501 Min,
3334 4448 3365 4484 a
3403 4432 3626 4501 quodam

2004 4483 2326 4576 ἕαζυνηξίιο..
2360 4486 2549 4572 Melius
2593 4483 2977 4560 potiorescum
3023 4495 3153 4568 Lips
3180 4511 3235 4555 et
3256 4483 3382 4576 Par.
3405 4483 3629 4576 {445,};

2017 4556 2195 4645 dam‘a
2220 4557 2529 4645 §ntrtrnino.
2565 4556 2622 4645 ,ί
2827 4634 2865 4645 Ἀ
3197 4643 3204 4645 Α
3253 4575 3267 4645 1

2090 4627 2169 4699 (g)
2207 4628 2366 4697 Apud
2391 4631 2534 4699 Min,
2563 4632 2711 4708 Lips.
2743 4644 2798 4691 et
2827 4634 2978 4710 Par.,
3008 4627 3280 4713 periculo?
3303 4645 3625 4720 refraganti-

2090 4715 2116 4755 s
2140 4702 2262 4756 aliis
2294 4702 2470 4759 libris.

2089 4794 2167 4867 (Ιι)
2208 4796 2372 4874 Editi‘,
2421 4798 2917 4874 ipse.Vetustiores
2944 4822 3075 4863 mss.
3108 4807 3228 4865 Vat.
3272 4811 3388 4868 has.
3417 4822 3475 4871 et
3498 4816 3628 4874 Car-

2016 4876 2168 4929 nut.,
2204 4869 2381 4960 ipsud,
2426 4873 2567 4954 qttod
2607 4875 2925 4960 vocabulum
2960 4880 3390 4960 sieetiatnalibi
3428 4869 3626 4960 exp—rii-

2014 4952 2188 5022 tnuul.
2219 4941 2274 4994 in
2301 4941 2512 5028 caeteris
2535 4944 2738 5028 ipsum;
2764 4946 2866 5003 hoc
2892 4959 3000 5028 est,
3019 4952 3184 5028 idem.
3230 4956 3366 5012 llinc
3390 4941 3623 5028 nutrit-9,

2012 5011 2256 5104 argpitur
2285 5054 2299 5077 ,
2348 5014 2490 5104 (1-003
2528 5011 2636 5099 non
2678 5018 2818 5104 idem
2847 5061 2863 5086 ,
2908 5011 3002 5078 sed
3033 5026 3180 5104 aliud
3225 5011 3627 5104 scripsitquani

2014 5086 2281 5155 professus
2318 5096 2412 5176 est.
2441 5084 2752 5176 Proximum
2778 5084 3067 5164 frequenter
3092 5098 3237 5155 idem
3266 5084 3444 5173 sonat,
3477 5084 3623 5176 addit

2015 5168 2201 5211 Curam
2228 5157 2596 5215 multitudine.

2089 5244 2247 5341 (fuit
2298 5263 2399 5341 nmis.
2431 5247 2917 5341 Carnutthicia‘
2945 5270 2998 5315 et
3045 5260 3288 5341 Thracia.
3337 5265 3499 5341 Forte
3522 5286 3623 5341 pro

2018 5315 2190 5413 {Viciae
2218 5319 2279 5402 in.
2302 5318 2551 5406 Thracia,
2600 5315 2764 5382 tacito
2787 5315 3312 5413 verbogesta.
3337 5315 3620 5413 invidae:

2117 5393 2345 5445 omnium
2386 5394 2626 5478 impietas
2655 5415 2718 5453 ea:
2759 5417 2813 5455 se
2849 5392 3102 5478 solvisset.
3151 5392 3621 5478 Sequiniurﬂttrss.

2017 5462 2355 5549 Quamquam
2374 5462 2949 5549 _malletnus,_omnium
2964 5479 3083 5549 jam
3112 5462 3621 5549 pictis—resolvisti}:

2022 5535 2160 5615 Quid
2198 5537 2340 5620 enim
2371 5537 2920 5620 ltoc_sibi_vult_aliud.
2948 5535 3272 5620 quam'quod
3301 5535 3628 5617 ίιὶόίὶείἶὺἧξ

2025 5610 2188 5697 tiatur:
2219 5608 2301 5662 his
2345 5610 2689 5697 verbis,.Sed
2725 5614 2790 5697 de
2813 5608 3127 5697 Aft'mi‘ttensi
3149 5608 3627 5697 ignoscibilis?!)

2022 5679 2257 5761 omnibus
2310 5689 2383 5761 est
2421 5683 2658 5761 religiose
2702 5688 2997 5761 dissoluta?
3043 5679 3206 5749 Eam"
3229 5679 3628 5761 autemrv'ariwivs

2021 5747 2284 5846 ἓΡΡεεξῐξΞ
2307 5747 2776 5846 “Eretriae?”
2793 5759 3073 5846 deseram
3103 5747 3411 5846 δωρέἂῦἑῖ
3440 5747 3625 5846 ιίιῖἶίὶῖ

2022 5837 2147 5894 pag.
2176 5823 2307 5890 262,
2334 5832 2393 5880 et
2416 5825 2778 5900 Hieronymus
2799 5872 2814 5900 ,
2847 5833 2984 5891 Dial.
3015 5823 3216 5897 contra.
3235 5823 3410 5902 Lucil":

2094 5915 2173 5989 (j)
2216 5916 2273 5972 lu
2302 5917 2698 5988 antiquioribus
2726 5923 2904 5999 libris,
2926 5927 3072 5989 Aria.
