3996 6330
291 336 392 391 617

1480 330 1685 387 LIBER
1721 327 1998 386 CONTRA
2037 328 2465 390 AUXENTIUM.

3492 343 3596 402 618

289 466 376 513 tur
409 473 421 507 :
456 452 586 508 mihi
631 460 779 508 certe
807 449 900 507 ille
929 465 1220 520 numquam
1262 448 1407 504 aliud
1443 465 1601 518 quam
1635 448 1882 504 diabolus
1910 452 1964 512 Α
1988 448 2246 517 scriptum
2271 458 2352 503 est
2377 449 2428 503 in
2461 449 2750 520 Evangelia
2780 466 2790 502 :
2819 447 2950 504 Hcce
2971 458 3041 504 est
3064 462 3232 506 autem
3257 454 3358 508 vita
3379 465 3594 525 aeterna,

288 549 427 616 erit,
475 545 595 618 quia
646 545 880 600 Ariauus
905 553 988 598 est
1023 561 1036 597 :
1067 557 1241 613 neque
1275 559 1376 613 pax
1424 542 1729 610 aliquorum
1774 557 1891 595 um-

287 656 449 712 quam
494 639 787 710 optabitur,
822 638 922 694 nisi
951 652 1162 704 eorum,
1214 639 1302 707 qui
1334 636 1630 692 secundum
1682 650 1891 705 patrum

286 746 594 792 nostrorum
624 733 768 805 apud
793 732 1029 788 Nicaeam
1078 739 1387 796 tractatum,
1416 728 1892 785 anatltcmatizatis

285 829 538 899 Arianis,
560 829 835 885 Christum
866 827 1036 884 Deum
1068 842 1256 883 verum
1283 824 1674 897 przedicabuut.
1707 822 1782 896 (a)

397 969 476 1044 (ὸ)
518 967 900 1025 EXEMPLUM
937 962 1396 1023 BLASPHEMLE
1437 960 1790 1020 AUXENTII.

283 1086 619 1143 Bcatissimis
673 1095 727 1142 et
759 1084 1165 1157 gloriosissimis
1220 1081 1634 1153 imperatoribus
1694 1079 1889 1135 Valen-

359 1180 566 1236 tiniano
603 1189 658 1236 et
687 1179 900 1236 Valenti
941 1177 1222 1248 Augustis,
1263 1174 1576 1232 Auxentius
1603 1173 1891 1246 episcopus

358 1276 602 1333 ecclesim
634 1275 705 1345 (c)
729 1273 1009 1329 catholicae
1035 1270 1537 1328 Mediolanensium.

358 1383 446 1446 15.
488 1390 774 1445 Auxentius
806 1389 1072 1444 Itwreticus
1101 1386 1412 1458 appellatus.
1462 1415 1534 1426 —-
1575 1403 1595 1436 ι
1632 1384 1745 1456 Ego
1773 1384 1894 1456 qui-

279 1482 428 1548 dem,
456 1482 677 1552 piissimi
708 1481 1086 1552 Imperatores,
1120 1480 1332 1534 aestimo
1346 1492 1455 1533 non
1486 1485 1738 1548 oportere
1768 1491 1892 1532 sex-

278 1587 563 1636 centorum
593 1577 972 1648 episcoporum
1004 1575 1265 1630 unitatem
1299 1581 1423 1644 post
1465 1581 1644 1627 tantos
1676 1570 1890 1626 labores

277 1687 348 1728 ex
387 1670 735 1728 contentione
766 1683 1057 1741 paucorum
1100 1666 1379 1722 hominum
1427 1663 1674 1721 refricari
1705 1664 1784 1734 (ιι)
1822 1661 1891 1717 ab

278 1765 504 1836 objectis
531 1771 658 1818 ante
698 1777 869 1818 annos
894 1761 1106 1827 decem,
1138 1760 1279 1815 sicut
1305 1770 1359 1814 et
1402 1759 1604 1830 scripta
1635 1755 1890 1813 manifes-

1996 550 2048 592 ιιι
2079 552 2387 611 cognoscant
2416 552 2461 594 te
2491 542 2656 595 solum
2682 558 2853 595 verum
2885 540 3051 596 Deum
3079 586 3092 609 ,
3141 555 3186 597 rt
3218 563 3364 614 quem
3413 551 3596 604 misisti

1992 632 2170 690 Iesum
2229 634 2486 690 Christum
2533 633 2710 708 (Joan.
2770 652 2901 704 xvu,
2948 637 3022 708 3).
3069 638 3171 694 Per
3226 626 3401 709 ipsum
3448 643 3592 698 enim

1994 729 2172 783 omnia
2207 727 2341 784 facta
2375 738 2520 796 sunt,
2553 727 2784 785 visibilia
2812 740 2862 786 et
2895 731 3204 787 invisibilia.
3234 733 3337 804 Qui
3367 735 3596 792 descen-

1993 821 2072 876 dit
2117 821 2186 878 de
2213 823 2368 878 εωιίδ
2397 823 2672 879 voluntate
2703 823 2874 879 Patris
2907 837 3128 897 propter
3169 840 3412 885 nostram
3451 832 3597 887 salu-

1996 926 2125 984 tem,
2154 926 2310 972 natus
2335 917 2404 973 de
2433 916 2637 988 Spiritu
2665 924 2854 972 sancto
2881 927 2934 973 et
2962 917 3128 975 Maria
3152 920 3371 993 Virgine
3395 939 3595 980 secun-

1994 1011 2120 1066 dum
2161 1028 2405 1081 carnem,
2439 1013 2579 1068 sicut
2613 1013 2875 1085 scriptum
2913 1025 3027 1078 est.
3058 1025 3108 1072 et
3139 1018 3454 1076 crucifixum
3492 1022 3594 1077 sub

1993 1105 2185 1162 Pontio
2213 1107 2408 1174 Pilato,
2439 1109 2732 1178 sepultum,
2766 1109 2921 1164 tertia
2946 1109 3032 1165 die
3058 1112 3425 1170 resurrexisse
3446 1157 3459 1179 ,
3499 1115 3598 1168 ad-

1993 1200 2270 1256 scendisse
2298 1201 2350 1255 in
2381 1201 2568 1267 caelis,
2599 1202 2790 1258 sedere
2817 1202 2884 1257 ad
2922 1203 3198 1259 dexteram
3236 1205 3430 1273 Patii<,
3465 1223 3599 1264 ven-
3684 1264 3692 1269 ,

1995 1301 2198 1356 turum,
2219 1293 2464 1364 judicare
2513 1294 2664 1350 vivos
2705 1303 2759 1350 et
2806 1305 3066 1350 mortuos.
3117 1296 3183 1350 Et
3233 1298 3283 1352 in
3333 1298 3593 1368 Spiritum

1993 1395 2240 1442 sanctum
2287 1387 2651 1457 paraclctum,
2681 1403 2841 1456 quem
2885 1387 3031 1443 misit
3069 1389 3326 1445 Dominus
3363 1403 3415 1446 ct
3454 1393 3596 1447 Deus

1995 1491 2178 1538 noster
2207 1481 2444 1538 salvator
2471 1481 2630 1538 Jesus
2663 1483 2827 1554 602
2863 1483 3110 1538 Christus
3144 1483 3444 1555 discipulis,
3477 1485 3601 1556 Spi-

1993 1576 2154 1630 ritum
2183 1577 2447 1632 veritatis.
2473 1576 2562 1631 Sic
2586 1576 2812 1635 credidi.
2839 1587 2892 1630 et
2911 1575 3096 1642 credo,
3114 1575 3272 1633 sicuti
3293 1589 3347 1634 et
3373 1578 3596 1635 adscen-

1991 1668 2125 1724 dens
2155 1669 2208 1725 in
2238 1670 2407 1725 ccelos
2432 1671 2621 1725 unicus
2653 1668 2793 1723 filius
2817 1668 2912 1724 Dei
2943 1669 3160 1725 tradidit
3189 1670 3492 1742 discipulis,
3515 1673 3598 1729 di-

1992 1779 2119 1820 cens
2156 1783 2169 1818 :
2200 1763 2398 1819 Euntes
2430 1765 2605 1820 docete
2632 1780 2806 1819 omnes
2837 1775 3032 1836 gentes,
3063 1765 3386 1836 baptizantes
3425 1784 3511 1823 eos
3545 1769 3599 1822 in

278 1867 415 1914 tant.
441 1856 546 1915 Sed
572 1857 615 1912 si
644 1855 810 1926 aliqui
835 1872 899 1910 ex
927 1855 1102 1924 plebe,
1137 1853 1227 1925 qui
1254 1868 1542 1924 numquam
1577 1851 1881 1907 commuui-
1912 1864 1962 1924 Β
1989 1859 2194 1912 nomine
2219 1857 2396 1913 Patris
2425 1867 2472 1912 et
2502 1853 2629 1912 Filii
2649 1866 2699 1912 et
2721 1857 2955 1929 Spiritus
2975 1859 3139 1916 sancti
3164 1859 3377 1932 (Matth.
3403 1876 3596 1931 xxvm,

273 1962 553 2020 caverant,
579 1967 678 2008 nec
707 1951 791 2006 his
807 1952 899 2022 qui
924 1958 1050 2005 ante
1077 1965 1161 2004 me
1177 1948 1394 2003 fuerunt
1413 1946 1709 2018 episcopis,
1739 1962 1882 2001 nunc

274 2048 512 2118 amplius
538 2047 756 2103 excitati
785 2045 854 2100 ab
896 2043 1099 2103 liilario
1126 2052 1177 2098 et
1208 2043 1464 2106 Eusebio,
1497 2042 1882 2112 perturbantes

273 2141 559 2210 quosdam,
616 2138 931 2195 haereticum
983 2153 1071 2194 me
1119 2145 1488 2192 vocaverunt:
1535 2135 1703 2206 jussit
1751 2149 1882 2191 vero

274 2234 448 2304 pietas
497 2243 678 2289 vestra
728 2246 1057 2304 cognoscere
1112 2229 1181 2286 de
1235 2229 1318 2284 his
1359 2229 1507 2283 viros
1558 2227 1879 2295 laudabiles,

277 2331 616 2401 Quaestorem
644 2341 699 2387 et
733 2331 1044 2403 Magistrum
1079 2347 1092 2383 :
1120 2336 1176 2384 et
1203 2327 1343 2384 sicut
1369 2325 1619 2400 praadixi,
1651 2341 1757 2380 non
1787 2339 1882 2381 eos

281 2440 575 2496 personam
607 2424 805 2480 habere
835 2433 1208 2479 accusatorum
1232 2431 1322 2475 aut
1341 2419 1589 2490 judicare
1609 2419 1700 2489 qui
1719 2417 1887 2473 semel

279 2521 515 2591 depositi
539 2530 666 2576 sunt.
700 2519 844 2590 (dico
885 2527 1066 2574 autem
1098 2515 1358 2572 Hilarium
1391 2525 1446 2570 et
1469 2513 1561 2582 qui
1585 2512 1633 2567 ei
1659 2527 1890 2568 consen-

284 2612 448 2684 tiunt)
473 2631 486 2666 :
522 2625 701 2669 tamen
727 2612 985 2667 obediens
1012 2608 1300 2665 Serenitati
1327 2615 1544 2670 vestrae,
1573 2604 1735 2678 θοι
1763 2617 1890 2672 pro-

280 2710 425 2765 cessi
464 2707 808 2764 manifestare
854 2705 983 2760 falsa
1030 2700 1112 2776 (e)
1163 2700 1486 2768 dicentibus,
1527 2707 1583 2754 et
1631 2695 1889 2768 blasphe-

279 2803 578 2867 mamihus,
610 2811 665 2857 et
689 2800 1010 2857 vocantibus
1052 2812 1138 2852 me
1167 2797 1459 2862 Arianum,
1507 2803 1563 2850 et
1595 2792 1750 2866 quasi
1777 2806 1915 2848 non.-

279 2894 632 2950 confitentem
655 2892 929 2950 Christum
961 2891 1129 2946 tilium
1159 2889 1253 2944 Dei
1288 2888 1457 2944 Deum
1487 2900 1630 2942 esse.

356 2985 447 3041 M.
479 2984 664 3040 Fidem
703 3002 852 3042 suam
894 2984 1121 3057 exponit.
1155 3011 1227 3024 -—
1260 2999 1278 3034 ι
1326 2981 1565 3050 Exposui
1597 2977 1664 3051 (Γ)
1697 2977 1886 3034 amicis

275 3082 494 3152 pietatis
515 3092 712 3136 vestrae
741 3096 916 3137 meam
943 3078 1365 3144 confessionem,
1396 3076 1628 3147 primum
1669 3072 1886 3130 satisfa-

273 3174 452 3242 ciens,
485 3174 610 3245 quia
640 3189 932 3246 numquam
964 3174 1041 3248 (g)
1069 3171 1202 3228 scivi
1231 3171 1443 3233 Arium,
1477 3184 1584 3223 non
1621 3167 1730 3222 vidi
1759 3181 1887 3221 ocu-

1988 1949 2081 2020 49)
2122 1947 2208 2022 (i).

2061 2025 2158 2098 15.
2181 2045 2493 2101 Ariminensi
2516 2046 2640 2115 ﬁdei
2661 2045 2908 2101 adliceret.
2930 2077 2999 2086 —
3023 2064 3041 2098 ι
3081 2047 3224 2103 Duos
3251 2057 3432 2105 autem
3463 2049 3596 2106 deos
3641 2117 3652 2126 ε

1987 2153 2279 2208 numquam
2311 2140 2597 2210 prmdicavi
2631 2158 2644 2194 :
2679 2155 2780 2197 nec
2807 2141 2954 2196 enim
2985 2151 3113 2195 sunt
3151 2141 3260 2195 duo
3301 2153 3505 2212 patres,
3540 2151 3599 2198 ut

1986 2229 2095 2285 duo
2121 2230 2194 2286 dii
2223 2231 2493 2296 dicantur,
2519 2247 2618 2288 nec
2644 2231 2753 2288 duo
2782 2231 2906 2296 lilii;
2937 2235 3031 2288 sed
3063 2248 3202 2288 unus
3223 2232 3365 2290 filius
3390 2250 3456 2290 ex
3485 2249 3594 2290 uno

1988 2333 2160 2396 patre,
2189 2325 2338 2380 solus
2367 2341 2396 2380 a
2417 2327 2559 2393 solo,
2587 2327 2730 2382 Deus
2752 2342 2816 2381 ex
2849 2327 2979 2390 Deo,
3009 2329 3149 2382 sicut
3175 2327 3439 2398 scriptum
3471 2337 3594 2383 est:

1995 2416 2140 2472 Unus
2193 2417 2349 2473 Pater
2399 2417 2539 2473 Deus
2579 2435 2641 2474 ea:
2687 2435 2785 2490 quo
2831 2419 3023 2482 omnia,
3068 2430 3117 2474 et
3167 2436 3299 2474 unus
3343 2418 3600 2476 Dominus

1988 2508 2146 2565 Jesus
2168 2509 2403 2566 Christus
2422 2529 2512 2584 per
2531 2528 2683 2582 quem
2703 2513 2874 2566 omnia
2895 2512 2934 2584 (I
2960 2509 3081 2566 Cor.
3107 2528 3222 2575 vm,
3253 2512 3307 2584 6)
3337 2532 3348 2566 :
3380 2525 3600 2584 propter

1989 2604 2134 2674 quod
2179 2614 2235 2660 et
2280 2621 2440 2661 unam
2491 2606 2748 2661 deitatem
2797 2607 3174 2676 praedicamus.
3218 2607 3422 2663 Omnes
3466 2621 3598 2677 ergo

1993 2698 2253 2768 haereses,
2297 2716 2419 2772 quas
2462 2700 2723 2756 adversus
2766 2699 3090 2754 catholicam
3143 2699 3302 2755 fidem
3351 2699 3599 2768 veniunt,

1991 2808 2210 2862 semper
2250 2793 2468 2864 quidem
2514 2793 2824 2863 congregati
2877 2792 3118 2864 episcopi
3167 2792 3420 2848 catholici
3463 2808 3600 2849 con-

1989 2884 2389 2941 demnaverunt
2413 2894 2468 2940 et
2497 2885 3114 2950 anathematizaverunt,
3149 2886 3457 2954 specialiter
3495 2901 3596 2941 au-

1992 2987 2099 3034 tem
2129 2979 2518 3034 convenientes
2545 2979 2814 3043 Arimino,
2851 2989 2906 3034 et
2934 2977 3056 3034 inde
3086 2980 3595 3036 condemnavimus.

1991 3073 2323 3128 Catholicam
2357 3080 2535 3127 autem
2574 3082 2628 3126 et
2677 3071 3123 3142 Evangeliorum,
3155 3088 3314 3144 quam
3357 3073 3600 3129 tradide-

1989 3176 2117 3221 runt
2146 3164 2411 3236 Apostoli,
2437 3164 2578 3220 hanc
2607 3164 2841 3220 fideliter
2871 3164 3287 3221 cuswdivimus.
3315 3165 3386 3222 Ut
3411 3177 3597 3224 autem

273 3266 378 3334 lis,
423 3281 533 3322 non
572 3268 802 3338 cognovi
839 3267 957 3336 ejus
999 3263 1299 3321 doctrinam
1332 3279 1346 3316 :
1376 3261 1472 3318 sed
1517 3276 1586 3316 ex
1628 3259 1880 3323 infantia,
1913 3285 1959 3350 ρ
1992 3260 2162 3330 pietas
2192 3269 2370 3315 vestra
2400 3261 2580 3316 verius
2620 3269 2975 3330 cognosceret
3002 3276 3088 3324 ea,
3117 3276 3240 3332 quae
3279 3272 3431 3331 gesta
3469 3270 3597 3318 sunt

271 3362 730 3434 quemadmodum
760 3361 953 3417 doctus
983 3376 1123 3424 sum,
1162 3358 1304 3414 sicut
1344 3355 1529 3426 accepi
1573 3353 1642 3410 de
1680 3353 1883 3409 sanctis

273 3453 596 3527 Scripturis,
630 3454 860 3522 credidi,
892 3464 948 3511 et
972 3453 1136 3510 credo
1171 3453 1224 3508 in
1266 3465 1431 3507 unum
1471 3451 1646 3506 solum
1690 3462 1878 3504 verum

275 3550 450 3607 Deum
481 3560 686 3620 patrem
717 3550 1164 3622 omnipotentem,
1197 3548 1544 3612 iuvisibilem,
1577 3544 1881 3615 impassibi-

272 3642 408 3712 lem,
440 3643 797 3699 immortalem
831 3662 845 3699 :
874 3654 928 3701 et
969 3645 1023 3699 in
1053 3645 1222 3698 lilium
1250 3643 1365 3714 ejus
1400 3640 1735 3712 unigenitum
1776 3640 1878 3694 Do-

273 3735 483 3790 minum
513 3745 754 3791 nostrum
781 3736 964 3792 Jesum
992 3735 1288 3800 Christum,
1319 3743 1446 3790 ante
1471 3733 1650 3789 omnia
1680 3732 1880 3788 saecula

269 3832 336 3882 et
375 3835 502 3881 ante
545 3829 1082 3898 omne-principium
1148 3838 1332 3884 natum
1386 3842 1454 3884 ex
1517 3827 1676 3882 Patre
1730 3826 1882 3881 Βεωι

276 3918 358 3991 (Ii)
387 3935 569 3978 venunt
596 3937 786 3980 ιιιιωι
814 3938 880 3979 ex
910 3937 1040 3978 vero
1068 3923 1178 3978 Deo
1203 3929 1372 3993 patre,
1398 3920 1694 3977 secundum
1739 3918 1886 3991 quod

350 4099 428 4174 (a)
472 4103 528 4157 In
550 4117 654 4158 ms.
677 4103 840 4159 Carn.
872 4104 1122 4174 adjicitur
1146 4104 1384 4160 clausula
1417 4104 1601 4159 Amen.

352 4173 430 4246 (ὁ)
487 4175 561 4231 lta
605 4190 758 4238 mss.,
813 4192 912 4232 nec
940 4173 1104 4232 aliter
1152 4177 1292 4231 Solet
1343 4176 1574 4231 ililarius
1627 4173 1877 4229 hmretica

273 4241 544 4313 OpuScula
572 4247 887 4304 inscribere.
920 4249 988 4304 At
1010 4248 1160 4314 editi,
1194 4247 1439 4302 Auxentii
1475 4246 1880 4302 Mediolanensis

275 4317 510 4384 epistola.

375 4389 426 4460 c)
455 4391 622 4446 Abest
648 4392 914 4447 catholica:
940 4407 968 4446 a
993 4408 1094 4446 ms.
1128 4392 1288 4447 Mich.

375 4393 426 4460 c)
455 4393 622 4446 Abest
648 4393 914 4447 catholica:
940 4407 968 4446 a
993 4408 1094 4446 ms.
1128 4393 1288 4447 Mich.

350 4393 433 4536 id)
496 4463 671 4526 Editi,
728 4465 965 4534 refricari
1006 4463 1220 4532 abiectis
1259 4465 1493 4519 decretis.
1542 4462 1619 4518 Ne
1667 4461 1720 4517 in
1774 4476 1881 4536 uno

276 4534 506 4607 quidem
525 4551 628 4589 ms.
657 4546 834 4590 exstat
862 4537 1182 4590 vocabulum
1228 4536 1444 4590 decretis
1480 4553 1492 4590 :
1521 4537 1662 4606 quod
1691 4549 1719 4587 a
1771 4534 1878 4607 prio

276 4603 379 4663 mis
424 4605 720 4662 editoribus
769 4607 909 4662 haud
952 4607 1114 4662 dubie
1165 4607 1432 4676 adiectum
1478 4603 1582 4672 est,
1617 4616 1674 4661 ut
1703 4603 1876 4659 oratio

274 4681 388 4735 suis
418 4681 654 4733 noueris
697 4679 1094 4734 absolveretur.
1135 4678 1242 4734 Sed
1276 4679 1584 4748 praepositio
1611 4679 1705 4739 ab,
1751 4686 1875 4731 ante

1989 3356 2041 3410 in
2070 3355 2306 3410 concilio
2323 3353 2674 3421 Ariminensi,
2697 3353 2993 3420 transmisi,
3013 3362 3070 3409 et
3095 3362 3220 3424 peto
3253 3363 3309 3409 ut
3335 3370 3397 3409 ea
3423 3355 3596 3411 liben-

1985 3457 2068 3504 ter
2108 3448 2210 3519 legi
2253 3449 2580 3518 praecepiatis
2614 3466 2627 3502 :
2664 3446 2744 3504 sic
2788 3447 2934 3502 enim
2981 3457 3277 3518 cognoscet
3321 3449 3599 3506 Serenitas

1982 3550 2186 3607 vestra,
2231 3543 2356 3612 quia
2395 3541 2483 3612 qui
2528 3543 2638 3611 jam
2680 3541 2882 3596 dudum
2917 3542 2992 3615 (j)
3025 3542 3258 3611 depOsiti
3299 3553 3448 3609 sunt,
3492 3543 3599 3601 hoc

1983 3648 2087 3701 est,
2123 3635 2361 3692 Hilarius
2392 3646 2445 3691 et
2477 3636 2780 3704 Eusebius,
2813 3636 3151 3692 contendunt
3187 3636 3388 3709 ubique
3422 3638 3600 3694 schis-

1985 3742 2129 3786 mata
2169 3730 2369 3786 facere.
2412 3730 2542 3798 Qua:
2583 3730 2727 3785 enim
2775 3729 2916 3786 bene
2956 3729 3022 3786 de
3061 3729 3265 3785 sanctis
3302 3730 3600 3799 Scripturis

1986 3823 2268 3880 catholicae
2299 3823 2422 3879 tidei
2453 3825 2698 3894 exposita
2727 3835 2851 3880 sunt
2877 3866 2890 3889 ,
2924 3825 3103 3894 pietas
3130 3833 3309 3880 vestra
3351 3823 3598 3894 pervidet

1987 3916 2104 3973 hinc
2135 3916 2419 3973 retractari
2447 3932 2555 3972 non
2583 3929 2857 3986 oportere.
2897 3934 2916 3968 ι

1985 4102 2059 4157 sis
2091 4117 2148 4155 η.
2183 4100 2274 4166 14,
2303 4100 2444 4170 apud
2489 4101 2838 4173 Ambrosium
2882 4110 2921 4157 t.
2953 4118 3012 4164 tt.
3043 4119 3095 4173 p.
3131 4102 3257 4169 790,
3289 4119 3442 4158 nova:
3473 4102 3591 4158 edi-

1987 4175 2181 4246 tionis,
2208 4175 2522 4246 rogantibus
2551 4183 2608 4228 ut
2628 4171 2741 4228 Arii
2770 4171 3077 4229 doctrinam
3098 4175 3338 4241 damnet,
3369 4191 3594 4246 respon-

1984 4244 2126 4318 det_;_
2149 4243 2332 4318 Arium
2355 4246 2598 4318 necrvidi.
2623 4261 2714 4318 nec
2737 4247 2841 4299 scio
2868 4248 2958 4318 qui
2977 4247 3061 4300 sit.

2057 4313 2136 4388 (ἡ)
2164 4317 2242 4370 Ex
2273 4316 2646 4373 vetustissimo
2670 4313 2939 4372 Vaticanm
2959 4318 3194 4374 basilicae
3215 4318 3405 4375 codice
3447 4335 3591 4376 nunc

1987 4388 2221 4458 primum
2249 4390 2610 4443 restituuntur
2638 4390 2823 4450 verba,
2855 4404 3028 4444 verum
3057 4391 3240 4458 ﬁlium,
3271 4407 3499 4456 quorum
3534 4393 3591 4448 in

1984 4458 2238 4529 ambiguo
2262 4459 2560 4516 Auxentius
2583 4460 2800 4516 ludebat
2824 4472 2879 4516 et
2901 4461 3162 4517 illudebat
3185 4474 3333 4518 tanto
3354 4463 3586 4528 facilius,

1983 4531 2127 4598 quod
2185 4531 2680 4601 iuterpunctiontun
2734 4532 3011 4588 distinctio
3055 4546 3165 4588 tum
3220 4537 3584 4592 no-sciebatur.

1983 4602 2317 4675 Quamquam
2347 4605 2393 4658 si
2424 4620 2581 4658 verus
2605 4614 2689 4658 cst
2721 4603 2862 4658 Di-us
2891 4606 2980 4675 qui
3005 4621 3164 4661 verus
3191 4617 3271 4662 est
3299 4607 3391 4662 Dei
3420 4606 3585 4673 filius,

1983 4676 2058 4748 uti
2089 4674 2429 4748 demonstrat
2458 4676 2691 4730 Hilarius
2720 4676 2812 4730 lib.
2845 4674 2922 4730 vtt
2959 4678 3026 4732 de
3051 4676 3202 4733 Trin.
3233 4695 3287 4732 η.
3314 4679 3402 4736 14.
3435 4679 3586 4748 parvi

273 4723 506 4822 abiectis,
540 4758 759 4820 propter
805 4761 1226 4822 consequentem
1259 4723 1499 4819 e'jusdem
1541 4752 1659 4804 soni
1692 4723 1875 4818 'sylla-
1903 4723 1954 4783 D
1983 4746 2250 4822 interesse
2277 4747 2581 4822 videbatur,
2613 4755 2789 4801 utrutn
2821 4749 3082 4822 verumrad
3118 4751 3306 4815 Deum,
3337 4723 3404 4804 aii
3429 4723 3495 4804 ἔα
3522 4749 3588 4803 ii-

274 4820 399 4878 bam
433 4820 642 4875 facilius
687 4821 937 4877 excidi-re
989 4821 1180 4890 putuit,
1212 4839 1369 4891 quam
1419 4823 1654 4887 decretis,
1707 4835 1878 4885 eaque

275 4895 524 4950 restituta
555 4903 661 4946 tam
705 4892 940 4947 efficitur
983 4907 1176 4947 Sensus
1205 4893 1417 4948 veritati
1456 4906 1876 4958 consentaneus,

273 4981 437 5033 quam
467 4966 801 5019 efficiebatur
853 4966 1018 5019 falsus
1067 4965 1374 5033 adjectione
1431 4967 1581 5022 verbi
1636 4964 1872 5020 decretis.

277 5037 466 5092 Hilarii
511 5052 656 5090 enim
687 5046 848 5106 atque
889 5037 1108 5091 Eusebii
1135 5037 1324 5092 exsilia
1360 5037 1446 5092 hic
1494 5037 1719 5091 indit-ari
1762 5037 1874 5104 jam

278 5111 721 5175 praemonuimus.
765 5117 818 5162 et
858 5123 923 5162 ex
963 5108 1112 5163 calce
1146 5107 1300 5176 hujus
1333 5109 1680 5178 blasphemiae
1708 5106 1880 5162 mani-

279 5179 473 5235 fcsuim
507 5189 608 5246 est,
643 5180 730 5234 ubi
756 5178 986 5248 idipsum
1015 5189 1254 5248 apertius
1279 5180 1606 5234 declaratur.

373 5251 426 5322 e)
458 5251 546 5308 Sic
575 5266 704 5306 mss.
738 5250 882 5305 Editi
910 5266 1064 5314 vero,
1099 5251 1233 5321 falsa
1260 5251 1578 5306 docentibus.

377 5326 429 5392 Γ)
483 5325 635 5377 Hunc
678 5338 918 5388 versmn,
968 5323 1187 5392 exposui
1226 5323 1405 5377 amicis
1449 5323 1650 5392 pietatis
1696 5330 1876 5378 vestrte

280 5393 446 5450 meam
474 5395 879 5522 confessionem,
909 5411 1014 5448 non
1047 5393 1250 5449 habent
1276 5410 1407 5449 mss.

349 5464 426 5522 (a)
457 5467 533 5522 Ita
586 5480 680 5522 ere
718 5465 992 5522 Palladius
1023 5466 1075 5522 in
1106 5467 1276 5522 gestis
1315 5482 1407 5522 con

349 5464 426 5540 (g)
457 5467 533 5522 Ita
565 5463 680 5523 fere
718 5465 992 5522 Palladius
1023 5466 1075 5522 in
1106 5467 1276 5538 gestis
1315 5463 1530 5523 concilii
1557 5466 1873 5537 Aquileien-

1793 5667 1850 5722 El

803 5971 1074 6035 Ρλτιιοι..
1108 5969 1194 6033 Χ.

1983 4817 2116 4872 lium
2147 4821 2394 4873 referret.
2430 4819 2502 4873 Ea
2537 4829 2714 4872 tamen
2747 4827 2864 4873 arte
2891 4839 2952 4872 at:
2983 4821 3195 4875 dicendi
3236 4822 3444 4876 ratione
3477 4836 3583 4875 non

1982 4889 2075 4960 ille
2105 4891 2273 4948 solus.
2309 4890 2404 4944 sed
2435 4890 2529 4944 alii
2556 4892 2718 4945 etiam
2753 4892 2830 4943 usi
2865 4901 2989 4946 sunt
3024 4891 3117 4946 Ari
3139 4892 3246 4954 ιιιί.
3280 4894 3346 4947 de
3390 4892 3588 4960 quibus

1978 4959 2316 5031 Augustinus
2360 4962 2452 5015 lib.
2498 4977 2514 5016 ι
2572 4979 2671 5015 eun
2706 4978 2762 5016 ra
2805 4962 3082 5018 Maximin.
3125 4981 3174 5018 c.
3217 4964 3292 5018 6:
3330 4959 3585 5028 Eiusdem

1980 5043 2204 5096 natur-az,
2251 5035 2398 5104 cujus
2430 5043 2504 5086 est
2551 5032 2732 5095 Pater,
2782 5038 2978 5107 negatis
3020 5051 3131 5091 esse
3173 5035 3338 5089 Deum
3383 5038 3580 5107 ﬁlium,

1983 5107 2215 5170 quamvis
2257 5120 2429 5157 verum
2472 5121 2579 5158 esse
2625 5106 2790 5173 [ilium
2832 5105 2932 5160 non
2980 5108 3193 5176 negetis.
3239 5107 3436 5161 Verum
3480 5105 3586 5162 hoc

1983 5176 2106 5248 loco
2153 5178 2233 5229 sic
2275 5185 2601 5248 restaurato,
2649 5191 2826 5232 omnis
2864 5178 2973 5248 jam
3015 5179 3221 5234 totlttur
3247 5179 3472 5233 eruditis
3513 5177 3584 5234 de

1985 5247 2148 5316 hujus
2177 5247 2424 5316 epistola:
2452 5252 2680 5302 veritate
2706 5247 2986 5304 dubitandi
3018 5258 3174 5305 ratio.

2081 5321 2130 5378 il
2165 5317 2478 5375 Subtexitur
2497 5321 2659 5375 Amen
2685 5321 2738 5374 in
2767 5337 2868 5377 ms.
2905 5322 3060 5378 llich.

2081 5322 2096 5372 i
2165 5322 2478 5375 Subtexitur
2497 5322 2659 5375 Amen
2685 5322 2738 5374 in
2767 5337 2868 5377 ms.
2905 5322 3060 5378 llich.

2075 5322 2130 5463 λζ
2166 5391 2330 5459 Editi,
2361 5393 2484 5463 quia
2518 5393 2634 5464 jam
2665 5392 2861 5448 dudum
2900 5393 3153 5460 damnati,
3199 5393 3442 5464 depositi,
3485 5393 3585 5450 hoc

1981 5471 2080 5532 est,
2103 5471 2238 5530 etc.;
2265 5469 2601 5536 castigantur
2629 5480 2699 5523 ex
2724 5479 2857 5521 mss.

2981 5972 3063 6036 ‘20
