4062 6332
261 374 359 434 621
1714 368 2100 430 ΡΒΑΞΕΑΤΙΟ.
3475 388 3534 440 θ,
3548 386 3584 442 2

259 489 493 563 propriis
520 488 793 545 coloribus
817 488 1010 560 pinxit,
1037 498 1096 546 ut
1120 490 1314 562 quibus
1344 492 1478 547 ali-ts
1506 492 1720 564 ignotus
1752 506 1859 547 non
1888 490 1940 554 Α
1965 504 2086 560 quae
2118 488 2231 561 ipse
2264 488 2495 559 primum
2537 491 2603 547 ad
2650 508 2787 563 opus
2826 493 3127 556 absolutius
3168 498 3569 557 conficiendum

255 592 377 650 est,
412 582 724 638 nullatenus
763 584 938 638 valeat
963 582 1154 639 latere.
1187 582 1321 640 Cum
1353 591 1536 641 autem
1566 584 1739 656 primo
1770 584 1865 639 illo
1965 581 2066 637 sibi
2095 593 2486 653 comparasset.
2511 584 2664 641 Tunc
2687 601 2814 641 vero
2846 588 2897 641 in
2924 599 3159 644 mentem
3189 590 3239 647 ei
3260 594 3449 650 venire
3476 610 3573 665 po-

256 676 564 747 fragmento
591 676 854 732 indicetur
882 678 1296 733 subsecuturutn
1328 694 1494 749 opus,
1528 678 1670 749 quod
1702 679 1865 735 variis

254 780 469 827 constet
518 780 631 825 tum
671 770 917 843 epistolis
961 784 1069 826 tum
1117 773 1359 844 synodis,
1410 784 1463 829 et
1502 772 1863 829 Ariminensis

252 864 477 921 concilii
503 863 782 921 historiam
807 881 873 921 ex
895 865 1234 923 Arelatensis
1254 868 1591 939 aliorumque
1612 867 1858 935 superio-

252 973 374 1012 rum
413 958 765 1013 conciliorum
810 960 980 1030 gestis
1014 961 1174 1015 altius
1210 970 1464 1032 repetat;
1513 961 1672 1032 hujus
1716 960 1860 1031 frag-

252 1050 426 1106 menti
468 1059 689 1106 auclore
724 1052 942 1123 agnito,
976 1053 1205 1108 maxima
1248 1054 1540 1111 auctoritas
1577 1053 1787 1110 accedit
1809 1060 1864 1109 et

250 1141 489 1198 cazteris.

330 1233 392 1290 ν.
429 1233 603 1289 Partis
624 1234 886 1303 utriusque
914 1237 1452 1293 consensio.--Nulla
1477 1248 1625 1295 certe
1648 1235 1861 1294 videtur

250 1330 423 1398 ratio,
455 1344 553 1385 cur
581 1345 689 1385 non
723 1321 898 1398 prima
930 1330 1155 1402 hujusce
1182 1331 1522 1388 collectionis
1548 1348 1674 1404 pars
1703 1346 1857 1402 reque

248 1440 321 1483 ac
366 1422 606 1481 secunda
658 1423 862 1480 Hilario
902 1423 1257 1482 adscribenda
1298 1425 1389 1481 sit.
1438 1425 1674 1499 Utraque
1712 1424 1857 1482 enim

245 1517 419 1574 variis
445 1515 691 1587 epistolis
718 1531 781 1573 ac
804 1517 1026 1591 synodis
1049 1529 1280 1574 constat.
1303 1518 1561 1590 Utraque,
1587 1529 1640 1573 ut
1667 1518 1859 1575 obser-

248 1612 398 1667 vavit
441 1611 558 1667 Nic.
594 1610 773 1668 Faber
795 1653 810 1679 ,
852 1613 1059 1684 aliquot
1089 1612 1225 1669 locis
1256 1613 1419 1670 verba
1462 1615 1696 1669 auctoris
1727 1613 1861 1685 ipsis

249 1706 387 1761 actis
438 1704 603 1760 habet
655 1703 934 1772 immixta,
983 1721 1105 1777 quae
1154 1705 1486 1762 sanctissimi
1527 1704 1858 1762 confessoris

246 1797 492 1872 phrasim
540 1798 858 1854 exhibeant.
911 1796 1205 1872 Utriusque
1257 1799 1605 1856 monimentis
1655 1801 1860 1871 pariter

1966 675 2063 730 luit
2087 675 2221 731 illud
2250 677 2497 747 Apustoli
2526 677 2648 735 Gal.
2675 695 2715 748 ι,
2748 679 2816 736 8:
2846 680 2985 737 Licet
3012 700 3106 738 nos
3131 697 3221 739 aut
3254 685 3478 759 Angelus
3507 688 3573 742 de

1960 771 2088 825 coelo
2110 773 2416 843 evangelizet
2440 774 2580 843 vobis
2605 785 2790 847 prteter
2826 793 2978 849 quam
3000 780 3137 850 quod
3166 783 3573 853 euangelizanzus

1962 862 2123 930 vobis,
2148 863 2423 919 anathema
2447 867 2515 920 sit
2538 881 2557 921 :
2579 864 2648 923 Ut
2676 868 2728 921 in
2751 868 3019 925 Liberium
3043 871 3242 928 Christi
3270 889 3449 931 causa:
3470 876 3570 933 de-

1960 964 2226 1011 sertorem
2267 956 2318 1012 id
2357 957 2460 1012 sibi
2496 959 2701 1014 licitum
2732 960 3073 1019 existimaret
3099 965 3239 1035 quod
3272 966 3567 1038 Apostolus

1961 1048 2014 1103 in
2044 1064 2103 1104 se
2132 1056 2189 1105 et
2216 1051 2267 1103 in
2300 1049 2561 1122 Angelum
2594 1052 2691 1109 Dei
2718 1070 2823 1110 non
2857 1058 3097 1127 permisit
3121 1066 3351 1127 tantum,
3384 1061 3478 1117 sed
3512 1068 3569 1119 et

1963 1141 2239 1211 praecepit.
2271 1140 2461 1213 Neque
2483 1144 2771 1216 quidqmm
2802 1148 3089 1216 proclivius
3115 1158 3198 1206 est
3222 1151 3573 1209 vehementer

1959 1234 2267 1289 amantibus
2293 1275 2307 1301 ,
2337 1251 2498 1307 quam
2533 1244 2590 1292 ttt
2619 1237 2796 1309 aliqua
2824 1240 2875 1294 in
2908 1254 3029 1297 eum
3052 1283 3067 1308 ,
3095 1258 3254 1314 quem
3297 1243 3365 1300 ab
3392 1246 3570 1300 amico

1962 1326 2194 1399 turpiter
2212 1325 2448 1386 deficere
2469 1331 2715 1395 audiunt,
2747 1331 3137 1407 indignationis
3165 1348 3288 1393 nota
3313 1354 3575 1409 compen-

1960 1434 2083 1475 sare
2110 1428 2380 1476 conentur
2402 1464 2417 1489 ,
2447 1422 2589 1494 quod
2622 1424 2694 1479 illi
2723 1425 2790 1480 de
2817 1436 3118 1484 amatorum
3152 1445 3376 1487 numero
3406 1431 3571 1489 decc-

1959 1514 2056 1570 dit.
2090 1513 2199 1572 Sed
2229 1514 2274 1570 si
2303 1512 2509 1573 dissuta
2531 1524 2711 1589 operis
2734 1534 3029 1591 numquam
3060 1521 3288 1579 absoluti
3317 1523 3574 1581 adversa-

1958 1609 2039 1664 ria
2066 1608 2131 1664 ad
2158 1625 2259 1665 nos
2291 1614 2608 1681 pervenisse
2634 1612 2975 1671 concesseris
2999 1633 3013 1683 ;
3066 1616 3173 1675 erit
3212 1617 3415 1688 pariter
3440 1634 3572 1674 con-

1958 1700 2281 1768 cedendum,
2306 1705 2637 1760 monimenta
2658 1704 2773 1773 illa,
2799 1724 2919 1779 quae
2942 1709 3234 1785 identidem
3263 1710 3572 1766 indicantur

1960 1802 2237 1861 secutura,
2272 1811 2370 1850 nec
2402 1804 2581 1852 tamen
2622 1808 2921 1868 sequuntur
2943 1842 2959 1867 ,
3009 1801 3075 1855 iis
3112 1800 3245 1858 locis
3271 1803 3340 1858 ab
3368 1802 3573 1857 Hilario

245 1891 655 1948 demonstratur
697 1891 907 1949 Ursacii
944 1908 1009 1948 ac
1038 1893 1283 1949 Valentis
1331 1894 1567 1963 nequitia
1612 1893 1773 1949 simul
1805 1906 1860 1951 et
1885 1884 1937 1948 Β
1963 1895 2170 1943 tantum
2200 1887 2469 1945 destinata
2498 1905 2649 1954 csse.
2686 1890 2778 1947 ubi
2810 1909 2870 1946 ea
2904 1908 3017 1964 pra:
3046 1893 3294 1950 manibus
3327 1893 3572 1951 haberet.

244 1987 631 2043 inconstantia.
680 1985 737 2041 ln
797 1994 1025 2057 utraque
1073 1986 1293 2043 demum
1336 1989 1644 2044 continetur
1686 1988 1853 2057 nihil,

244 2081 391 2153 quod
421 2094 525 2136 non
559 2078 798 2136 redoleat
829 2080 1239 2151 antiquitatem,
1272 2080 1418 2153 quod
1451 2079 1691 2136 historia:
1721 2090 1857 2137 lem-

244 2190 441 2246 porntn
471 2189 578 2230 non
611 2175 913 2229 consentiat
941 2215 957 2241 ,
1000 2183 1092 2229 aut
1121 2174 1264 2245 quod
1300 2189 1406 2230 non
1436 2174 1613 2245 aliqua
1643 2176 1856 2232 ratione

243 2276 458 2338 Spectet
487 2267 554 2322 ad
583 2266 948 2323 Ariminensis
975 2266 1191 2324 cont-iiii
1222 2266 1530 2324 historiam.
1572 2265 1690 2324 lmo
1729 2268 1776 2325 si
1826 2286 1854 2325 a

243 2360 419 2431 prima
443 2358 784 2432 disjungalur
810 2361 977 2415 altera
1002 2402 1016 2427 ,
1061 2375 1168 2417 non
1201 2369 1285 2415 est
1308 2360 1449 2417 unde
1475 2361 1591 2416 hzec
1619 2361 1685 2417 ad
1714 2377 1855 2432 pra?-

243 2453 405 2510 dieta:
435 2453 624 2525 synodi
658 2453 934 2509 historiam
970 2453 1243 2523 pertinere
1266 2452 1566 2523 iudicetur;
1594 2467 1717 2509 cum
1740 2453 1855 2508 sola

242 2560 374 2619 pars
400 2544 576 2615 prima
607 2544 752 2599 illius
781 2552 932 2615 gesta
961 2544 1216 2600 exhibeat
1243 2563 1256 2598 :
1282 2560 1402 2616 qum
1426 2545 1480 2600 in
1513 2544 1614 2601 hoc
1640 2561 1857 2617 quoque

244 2653 371 2694 cum
398 2639 565 2694 altera
592 2638 870 2703 convenit,
899 2638 1041 2708 quod
1070 2638 1291 2708 perinde
1320 2652 1481 2710 atque
1509 2639 1620 2701 illa,
1654 2650 1707 2695 ct
1737 2654 1858 2709 quae

244 2731 647 2789 Ariminensem
679 2730 946 2802 synodum
973 2730 1351 2800 prmeesserint
1376 2772 1391 2796 ,
1426 2742 1477 2787 et
1512 2745 1636 2802 qua:
1666 2731 1859 2787 subse-

243 2830 371 2881 cula
395 2821 526 2891 sint,
551 2821 966 2892 complectatur.

319 2915 411 2971 Vl.
440 2913 525 2971 Επ
549 2916 879 2985 corruptione
908 2925 1025 2970 orla
1055 2924 1133 2969 est
1168 2915 1262 2969 illa
1288 2916 1341 2970 in
1368 2918 1497 2971 duas
1526 2927 1695 2988 partes
1725 2917 1859 2972 divi-

243 3010 345 3068 sio.
377 3037 451 3049 ——
474 3007 583 3065 Sed
612 3023 788 3078 neque
804 3008 1089 3079 quisquam
1116 3007 1323 3064 inficias
1350 3008 1492 3074 ierit,
1518 3018 1679 3064 tutam
1707 3009 1854 3064 illam

245 3102 623 3160 collectionem
648 3103 701 3156 in
732 3115 865 3156 mss.
900 3100 1183 3158 Pithtnano
1210 3114 1272 3157 ac
1300 3100 1618 3170 Remigiuno
1642 3100 1774 3156 duas
1800 3102 1854 3155 iu

246 3204 435 3266 partes
460 3194 604 3249 ante
641 3180 896 3264 distingui
924 3234 938 3258 ,
980 3194 1136 3263 pejtts
1168 3207 1296 3248 vero
1326 3194 1575 3263 postponi
1618 3194 1855 3264 priorem

1964 1980 2173 2049 Quibus
2189 1993 2369 2039 autem
2392 1982 2645 2054 placebit,
2675 1984 2791 2042 hare
2810 1986 3042 2043 absoluti
3064 1989 3247 2071 operis
3273 1988 3572 2062 fragmenta

1963 2087 2123 2141 esse,
2179 2076 2526 2132 nihilominus
2575 2093 2641 2133 ex
2679 2078 2747 2133 iis
2777 2095 2897 2150 qua:
2924 2078 3120 2137 desunt
3147 2084 3417 2140 constabit
3443 2126 3456 2147 .
3508 2101 3571 2140 ea

1956 2166 2117 2222 aliter
2145 2183 2305 2238 quam
2336 2170 2497 2225 modo
2526 2170 2793 2227 habentur
2821 2173 2891 2227 ab
2919 2173 3124 2231 Hilario
3151 2190 3275 2232 esse
3296 2177 3568 2234 ordinata.

1956 2257 2148 2317 Utrum
2177 2277 2301 2317 vero
2334 2263 2637 2333 praetuleris
2666 2266 2977 2336 Opinionem
3005 2310 3020 2334 ,
3062 2269 3252 2324 horum
3287 2270 3557 2342 fragmen-

1958 2358 2138 2407 torum
2165 2353 2414 2409 confusio
2437 2355 2567 2410 nihil
2597 2371 2785 2413 eorum
2818 2358 3021 2415 officiet
3047 2362 3283 2417 veritati.

2031 2440 2167 2497 Vill.
2204 2442 2354 2499 Unde
2382 2455 2496 2501 ortu
2526 2446 2645 2502 libri
2670 2448 2828 2514 huius
2856 2452 3119 2524 confusio.
3151 2482 3225 2496 —
3252 2452 3429 2510 Rufini
3460 2462 3569 2512 tes.

1959 2537 2188 2594 timonio
2208 2548 2263 2594 et
2291 2540 2512 2611 antiqua
2530 2542 2800 2598 censenda
2825 2554 2909 2600 est
2932 2536 3052 2600 libri
3079 2546 3239 2617 hujus
3260 2549 3561 2618 corruptio,

1957 2640 2012 2686 et
2042 2629 2315 2687 h:ereticis
2339 2631 2692 2690 adscribenda
2716 2652 2729 2689 :
2755 2637 2799 2690 si
2828 2643 3009 2694 tamen
3036 2637 3104 2694 ad
3130 2638 3235 2695 hoc
3269 2657 3406 2711 opus
3433 2641 3571 2697 refe-

1957 2723 2188 2779 rendum
2217 2732 2321 2788 est,
2354 2724 2499 2796 quod
2530 2725 2624 2782 ille
2648 2726 2829 2784 Tract.
2865 2730 2934 2785 de
2973 2729 3371 2790 adulteratioue
3401 2732 3567 2789 libro-

1957 2828 2077 2868 rum
2107 2813 2357 2886 Origenis
2384 2817 2456 2871 ait
2488 2816 2651 2891 (apud
2680 2818 2897 2876 Hieron.
2926 2831 3048 2876 tom.
3078 2823 3153 2894 ιχ)
3180 2846 3193 2878 ;
3222 2824 3478 2881 Ililarium
3505 2824 3572 2878 ad

1957 2909 2362 2965 emendationem
2385 2928 2581 2981 eorum,
2624 2915 2712 2981 qui
2732 2914 3048 2971 Ariminensi
3076 2919 3308 2988 perﬁdia:
3334 2921 3564 2975 subseri.

1958 3010 2187 3069 puram,
2229 3002 2414 3057 libram
2447 3004 2803 3060 instructioni:
2839 3007 3155 3076 plenissime
3178 3012 3567 3083 conscripsisse,

1957 3094 2047 3164 qui
2074 3094 2303 3150 subinde
2330 3096 2397 3152 ab
2433 3096 2703 3156 ha-reticis
2746 3101 2815 3155 ita
2849 3098 3086 3157 ftedatus
3114 3100 3185 3158 sit
3207 3145 3221 3167 ,
3262 3112 3320 3159 ut
3350 3119 3418 3161 ne
3446 3120 3569 3161 eum

1957 3185 2175 3256 quidem
2208 3187 2443 3244 Hilarius
2472 3192 2587 3261 ipse
2611 3200 2951 3263 agnosceret.
2997 3194 3108 3251 Sed
3134 3209 3259 3250 cum
3283 3197 3366 3252 ltls
3389 3197 3570 3255 verbis

246 3288 581 3360 posteriori;
613 3304 734 3342 cum
767 3291 953 3357 prima:
978 3288 1146 3358 partis
1170 3288 1385 3344 initium
1411 3288 1702 3345 mmil‘este
1724 3305 1854 3345 con-
1878 3274 1929 3336 C
1959 3280 2124 3335 multa
2153 3280 2377 3353 Rufinus
2405 3268 2711 3340 iinmisceat
2738 3295 2927 3357 aperte
2952 3286 3083 3343 falsa
3116 3295 3172 3345 et
3193 3305 3310 3359 qua:
3334 3290 3569 3347 fabulam

247 3382 478 3439 tinuatio
504 3381 573 3436 sit
598 3382 935 3452 posterioris.
972 3381 1177 3453 Synodi
1216 3382 1362 3436 enim
1397 3380 1718 3437 Parisiensis
1744 3380 1858 3452 epi-

248 3474 415 3539 stola,
439 3491 467 3529 a
495 3489 597 3546 qua
625 3475 676 3528 in
707 3490 836 3531 mss.
862 3475 1047 3543 primm
1075 3474 1245 3544 partis
1269 3473 1476 3527 initium
1495 3473 1735 3543 ducitur,
1768 3490 1855 3530 re-

249 3568 512 3638 scriptum
543 3576 627 3622 est
654 3566 849 3622 litteris
870 3566 1227 3621 Orientalium
1256 3582 1376 3636 quae
1404 3566 1456 3620 in
1498 3565 1689 3622 iisdem
1721 3582 1853 3623 mss.

250 3669 465 3733 partem
495 3666 824 3730 postremam
849 3658 1128 3714 claudunt.
1181 3658 1256 3714 Ex
1285 3676 1392 3728 quo
1430 3659 1523 3722 ﬁt,
1578 3668 1634 3714 ut
1673 3660 1857 3715 titulus

250 3771 361 3812 non
407 3756 461 3809 in
499 3770 659 3809 unam
696 3760 905 3809 tantum
938 3762 1143 3823 partem
1167 3795 1182 3818 ,
1226 3754 1321 3808 sed
1366 3753 1417 3808 in
1450 3768 1665 3807 omnem
1695 3754 1860 3810 colle-

248 3850 487 3907 ctionem
510 3848 686 3904 cadat.
714 3847 978 3914 Quocirca
1005 3846 1259 3901 Nicolans
1284 3846 1459 3900 Faber
1482 3848 1711 3915 partium
1743 3846 1860 3901 illa-

252 3962 374 4002 rum
406 3944 649 4001 Ordinem
674 3945 961 4013 invertere,
989 3950 1045 4001 et
1069 3946 1256 4015 prima:
1288 3952 1618 4012 postremam
1649 3956 1860 4013 praepo-

251 4052 386 4095 nere
412 4053 520 4093 non
550 4037 832 4093 dubitavit.

325 4129 439 4186 VH.
479 4127 732 4201 εει-κραδί
761 4130 855 4185 alii
884 4130 1135 4185 levantur.
1167 4158 1237 4170 ——-
1276 4127 1388 4183 Hac
1413 4125 1739 4182 difﬁcultate
1765 4140 1859 4181 ex-

252 4224 463 4298 pedita,
485 4239 605 4296 qua:
624 4223 843 4295 gravior
865 4224 1168 4290 videbatur,
1196 4223 1357 4278 facile
1374 4223 1485 4292 jam
1509 4222 1860 4277 excutiuntur

250 4318 613 4393 mm
622 4318 884 4389 serupuli,
900 4317 990 4387 qui
1013 4317 1166 4373 nobis
1180 4315 1619 4386 lHiIlOIIBgnfillll}
1638 4319 1862 4371 facesse-

252 4413 407 4469 baut.
451 4412 692 4483 Namque
721 4414 894 4466 virum
934 4411 988 4465 in
1032 4410 1318 4483 Phrygiam
1351 4412 1644 4479 relegatum
1675 4422 1778 4462 non
1808 4408 1859 4462 in

251 4504 486 4578 gemina
510 4514 564 4561 et
593 4505 799 4575 integra
821 4504 1173 4576 epistolarum
1201 4505 1484 4559 latinarum
1508 4502 1859 4572 exemplaria,

254 4598 352 4655 sed
377 4599 431 4653 in
452 4598 708 4653 mendosa
722 4597 1109 4668 incidissequis
1131 4598 1369 4667 statuant?
1389 4598 1521 4666 Quis
1535 4611 1667 4653 vero
1684 4607 1861 4668 neget,

1961 3373 2187 3429 omnino
2209 3374 2448 3445 sapiant;
2491 3377 2577 3432 vix
2620 3377 2914 3449 quidquam
2956 3395 3020 3435 ex
3050 3381 3119 3436 iis
3143 3381 3437 3441 confit-ia:
3468 3384 3571 3440 nisi

1961 3467 2101 3523 forte
2125 3468 2358 3536 dixeris,
2406 3471 2524 3527 libri
2557 3473 2716 3543 hujus
2741 3471 3184 3541 depravationem
3216 3476 3281 3531 iis
3305 3477 3573 3548 fingendis

1960 3560 2301 3617 occasionem
2332 3564 2653 3634 prtebuisse.
2697 3564 2762 3619 Et
2803 3580 2932 3622 vero
2976 3567 3299 3623 Arianorum
3333 3571 3571 3641 nequitia

1962 3652 2185 3723 dignum
2212 3664 2360 3721 erat,
2408 3662 2469 3711 ut
2509 3656 2629 3712 libri
2664 3656 2827 3729 hujus
2854 3659 3217 3730 integritatem
3250 3661 3406 3718 nobis
3436 3664 3569 3720 invi-

1962 3747 2175 3804 derent.
2208 3749 2350 3806 Casu
2381 3751 2543 3806 etiam
2573 3752 2793 3807 evenire
2821 3754 2995 3822 potuit
3022 3754 3169 3810 illius
3197 3753 3467 3813 confusio.

2036 3841 2127 3898 ΙΧ.
2160 3843 2262 3911 Qui
2299 3861 2436 3899 nunc
2474 3861 2604 3899 novo
2634 3845 2816 3902 ordine
2850 3858 3108 3919 reparata.
3132 3876 3201 3887 —
3237 3849 3431 3905 Verum
3455 3850 3567 3921 jam

1964 3951 2072 3991 non
2107 3938 2240 3991 tanti
2278 3938 2442 3993 refert
2476 3939 2617 3993 scire
2648 3939 2788 3995 unde
2830 3952 2947 3995 orta
2978 3942 3077 4006 sit,
3120 3943 3308 4013 quanti
3342 3928 3571 4000 interest

1965 4040 2021 4085 ut
2052 4030 2553 4103 quomodocumque
2578 4043 2875 4104 reparetur.
2900 4034 2996 4091 Vix
3016 4036 3159 4092 enim
3185 4052 3246 4093 ea
3276 4038 3440 4105 serie,
3465 4053 3574 4111 qua

1964 4122 2018 4177 in
2052 4136 2180 4178 mss.
2221 4132 2421 4193 exstat,
2453 4125 2571 4182 sine
2595 4126 2812 4182 fastidio
2842 4126 2948 4199 legi
2980 4129 3171 4199 possit,
3205 4139 3259 4186 et
3286 4132 3405 4187 sine
3429 4147 3569 4204 quo-

1964 4214 2088 4271 dam
2116 4233 2142 4270 a
2175 4233 2307 4273 vero
2354 4220 2638 4274 aberrandi
2685 4219 3020 4279 discrimine.
3064 4223 3136 4279 At
3183 4225 3301 4296 quis
3330 4228 3465 4284 ordo
3495 4238 3568 4284 te.

1966 4308 2176 4365 nendus
2195 4310 2219 4364 ?
2240 4309 2359 4365 Jam
2378 4311 2755 4369 desiderarunt
2778 4315 3045 4383 nonnulli,
3070 4320 3215 4373 varia
3236 4320 3568 4377 munimenta

1965 4399 2019 4457 in
2044 4416 2111 4457 eo
2135 4411 2387 4457 contenta
2423 4404 2719 4460 secundum
2758 4386 3062 4478 temporum
3094 4409 3338 4465 ordinem
3380 4412 3570 4468 distri-

1969 4492 2084 4547 bui.
2124 4493 2258 4550 llnic
2290 4505 2467 4551 tamen
2498 4511 2559 4553 se
2589 4511 2693 4552 non
2723 4513 2941 4570 semper
2982 4500 3278 4558 adhtesisse
3304 4505 3573 4576 significat

1968 4584 2203 4643 Hilarius
2225 4585 2465 4660 (Fragm.
2497 4604 2536 4657 ι,
2570 4607 2621 4644 n.
2668 4589 2748 4661 6),
2783 4607 2903 4646 cum
2931 4606 2991 4649 se
3020 4608 3049 4647 a
3090 4598 3260 4666 gestis
3292 4598 3574 4655 Arelaten-

254 4702 323 4748 επ
354 4692 601 4747 locorum
622 4692 917 4747 mutatione
940 4691 1191 4748 accidere
1217 4693 1479 4763 potuisse,
1505 4693 1686 4747 utalia
1714 4700 1859 4748 esset
1885 4682 1940 4744 D
1963 4679 2112 4736 Silius
2137 4722 2152 4748 9
2194 4681 2439 4751 quam"is
2468 4678 2612 4737 διίιιά
2646 4684 2882 4752 ρυειιιίθι
2923 4700 3103 4740 rerum
3132 4687 3268 4743 Ordo
3295 4732 3308 4752 ο
3349 4687 3560 4745 initium

249 4785 314 4840 in
354 4785 441 4840 his
470 4781 787 4855 fragmentis
807 4826 822 4853 ,
852 4784 955 4839 alia
1000 4785 1056 4840 in
1085 4784 1222 4840 libro
1267 4785 1334 4841 de
1365 4785 1598 4858 Synodis
1628 4783 1863 4856 pseudo-

258 4877 599 4935 Sardicensis
616 4876 739 4932 ﬁdei
762 4876 1082 4932 translatio?
1103 4878 1266 4934 Certe
1290 4878 1593 4933 mirandum
1620 4893 1727 4933 non
1752 4884 1855 4943 est,

254 4985 382 5029 eum
414 4972 467 5025 in
492 4970 712 5025 diverso
735 4983 923 5040 Opere,
966 4978 1214 5041 tempere
1238 4985 1301 5026 ac
1343 4972 1463 5027 loco
1489 4987 1592 5026 non
1621 4972 1710 5025 uni
1735 4985 1850 5025 ver-

254 5064 396 5121 sioni
447 5063 664 5119 stetisse
696 5105 711 5131 ,
786 5064 879 5133 qui
935 5065 1246 5133 praedictum
1304 5063 1857 5136 pseudo-Sardicense

256 5156 568 5231 symbolum
609 5171 673 5211 ac
702 5154 1003 5211 Sirmiense
1032 5167 1220 5211 contra
1252 5155 1536 5213 Pltutinum
1558 5198 1570 5221 ,
1614 5154 1860 5225 quamvis

256 5256 550 5321 utrumque
579 5262 755 5319 graece
784 5248 973 5303 iisdem
1006 5250 1183 5304 verbis
1208 5251 1543 5305 enuntiatum
1566 5251 1653 5316 sit,
1682 5249 1732 5302 itt
1751 5261 1861 5301 uno

254 5344 454 5403 eodem
480 5343 547 5397 de
565 5342 795 5415 byuodis
818 5343 954 5397 libro
980 5359 1087 5397 non
1110 5359 1210 5398 una
1233 5343 1444 5398 ratione
1470 5343 1709 5398 verterit.
1741 5340 1858 5396 Jant

258 5449 390 5493 vero
418 5434 487 5489 ad
515 5433 855 5491 anathemata
880 5434 1094 5490 Liberio
1113 5434 1278 5500 dicta,
1302 5435 1370 5491 ab
1395 5434 1516 5491 aliis
1540 5449 1858 5505 responsum

258 5537 351 5587 est
372 5544 438 5585 ea
468 5529 605 5584 forte
635 5526 704 5584 ab
731 5527 907 5584 aliena
937 5543 1099 5583 manu
1123 5528 1191 5583 ad
1221 5527 1520 5599 marginem
1551 5526 1820 5597 adscripta
1844 5569 1859 5593 ,

261 5622 460 5680 exinde
487 5623 539 5676 in
569 5628 781 5676 teattuu
816 5620 1145 5692 irrepsisse;
1188 5621 1257 5675 ab
1287 5619 1411 5676 aliis
1449 5629 1629 5677 autem
1654 5635 1717 5675 ea
1746 5627 1859 5674 tum

262 5716 332 5771 ab
357 5714 562 5769 llilario
593 5714 795 5783 prolata
828 5727 949 5768 esse
969 5753 985 5780 ,
1031 5728 1152 5768 cum
1180 5711 1422 5783 ejusdem
1460 5711 1730 5783 pontificis
1753 5713 1867 5783 ple-

262 5822 389 5863 nam
416 5806 641 5877 ignavia:
668 5806 954 5875 epistolam
984 5808 1218 5875 primum
1248 5805 1474 5877 accepit.
1507 5806 1701 5861 Putant
1722 5806 1863 5861 enim

266 5899 353 5957 Hc
375 5898 621 5956 exhiberi
657 5896 847 5956 Hilarii
871 5897 1181 5956 adversaria
1212 5897 1332 5956 sine
1357 5897 1549 5956 ordine
1575 5898 1863 5972 descripta,

1958 4772 2222 4829 facturum
2254 4790 2373 4831 esse
2404 4783 2721 4845 prtetnouet.
2752 4778 3089 4850 Quamquam
3121 4796 3245 4837 cum
3281 4782 3352 4839 ibi
3397 4783 3563 4839 ratio-

1960 4883 2085 4923 nem
2124 4866 2298 4922 reddit
2323 4883 2419 4922 cur
2448 4869 2612 4923 alium
2641 4868 2887 4925 ordinem
2919 4882 3182 4942 sequatur
3206 4915 3221 4941 ,
3256 4874 3308 4929 iu
3350 4878 3562 4933 caeteris

1962 4959 2279 5015 ordinandis
2307 4972 2547 5028 tempora
2587 4977 2646 5015 se
2678 4978 2784 5016 non
2818 4963 3121 5032 neglexisse
3163 4966 3304 5022 haud
3332 4968 3566 5025 obscure

1962 5054 2185 5109 indicat.
2226 5051 2382 5111 Unde
2417 5065 2472 5110 et
2518 5057 2701 5110 statim
2750 5059 3058 5114 subnectit:
3106 5060 3221 5115 Hoc
3268 5064 3421 5118 etiam
3462 5083 3566 5121 non

1957 5148 2210 5203 inutiliter
2238 5148 2555 5217 admonebo,
2586 5160 2637 5203 ut
2665 5151 2732 5205 ad
2761 5168 2911 5207 omne
2944 5153 3042 5207 hoc
3078 5157 3312 5211 volumen
3342 5157 3563 5229 diligens

1962 5243 2174 5297 intentio
2215 5241 2538 5297 adhibeatur.
2593 5242 2781 5299 Omnia
2827 5249 2962 5301 enim
3012 5260 3130 5303 sunt
3177 5260 3227 5304 et
3278 5255 3571 5321 separanda

1964 5335 2294 5407 temporibus,
2324 5346 2369 5390 et
2398 5336 2764 5409 distinguenda
2794 5340 3031 5409 iudiciis,
3075 5353 3178 5397 etc.
3217 5342 3369 5400 ﬂanc
3405 5347 3567 5415 igitur

1962 5427 2371 5498 dispositimem
2406 5431 2718 5485 censuimus
2745 5435 3001 5502 optimam
3040 5432 3191 5501 fore,
3238 5448 3357 5505 qua:
3382 5437 3562 5496 omnia

1957 5520 2038 5576 sic
2061 5531 2407 5592 temperaret,
2436 5532 2491 5577 ut
2511 5533 2563 5577 et
2592 5533 2895 5593 temporum
2926 5539 3238 5583 servaretur
3263 5530 3419 5600 ordo,
3455 5549 3557 5591 nec

1968 5630 2149 5672 rerum
2199 5616 2267 5671 ab
2314 5615 2519 5671 Hilario
2560 5617 2931 5674 ordinatarum
2980 5621 3118 5675 ratio
3164 5628 3563 5683 immutaretur.

1969 5710 2103 5767 Eam
2127 5710 2198 5767 ob
2226 5725 2339 5766 rem
2369 5711 2784 5768 observavimus
2808 5716 3023 5785 quoties
3045 5716 3098 5772 in
3129 5727 3242 5774 toto
3269 5719 3372 5777 hoc
3400 5739 3566 5795 opere

1972 5804 2375 5863 desideraretur
2420 5805 2625 5875 aliquid
2652 5848 2666 5873 ,
2708 5807 2851 5877 quod
2894 5819 3084 5864 auctor
3119 5826 3178 5867 se
3217 5813 3574 5874 subnexuisse

1976 5899 2322 5973 signiﬁcaret
2343 5913 2357 5965 ;
2381 5906 2474 5954 aut
2501 5905 2649 5956 certe
2673 5909 3023 5974 sequeretur,
3052 5901 3195 5975 quod
3217 5918 3340 5962 cum
3372 5921 3577 5978 praece-
