4062 6332
559 339 666 398 623
1488 333 1557 392 IN
1593 332 1837 392 SANCTI
1877 333 2132 392 HILARII
2172 329 2477 390 EPISCOPI
2517 331 2943 391 FRAGMENTA
3734 337 3821 394 εει

561 453 814 509 dentibus
843 466 951 508 non
978 450 1311 508 coluereret:
1359 459 1469 507 tum
1500 450 1632 506 illud
1665 455 1718 506 In
1747 459 1826 508 tot
1854 450 2155 523 fragmenta
2183 468 2237 528 Α
2261 465 2481 523 gressus
2509 451 2850 521 explicando,
2881 467 2998 506 eam
3024 466 3129 506 non
3155 449 3312 506 unius
3338 449 3586 517 hominis,
3631 453 3716 508 sed
3752 472 3822 508 l0-

561 546 768 618 partiti,
792 557 927 617 quot
951 545 1002 600 in
1027 544 1158 600 locis
1184 543 1326 600 nacti
1352 558 1540 598 sumus
1570 543 1838 599 dissutum
1860 545 2160 616 autaliqua
2269 544 2373 600 tius
2405 544 2527 600 fidei
2555 545 2924 614 expulsionem
2965 545 3266 614 suscepisse
3296 561 3361 600 ex
3402 545 3517 613 ipso
3558 546 3697 601 exitu
3745 547 3825 602 de-

563 639 646 695 sui
675 648 828 710 parte
855 636 1158 704 mutilatus,
1190 637 1485 708 fragmenta
1509 635 1719 708 singula
1749 635 2161 693 secundumor-
2267 648 2553 695 monstrat.
2617 639 2736 707 Quo
2785 639 2925 696 circa
2976 639 3234 711 quidquid
3279 653 3343 694 ex
3397 639 3557 694 variis
3610 640 3827 696 conciliis

561 733 744 790 dinem
771 744 1072 801 temporum
1098 731 1504 789 collocavimus.
2270 731 2516 802 exponit,
2569 731 2636 788 ad
2676 747 2842 788 unum
2883 732 3227 788 Arimineuse
3258 744 3526 804 tamquam
3575 731 3638 787 ad
3689 734 3827 790 linem

633 825 1080 900 609—610X.
1122 825 1258 883 Novi
1289 825 1444 897 hujus
1474 825 1670 880 ordinis
1696 824 1987 879 utilitas.-—
2008 821 2160 878 Novo
2266 824 2454 891 refert,
2477 825 2528 880 in
2561 840 2668 896 quo
2696 833 2884 896 aperte
2948 824 3197 895 patefecit
3247 824 3492 890 haeresis,
3541 825 3664 896 quid
3693 840 3831 895 supe-

562 923 865 980 illoordine
887 924 1118 995 primum
1142 922 1570 979 tituliaNicolao
1592 919 1943 976 Fabroinditi
1963 919 2161 975 veritas
2266 919 2502 975 rioribus
2533 919 2836 974 moliretur.
2887 917 3022 974 llinc
3075 919 3118 973 si
3174 933 3260 974 res
3312 925 3523 988 spectes
3572 916 3669 974 hoc
3711 917 3829 974 libro

560 1020 972 1092 comprobatur;
999 1034 1187 1076 eorum
1215 1017 1410 1075 deinde
1429 1017 1730 1073 consulitur
1763 1013 2156 1082 commoditati,

563 1111 652 1181 qui
681 1125 819 1180 opus
860 1109 991 1166 illud
1029 1110 1114 1166 vel
1159 1109 1399 1166 indicare
1435 1108 1674 1180 cupient,
1722 1108 1807 1163 vel
1863 1105 2156 1162 indicatum

561 1217 950 1274 recognoscere
968 1218 984 1268 ;
1006 1217 1070 1257 ac
1086 1201 1302 1257 demum
1330 1200 1522 1258 lectori
1540 1208 1848 1271 praestatur,
1863 1197 2007 1254 unde
2028 1195 2158 1253 illud

2267 1019 2572 1076 contentas,
2619 1010 2853 1082 plurium
2902 1009 3268 1082 synodorum;
3319 1009 3364 1064 si
3407 1024 3649 1081 scopum,
3698 1011 3831 1065 unius

2265 1105 2624 1161 Ariminensis
2667 1105 2946 1161 historiam
2983 1105 3269 1175 complecti
3309 1103 3566 1161 dicendus
3593 1113 3691 1162 est.
3714 1103 3828 1160 Cum

2265 1209 2444 1256 autem
2501 1198 2658 1271 hujus
2695 1199 2908 1255 concilii
2967 1199 3200 1254 maxime
3253 1197 3476 1254 Ursacio
3528 1206 3582 1254 et
3637 1197 3832 1254 Valente

555 1292 846 1364 jucundius
871 1294 983 1365 jam
1035 1293 1178 1365 legat
1215 1301 1377 1364 atque
1418 1292 1625 1348 utilius.
1675 1292 1732 1348 Si
1773 1294 1916 1346 enim
1949 1289 2157 1360 ingrata

559 1396 644 1442 est
692 1396 748 1443 et
803 1385 870 1440 ad
922 1401 1165 1442 errorem
1205 1384 1356 1441 ducit
1400 1399 1579 1442 rerum
1629 1393 1903 1454 gestarum
1933 1381 2154 1438 confusa

559 1480 839 1544 narratio;
865 1478 1100 1550 jucunda
1133 1494 1254 1535 esse
1280 1478 1444 1535 debet
1472 1487 1528 1534 et
1565 1477 1633 1534 ad
1667 1477 1952 1535 veritatem
1995 1475 2158 1533 redu-

559 1590 685 1632 cere
706 1574 955 1631 distincta
984 1584 1040 1630 et
1062 1575 1328 1631 ordinata.
1356 1575 1577 1646 Experti
1609 1589 1797 1630 sumus
1839 1574 1964 1643 ipsi,
1993 1589 2155 1646 quam
2263 1574 2472 1646 synodo
2497 1590 2562 1630 ac
2602 1582 2724 1645 post
2745 1575 2913 1629 moliti
2937 1582 3084 1640 sunt,
3114 1572 3210 1629 sed
3238 1583 3291 1630 et
3311 1589 3376 1628 ex
3409 1571 3644 1644 pristinis
3670 1588 3834 1628 eorum

557 1671 662 1728 sibi
694 1681 879 1726 mutuo
906 1669 1114 1740 singula
1141 1669 1464 1742 Fragmenta
1488 1683 1586 1724 suo
1618 1668 1738 1724 loco
1765 1667 1938 1738 posita
1975 1667 2154 1723 lucem
2262 1667 2398 1723 actis
2425 1667 2826 1738 comprobatur.
2879 1666 2960 1722 Ex
3005 1665 3200 1738 quibus
3253 1680 3470 1722 rursum
3522 1682 3640 1722 cum
3670 1665 3834 1722 Hiero-

558 1762 804 1819 allerant.
856 1762 1017 1819 Certe
1055 1761 1181 1834 quid
1210 1762 1263 1818 in
1291 1761 1394 1817 hoc
1418 1760 1558 1816 libro
1583 1761 1742 1828 desit,
1790 1757 1968 1815 sinon
1995 1756 2150 1814 exhi-
2263 1775 2426 1833 nymo
2455 1761 2769 1817 conciliatur
2802 1759 2926 1816 libri
2973 1758 3134 1831 hujus
3163 1759 3216 1815 in
3251 1760 3457 1818 nostris
3502 1776 3631 1816 mss.
3678 1761 3835 1817 consi-

555 1856 706 1926 bent,
741 1855 1059 1928 plerumque
1103 1855 1296 1940 saltem
1337 1852 1646 1909 ostendunt.
1693 1852 1964 1910 Interdum
1991 1852 2154 1909 etiam
2185 1877 2234 1937 Β
2262 1864 2426 1926 gnata
2457 1853 2759 1924 inscriptio.

558 1949 686 2006 dum
738 1948 1107 2006 continuatam
1171 1962 1350 2004 rerum
1401 1948 1595 2003 seriem
1638 1963 1704 2003 ex
1753 1946 1942 2003 ordine
1985 1945 2158 2016 expli-
2333 1947 2472 2004 XIII.
2507 1948 2728 2015 Quando
2756 1947 2976 2018 scriptus
2995 1948 3060 2004 sit
3083 1946 3166 2003 hic
3198 1948 3604 2020 liber.-—-Itaque
3627 1947 3832 2005 Hilarius

556 2055 701 2112 cant,
732 2061 951 2102 sensum
992 2043 1368 2100 demonstrant
1407 2043 1510 2100 sub
1539 2043 1811 2099 mendosis
1855 2042 2036 2098 verbis
2073 2041 2156 2096 la-
2263 2041 2522 2098 Ecclesiae
2546 2041 3016 2111 salutinumquam
3034 2057 3138 2096 non
3161 2041 3671 2112 prospiciens,sicut
3698 2041 3837 2096 libros

557 2149 782 2199 tentem.
805 2141 1016 2196 Clarius
1039 2139 1270 2208 denique
1298 2140 1480 2194 animo
1508 2137 1825 2194 intuendum
1848 2146 2159 2210 proponunt
2261 2135 2330 2192 de
2352 2135 2614 2192 Trinitate
2639 2136 2825 2202 edidit,
2859 2153 2926 2192 ne
2964 2137 3336 2192 exsulantibus
3367 2152 3514 2192 verae
3562 2136 3677 2192 fidei
3716 2150 3834 2206 prte-

557 2242 729 2291 totum
760 2233 814 2290 in
847 2233 951 2290 hoc
980 2248 1145 2305 opere
1169 2233 1408 2289 auctoris
1433 2232 1742 2290 consilium.
2262 2231 2589 2287 dicatorihus
2641 2246 2773 2287 sana
2827 2229 3074 2286 doctrina
3129 2229 3474 2286 coexsularet
3525 2229 3676 2302 (Lib.
3721 2245 3747 2283 x
3789 2229 3839 2282 de

627 2325 718 2383 XI.
769 2325 917 2380 Libri
969 2327 1125 2396 liuius
1169 2343 1369 2381 summa
1418 2334 1466 2380 et
1511 2341 1717 2396 scapus.
1759 2356 1829 2366 —
1859 2327 2050 2382 Statim
2089 2340 2158 2382 ex
2265 2325 2480 2392 Trinit.,
2508 2343 2560 2380 η.
2600 2324 2688 2396 ι);
2741 2325 2815 2380 ita
2846 2335 2900 2380 et
2931 2325 3167 2396 suscepit
3211 2325 3313 2380 hoc
3341 2339 3504 2397 opus,
3562 2341 3627 2380 ne
3674 2324 3840 2381 absen-

553 2421 856 2493 fragmento
883 2435 902 2474 ι
927 2428 1174 2489 apparet,
1207 2419 1466 2474 Hilarium
1489 2419 1557 2474 ab
1576 2416 1882 2474 Arelatensi
1925 2417 2154 2490 synodo,
2263 2422 2404 2478 tibus
2455 2422 2729 2493 plerisque
2775 2421 3088 2476 Pastoribus
3137 2427 3360 2475 noceret
3410 2435 3656 2490 perversa
3689 2437 3700 2472 :
3730 2425 3840 2474 etut

553 2513 710 2584 cujus
733 2523 850 2567 acta
871 2511 1271 2574 desiderantur,
1301 2509 1444 2565 hunc
1469 2510 1667 2566 librum
1714 2509 2019 2564 inchoasse.
2076 2508 2157 2564 Ex
2262 2514 2630 2585 unusquisque
2656 2513 2864 2568 Iudicio
2879 2513 3112 2585 deinceps
3127 2513 3337 2583 proprio
3355 2511 3637 2566 consistens
3662 2509 3838 2566 falsita~

553 2622 661 2678 quo
687 2621 794 2661 non
827 2604 1061 2661 absurde
1089 2605 1329 2675 cogitare
1358 2614 1462 2670 est,
1493 2619 1556 2659 ea
1581 2602 1647 2658 ad
1673 2602 1981 2672 praedictam
2025 2606 2156 2658 Are-

2265 2619 2368 2666 tem
2399 2610 2542 2664 illius
2572 2624 2667 2678 per
2693 2623 2752 2663 se
2776 2607 3129 2670 discerneret,
3172 2617 3218 2661 et
3251 2606 3548 2677 opinionem
3574 2622 3668 2660 non
3686 2620 3834 2674 seque.

552 2698 818 2754 Iatensem
859 2697 1122 2770 synodum
1157 2695 1528 2751 illustrandam
1578 2696 1872 2766 pertinere,
1926 2710 2046 2765 qua:
2088 2693 2159 2750 de
2267 2717 2410 2760 mm
2451 2705 2672 2759 alienam
2720 2699 2910 2772 (Frag.
2966 2717 3024 2768 ι,
3074 2719 3124 2754 η,
3177 2701 3252 2770 7).
3310 2698 3468 2768 Quod
3520 2715 3585 2756 eo
3633 2709 3840 2767 tempore

555 2790 864 2848 Sardiceusi
905 2805 967 2846 ac
995 2790 1224 2846 solemni
1254 2787 1497 2844 Valentis
1549 2796 1604 2844 et
1655 2786 1862 2844 Ursacii
1895 2797 2158 2844 retracta-
2263 2793 2834 2853 convenientissimum
2867 2803 3012 2860 erat,
3051 2792 3194 2864 quod
3231 2792 3296 2848 ad
3342 2792 3734 2849 Ariminensem
3768 2803 3841 2845 ec-

552 2885 704 2941 tione
750 2884 1054 2957 fragmento
1099 2900 1133 2939 ιι
1180 2882 1560 2953 subjiciuntur.
1612 2881 1693 2936 Ex
1741 2881 1806 2937 iis
1833 2882 1978 2938 enim
2022 2882 2159 2937 aolis
2264 2889 2458 2944 thesim
2505 2886 2885 2957 excipiendam
2936 2883 3238 2941 Constantii
3305 2883 3650 2956 imperatoris
3691 2881 3841 2938 edicto

553 2989 742 3053 aperte
771 2980 1178 3036 demonstratur
1219 2978 1473 3046 iniquitas
1519 2977 1802 3034 sententiae
1841 2992 1946 3048 qua
1990 2976 2156 3031 Atha-

2265 2983 2592 3054 cogebantur
2621 2996 2832 3046 omnes,
2858 2990 2912 3035 et
2938 2995 3046 3050 quo
3079 2979 3331 3046 Hilarius,
3369 2979 3542 3035 illmso
3580 2980 3834 3048 imperato-

555 3075 762 3140 nasius,
794 3073 1013 3130 Arelate
1050 3087 1114 3129 ac
1145 3082 1326 3143 postea
1363 3071 1673 3136 Mediolani,
1720 3069 1963 3135 Valente,
1994 3069 2160 3126 Ursa-
2262 3075 2337 3130 ris
2378 3075 2614 3141 nomine,
2652 3089 2771 3128 eam
2803 3071 3054 3128 omnibus
3092 3070 3458 3128 damnandam
3499 3072 3836 3128 demmistrare

553 3170 641 3228 cio
679 3178 735 3226 et
771 3167 1067 3225 Saturnino
1094 3165 1408 3222 auctoribus
1448 3164 1842 3220 condemnatus
1872 3173 1974 3220 est.
2004 3162 2159 3219 Unde
2260 3167 2574 3229 conabatur,
2589 3165 3216 3222 doneeliceretcamdem
3233 3162 3842 3238 publiceinGll-Gla

554 3261 611 3317 in
632 3261 824 3318 eodem
849 3259 1152 3330 fragmento
1174 3274 1228 3314 η.
1255 3259 1344 3322 18.
1373 3271 1584 3324 eorum,
1614 3256 1704 3327 qui
1727 3254 1969 3311 Sardicm
1993 3255 2161 3310 Allia-
2190 3271 2234 3335 ρ
2267 3259 2512 3316 conciliis
2559 3259 2820 3314 damnare
2860 3268 2913 3313 et
2941 3259 3225 3330 abrogare.
3255 3258 3363 3314 Sed
3414 3268 3471 3314 et
3496 3259 3634 3314 hunc
3677 3258 3842 3312 librum

557 3353 692 3410 nasii
721 3351 1122 3408 absolutionem
1167 3358 1546 3420 procurarunt,
1587 3348 2050 3418 comparationem
2082 3347 2162 3402 fa-
2266 3353 2584 3409 Constantio
2605 3352 2778 3407 adhuc
2808 3354 2951 3418 vivo,
2977 3362 3032 3407 et
3052 3353 3119 3406 ah
3135 3351 3358 3408 Oriente
3387 3351 3621 3408 nondum
3651 3362 3838 3406 reverso

556 3447 709 3502 ciens
743 3444 976 3500 Hilarius
1020 3459 1142 3499 cum
1175 3443 1241 3497 iis
1266 3442 1356 3513 qui
1405 3441 1622 3496 Arelate
1667 3440 1718 3495 in
1761 3439 2002 3510 ejusdem
2031 3454 2162 3495 con-
2265 3446 2469 3502 Hilario
2508 3446 2820 3502 inchoatum
2845 3461 2986 3511 esse,
3007 3461 3070 3501 cx
3096 3444 3644 3516 Fragmentorlonge
3666 3441 3837 3500 certius

560 3539 835 3610 spirarunt
864 3535 1287 3598 damnationem,
1320 3533 1437 3587 ait:
1481 3531 1760 3604 Ignarum
1797 3548 1884 3586 vos
1917 3530 2164 3604 negabitis
2264 3538 2567 3594 conficitur.
2597 3538 2679 3594 Ad
2709 3538 2850 3609 quod
2905 3539 3052 3594 enim
3095 3537 3261 3605 aliud,
3312 3539 3417 3594 nisi
3461 3539 3527 3594 ad
3573 3531 3838 3594 COnStantii

557 3631 864 3698 Athanasio,
893 3629 1042 3700 cujus
1083 3627 1460 3682 damnationem
1509 3644 1542 3679 a
1589 3626 1728 3681 vobis
1759 3623 1968 3690 Valens,
2003 3623 2164 3680 Ursa-
2269 3640 2501 3702 tempus,
2521 3630 2806 3687 commode
2828 3631 3081 3686 retuleris
3104 3632 3290 3686 isthmc
3311 3647 3464 3687 num.
3488 3636 3520 3686 4
3543 3630 3635 3686 :In
3654 3630 3843 3687 Romani

558 3729 690 3792 cius,
720 3724 1036 3782 Saturninus
1084 3721 1316 3792 exigunt,
1362 3720 1426 3774 ab
1469 3718 1615 3785 Osio,
1669 3717 1979 3783 Maximino,
2019 3716 2164 3772 Julia
2265 3726 2467 3796 imperii
2516 3726 2731 3798 negotiis
2760 3727 2901 3795 quies
2945 3727 3196 3798 carpitur,
3230 3743 3321 3783 rea:
3349 3727 3584 3798 angitur,
3618 3727 3838 3795 palatium

559 3821 814 3877 redditam
839 3814 1288 3874 communionem?
1313 3813 1448 3869 Hinc
1475 3828 1594 3886 (ιυὶΕ
1623 3812 1738 3868 εἰνο
1766 3810 2022 3875 Luciferi,
2052 3810 2163 3866 Ειιο
2270 3825 2424 3894 ferret
2443 3864 2458 3890 ν
2485 3822 2710 3893 episcopi
2748 3821 3174 3886 circumcursa)“,
3230 3831 3334 3876 etc,
3369 3821 3513 3890 Quid
3562 3835 3712 3890 porro
3755 3813 3840 3872 sibi

561 3911 720 3979 sebii,
769 3911 1107 3981 aliorumque
1136 3905 1508 3963 confessorqu
1538 3903 1748 3970 exsilia,
1782 3903 1900 3959 sive
1928 3901 2167 3958 Vincen-
2269 3920 2402 3985 vnn,
2449 3915 2591 3987 quod
2624 3915 2784 3986 paulo
2811 3925 2937 3972 ante
2965 3916 3261 3986 pmminii,
3299 3915 3450 3986 ορυδ
3477 3928 3610 3971 mm,
3648 3929 3838 3988 gum...

563 4007 621 4062 tii
649 4022 714 4062 ac
739 4001 1116 4061 Fortunatiaui
1147 4000 1358 4072 lapsum
1379 4005 1650 4069 Spectanl,
1679 4005 1733 4053 et
1764 3997 1904 4052 inter
1930 3996 2047 4050 haec
2086 3995 2156 4050 ius

2271 4011 2499 4066 locorum
2519 4011 2572 4064 in
2603 4010 2787 4082 quibus
2809 4021 2950 4084 gesta
2975 4027 3055 4066 res
3083 4021 3176 4080 est,
3217 4027 3412 4082 nosque
3441 4014 3657 4084 agimus,
3693 4011 3842 4079 despe-

564 4109 706 4156 Seﬂa
738 4096 941 4154 Liber“
965 4096 1194 4168 Primum
1222 4093 1432 4149 Ῐθῐίίίθτ
1462 4091 1604 4147 diem
1643 4098 1925 4160 εθειθαυθ,
1957 4104 2021 4144 ac
2048 4097 2167 4144 mn"
2270 4107 2472 4162 ratione
2499 4107 2864 4178 peregrinum?
2891 4107 3023 4176 Quis
3073 4107 3162 4163 ille
3192 4107 3363 4174 locus,
3403 4109 3455 4163 in
3485 4123 3591 4180 quo
3622 4104 3842 4163 Ursacius

565 4193 686 4249 dem
734 4189 904 4260 turpis
949 4203 1070 4244 cum
1125 4186 1338 4242 Arianis
1386 4199 1705 4252 consensus,
1757 4181 1943 4238 haberi
1971 4182 2167 4238 merito
2271 4217 2334 4256 ac
2362 4201 2561 4258 Valens
2591 4211 2649 4256 ιη
2701 4201 2826 4258 ηηεί
2869 4202 3094 4273 perﬁdia
3149 4202 3511 4259 Ariminensis
3541 4201 3842 4274 pmpoiimi

566 4294 790 4353 possunt
813 4282 962 4337 velut
1003 4278 1336 4335 Arelatensis
1376 4277 1570 4350 synodi
1599 4275 2038 4339 consecutioues,
2072 4282 2169 4330 aut
2272 4290 2575 4358 enecerim’
2606 4293 2708 4348 nisi
2740 4293 2867 4349 urbs
2897 4294 3043 4366 regiiI
3079 4305 3135 4350 ei
3173 4295 3521 4365 iinpemioris
3549 4289 3840 4352 comiiaiiisi

567 4383 716 4430 certe
741 4373 1114 4428 inchoationes
1144 4369 1524 4427 Arhniuensis.
1551 4367 1716 4439 Cujus
1741 4376 1858 4422 acta
1887 4376 2009 4460 post
2053 4366 2169 4423 hazc
2271 4383 2402 4451 Quae
2432 4384 2558 4440 inim
2592 4384 2704 4440 ioca
2733 4383 3042 4456 desperaia’
3089 4388 3192 4442 nisi
3231 4386 3452 4456 oriens,
3489 4387 3640 4460 cuius
3679 4386 3838 4441 decem

569 4482 668 4524 δυο
695 4465 884 4522 ordine
915 4465 1156 4530 νεηίυηῑ,
1188 4475 1242 4519 ει
1271 4479 1391 4535 quae
1420 4477 1542 4518 Cum
1569 4461 1637 4516 ad
1680 4459 1810 4516 mu“
1854 4459 2170 4518 reseindell'
2272 4477 2501 4533 Asianas
2527 4477 2855 4548 provincias,
2915 4477 3098 4548 paucis
3153 4495 3274 4535 eum
3331 4459 3567 4536 Eleusio
3611 4474 3838 4546 exceptis,

569 4559 697 4617 dum
727 4559 889 4613 variis
919 4555 972 4611 in
1007 4557 1136 4612 locis
1157 4572 1186 4611 a
1209 4555 1490 4612 catholicis
1517 4562 1736 4616 statuta,
1759 4564 1869 4608 tum
1892 4553 1959 4608 ad
1990 4555 2168 4624 ipsum
2273 4583 2400 4625 νοτε
2423 4568 2590 4624 Deum
2620 4570 2831 4626 nescire
2852 4570 2962 4642 iam
2992 4572 3086 4627 iiii.
3133 4572 3201 4629 de
3240 4572 3450 4646 Synod.
3487 4590 3633 4630 num.
3663 4571 3743 4633 δε,
3762 4581 3839 4624 an.

469 4725 482 4732 _
574 4649 1014 4726 ντορυεῐιηηάωη
1056 4650 1124 4706 ab
1169 4648 1393 4705 υτεθείθ
1445 4657 1501 4702 ει
1541 4646 1766 4702 va'eme
1819 4655 2040 4702 ιθηίτηθο
2086 4646 2540 4734 ExDdivitnus?
2563 4661 2853 4732 Propterea
2898 4665 3228 4736 peregrinum
3265 4675 3349 4722 est
3393 4682 3552 4737 opus,
3598 4665 3711 4737 quia
3738 4673 3836 4716 cum

573 4761 682 4816 (1υο
710 4752 954 4814 apparet:
1002 4741 1264 4797 Hi'aril'm
1311 4739 1414 4796 hoc
1457 4753 1566 4794 “"0
1615 4739 1776 4807 ubi".
1805 4738 2064 4810 (ιιιίάίιιιίά
2113 4738 2168 4794 in
2279 4750 2513 4807 Hilarius
2542 4749 3033 4822 Constantinopoli,
3059 4756 3110 4810 in
3140 4772 3244 4827 qua
3280 4768 3549 4826 versatur,
3578 4769 3726 4828 atque
3749 4751 3839 4809 cir-

572 4836 866 4894 Occidente
918 4834 1142 4890 haeresis
1187 4832 1386 4890 Ariana
1427 4831 1679 4904 gesserit,
1707 4829 2168 4903 comprehendere
2277 4843 2708 4914 cumjacentibus
2758 4847 3069 4918 regionibus
3108 4851 3374 4915 proficere
3401 4865 3462 4906 se
3493 4863 3644 4922 posse
3676 4847 3839 4916 despe-

570 4930 826 4986 voluisse.
2278 4946 2382 5005 ret,
2415 4938 2481 4993 ad
2505 4938 2851 4994 Occidentem
2899 4941 3028 4997 illud
3068 4942 3305 5000 destinat
3347 4945 3491 5001 unde
3538 4945 3698 5001 abest.
3727 4940 3838 4997 Eam

645 5021 761 5077 XII.
807 5019 972 5074 Plura
999 5021 1220 5074 continet
1249 5029 1385 5086 acta,
1416 5020 1504 5074 sed
1531 5035 1642 5090 qua:
1669 5019 1738 5074 ad
1780 5021 1930 5074 unius
1979 5018 2156 5074 Arimi-

2278 5032 2421 5086 enim
2452 5032 2600 5087 verbi
2630 5034 2954 5103 peregrinum
2977 5035 3084 5090 vint
3115 5052 3235 5092 esse
3262 5039 3431 5107 liquet
3464 5055 3528 5094 ex
3558 5039 3636 5092 his
3673 5035 3754 5090 lib.
3781 5030 3838 5086 de

570 5120 743 5173 nensis
772 5115 956 5189 synodi
984 5115 1248 5170 historiam
1278 5119 1587 5185 referuntur.
1647 5113 1890 5185 Namque
1939 5130 2060 5169 cum
2115 5115 2168 5170 in
2277 5123 2484 5202 Synod.
2523 5140 2668 5179 num.
2694 5124 2764 5180 65
2798 5143 2810 5178 :
2849 5124 2969 5181 Non
2999 5131 3270 5201 peregrina
3301 5131 3502 5202 loquor,
3547 5147 3695 5202 neque
3718 5127 3837 5198 ἕρπο-

575 5213 658 5267 his
687 5211 930 5283 partibus
958 5209 1080 5264 fidei
1123 5207 1439 5264 defensores
1468 5207 1772 5263 Arelatensi
1827 5208 2036 5280 synodo
2079 5224 2174 5265 ex-
2278 5201 2623 5286 ram-scribo;
2651 5220 2826 5275 audivi
2845 5239 2905 5276 ac
2933 5223 3037 5276 vidi
3073 5225 3195 5278 vitia
3219 5227 3544 5298 praesentium
3591 5201 3752 5280 :icum
3775 5216 3834 5274 ibi

575 5307 782 5378 pellere
820 5305 1114 5374 coepisset.
1147 5315 1244 5356 eos
1285 5315 1389 5355 non
1421 5299 1541 5354 fidei
1573 5301 1666 5356 scd
1709 5303 1866 5356 unius
1893 5301 2172 5357 Athanasii
2279 5313 2548 5383 peregrina
2599 5314 2883 5370 manifeste
2935 5326 3281 5388 opponantur
3328 5319 3698 5390 praesentibus.
3743 5311 3834 5368 lloc

574 5399 746 5472 gratia
773 5399 826 5453 in
855 5397 1104 5453 exsilium
1132 5392 1340 5464 ejectos
1369 5407 1491 5448 esse
1520 5394 1676 5462 vulgo
1700 5395 1966 5464 persuasit
1990 5411 2003 5460 ;
2035 5395 2174 5450 adeo
2279 5406 2441 5476 igitur
2463 5405 2690 5463 ndnrsns
2713 5425 2856 5463 anno
2882 5409 3008 5476 350’
3041 5427 3163 5466 cum
3203 5411 3379 5468 adhuc
3405 5401 3834 5476 ροηειεηιίηοροιξ

578 5504 636 5549 ut
677 5493 764 5549 hic
812 5507 968 5548 error
1020 5505 1186 5561 prope
1225 5488 1465 5544 omnium
1511 5489 1788 5559 occuparit
1835 5502 2063 5556 mentes,
2095 5499 2176 5546 tot
2279 5512 2609 5565 versaretur,
2641 5517 2704 5558 ac
2733 5505 3044 5576 priusquam
3086 5518 3273 5563 contra
3316 5507 3679 5564 Constantium
3725 5496 3834 5556 scri-

577 5584 890 5640 sacerdotes
909 5583 1131 5645 idcirco,
1163 5582 1378 5653 quodin
1409 5581 1557 5636 illum
1584 5583 1906 5637 sententiam
1938 5599 2042 5639 non
2070 5581 2172 5638 fer—
2280 5592 2466 5661 heret,
2526 5604 2714 5666 postea
2771 5599 2822 5653 in
2867 5599 2986 5657 dies
3034 5602 3275 5672 adauxit,
3331 5603 3409 5660 uti
3465 5601 3619 5658 ﬁdem
3665 5596 3833 5654 faciunt

579 5685 718 5742 rent,
754 5677 1024 5742 exsulare,
1056 5689 1285 5744 eamque
1315 5690 1422 5729 non
1451 5680 1583 5730 satis
1605 5673 1820 5746 dignam
1851 5691 1972 5730 esse
1994 5691 2180 5734 susce-
2277 5684 2573 5757 fragmenta
2605 5705 2663 5755 ιι,
2697 5706 2791 5755 xn,
2819 5702 2924 5749 etc,

579 5769 656 5836 pti
688 5768 864 5860 exsilii
891 5783 1131 5824 causam.
1156 5767 1412 5860 Errorem
1443 5768 1807 5824 illum'sanare
1833 5779 1986 5825 curat
2029 5769 2174 5824 Hiia-
2351 5779 2490 5836 xlv,
2533 5784 2686 5850 Quod
2741 5786 2794 5842 in
2835 5788 3044 5859 singuia
3069 5788 3229 5846 docic
3270 5801 3324 5847 ei
3361 5791 3580 5856 copiose
3615 5784 3828 5860 pmfiiius

562 5862 691 5916 rius
743 5859 936 5931 (Frag.
989 5877 1026 5928 t,
1073 5878 1127 5917 η.
1181 5859 1259 5932 ι),
1303 5877 1425 5920 cum
1458 5861 1734 5922 mendacis
1779 5863 2003 5926 haeresis
2055 5880 2177 5936 pro-
2281 5882 2366 5932 est
2392 5872 2642 5935 Nicolaus
2675 5879 2867 5951 Faber,
2902 5897 3010 5941 uou
3037 5885 3478 5956 supprimendum
3504 5859 3827 5946 duximus,ne

2265 1293 2590 1350 instantibus
2618 1303 2725 1349 tam
2773 1293 2958 1350 infelix
2988 1292 3164 1349 exitus
3214 1291 3410 1358 fuerit;
3461 1307 3566 1348 non
3610 1292 3742 1346 male
3766 1291 3832 1345 in-

2267 1387 2533 1444 scribatur
2561 1398 2750 1444 contra
2778 1387 2914 1443 duos
2943 1387 3066 1443 illos
3098 1391 3131 1440 Α
3143 1389 3308 1442 riana:
3333 1393 3498 1442 secta:
3514 1385 3692 1452 duces,
3721 1401 3833 1456 quo-

2265 1497 2384 1536 rum
2417 1479 2636 1550 perfidia
2667 1496 2777 1536 non
2824 1481 2984 1537 exiis
3032 1479 3211 1535 solum
3259 1495 3380 1552 quae
3432 1479 3746 1535 Ariminensi
3789 1477 3834 1534 in
