4062 6332
307 307 415 366 625

1742 297 2128 360 ΡΒᾸΞῈΑΤΙΟ.

3506 300 3612 358 626

306 424 506 496 periret
534 420 749 478 laudata
780 434 807 474 a
839 421 1022 476 multis
1065 418 1398 485 lucubratio;
1423 418 1516 474 sed
1543 430 1610 474 ne
1634 415 1908 473 Hilariana
1938 422 1991 482 Α
2015 418 2082 474 ab
2106 417 2297 474 eodem
2329 418 2540 489 vulgata
2569 427 2718 487 sunt,
2767 418 2924 490 hujus
2965 417 3196 476 indicem
3251 418 3607 487 subteximus,

303 517 506 587 scripta
548 516 790 588 longiore
819 531 848 570 a
877 532 936 571 se
966 514 1249 570 intervallo
1279 521 1574 584 separaret,
1607 521 1814 568 tantum
1852 513 1905 568 in

302 608 617 680 Appendice
645 609 1038 680 reponendum.
1073 608 1150 663 ita
1170 607 1333 664 etiam
1359 621 1426 662 ne
1443 606 1692 673 cuiquam
1722 615 1908 676 pereat

300 703 554 775 antiquus
579 701 736 766 ordo,
764 717 871 775 quo
897 701 1107 774 singula
1147 699 1308 772 hujus
1354 699 1536 771 operis
1576 698 1906 756 monimenta

2014 528 2177 586 quem
2204 527 2326 571 cum
2370 528 2514 571 novo
2543 513 2792 573 conferre
2842 528 2950 572 uno
2995 513 3190 572 intuitu
3229 511 3460 586 quisque
3514 528 3608 569 va-

2013 607 2143 666 leat.

881 886 3560 922 Μ..

293 1073 654 1155 θιθθιίί
694 1085 2193 1224 FRAGMENTORUM
2259 1081 2843 1214 VETUS
2910 1081 3423 1215 ΟΒῡο

1158 1376 1422 1464 CUM
1495 1373 1832 1462 NOVO
1909 1369 2740 1460 COMPARATUS.

1695 1605 2172 1665 WQ-o-

1642 1773 1892 1836 NOVUS.

1622 1891 1834 1949 Fnaeu.
1850 1891 1893 1947 I.

580 1784 770 1844 ORDO
800 1782 1051 1842 VETUS.

520 1917 677 1958 LIBER
714 1915 898 1957 SANCTI
929 1913 1129 1955 IIILABII
1139 1938 1152 1952 .

280 2017 628 2074 Pictavensis
655 2014 947 2087 provincia:
978 2010 1306 2083 Aquitaniae,
1336 2017 1444 2066 etc.

368 2112 568 2168 Sancto
594 2108 820 2180 Spiritu,
856 2114 962 2162 etc.

2366 1773 2558 1832 ORDO
2594 1773 2847 1832 VETUS.

2081 1885 2210 1943 Item
2237 1887 2478 1959 ejusdem
2510 1888 2579 1946 de
2606 1889 2820 1958 exsilio,
2837 1887 3086 1958 Ursacio,
3107 1887 3214 1946 γε.

2008 1981 2142 2039 lenti
2180 1990 2236 2037 et
2270 1981 2569 2039 Germinio.

2081 2075 2214 2132 Item
2237 2077 2461 2146 epistola
2480 2075 2679 2134 Liberii
2703 2076 2770 2134 de
2791 2078 2982 2136 exsilio
3005 2080 3072 2136 ad
3089 2079 3222 2137 Vin-

3365 1775 3600 1837 NOVUS

371 2203 607 2276 Epistula
639 2171 842 2274 synodi
889 2197 1229 2256 Sardicensis
1264 2197 1332 2252 ad
1381 2196 1504 2252 uni-
1581 2193 1789 2252 Fascu.
1830 2193 1896 2249 II.
1933 2191 1980 2252 Β

2068 2171 2268 2224 intium.

278 2311 481 2354 versas
504 2294 797 2351 Ecclesias.

371 2388 608 2461 Epistula
640 2385 777 2442 facta
807 2385 874 2441 ad
900 2384 1101 2442 Julium
1131 2383 1283 2439 urbis
1325 2383 1510 2438 Romae

278 2484 634 2554 episcopum,
662 2479 806 2536 Iulio
829 2480 1088 2551 episcopo
1131 2493 1160 2533 a
1191 2477 1400 2550 synodo
1420 2476 1504 2532 di-

277 2587 636 2718 ΐεὲἶῖειοιθ.
677 2660 837 2718 quam
880 2652 1001 2716 post
1052 2641 1507 2699 renuntiationetu

277 2740 692 2806 Orientalium,
764 2737 1120 2793 Athanasium
1184 2751 1336 2793 reum
1401 2749 1507 2791 non

275 2847 438 2898 esse,
466 2832 519 2888 in
560 2831 691 2886 urbe
729 2829 902 2886 Roma
956 2827 1293 2898 holographa
1338 2842 1500 2882 manu

277 2925 499 2982 Valens
528 2922 865 3004 perscripsit,
883 2929 939 2977 et
959 2919 1216 2976 Ursacius
1233 2919 1509 2990 subscrip-

273 3020 390 3077 sit.

371 3109 501 3166 item
521 3111 832 3183 exemplum
853 3111 1075 3168 alterius
1104 3108 1349 3181 epistulae
1400 3107 1506 3163 Va-

275 3205 458 3262 lentis
504 3217 555 3262 et
602 3205 836 3272 Ursaeii,
880 3221 1042 3278 quam
1094 3214 1215 3275 post
1260 3202 1506 3274 aliquano

279 3307 410 3354 tum
441 3298 704 3369 temporis
735 3297 804 3353 ab
829 3296 1104 3368 Aquileia,
1136 3303 1325 3366 postea
1354 3308 1514 3365 quam

279 3393 439 3447 hanc
477 3392 816 3458 superiorem
871 3391 1059 3447 Romae
1105 3391 1388 3455 miserant,
1438 3387 1507 3444 ad

278 3481 656 3542 Athanasium
684 3484 954 3540 miserunt
987 3482 1330 3554 episcopum.

372 3577 534 3635 Fides
576 3578 717 3650 apud
740 3578 974 3635 Nicaeam
1005 3579 1309 3648 conscripta
1341 3592 1370 3630 a
1403 3574 1508 3632 518

279 3671 572 3743 episcopis
599 3681 787 3728 contra
817 3687 1008 3729 omnes
1033 3671 1292 3728 hereses.

374 3785 613 3856 Epistula
635 3784 834 3842 Liberii
861 3785 1100 3856 epiSCOpi
1147 3785 1296 3840 urbis
1330 3784 1515 3840 Romae
1555 3783 1764 3842 FEAGM.
1808 3783 1900 3840 IV.

283 3877 369 3935 ad
399 3877 700 3934 Orientales
727 3878 1035 3949 episcopos.

369 3971 499 4026 Item
547 3971 776 4042 epistola
815 3970 1012 4028 Liberii
1061 3971 1297 4042 episcopi
1351 3971 1499 4026 urbis
1561 3969 1767 4028 FRAGM.
1811 3969 1906 4027 XII

283 4064 486 4121 Roma:
531 4062 598 4118 ad
653 4063 952 4120 catholicos
988 4063 1158 4120 Italia:
1199 4062 1501 4133 episcolios.

369 4155 606 4226 Epistula
637 4156 1013 4228 episcoporum
1049 4155 1212 4211 Italia:
1255 4153 1321 4210 ad
1373 4154 1488 4226 epi-

280 4267 496 4322 scopos
523 4253 786 4325 illyricos.

373 4348 612 4418 Epistula
649 4347 885 4403 Valentis
922 4359 976 4404 et
1027 4348 1235 4404 Ursacii
1285 4358 1338 4405 et
1367 4347 1492 4404 alio-
1533 4345 1904 4404 FnauleV.

290 4458 422 4499 rum
453 4441 517 4495 ad
552 4427 912 4497 Gertuiniuni.

373 4535 716 4604 Ilescriptum
771 4534 1037 4590 Gertninii
1080 4534 1146 4590 ad
1199 4533 1506 4601 Ruﬁanum,
1552 4534 1759 4590 Fnauu.
1786 4532 1902 4591 XV.

290 4627 600 4684 Palladium
633 4639 686 4682 et
719 4639 970 4682 caeteros.
1011 4657 1014 4661 -

371 4721 726 4795 615-616
759 4722 992 4792 Epistula
1027 4721 1224 4777 Liberii
1247 4723 1506 4793 rescripta
1550 4721 1754 4778 Fnauu.
1820 4719 1904 4777 Vl.

287 4817 366 4872 ad
412 4816 724 4882 Eusebium,
759 4806 1072 4889 Dionysium
1109 4825 1164 4871 et
1199 4815 1506 4872 Luciferum

286 4912 672 4972 Confessores,
705 4921 830 4966 ante
857 4926 1016 4981 quam
1031 4909 1096 4964 ad
1115 4911 1361 4966 exsilium
1383 4911 1505 4966 iret.

376 5003 505 5057 Item
545 5003 788 5074 ejusdem
810 5002 876 5058 ad
899 5002 1174 5058 Caecilium
1206 5003 1518 5077 episcopum

290 5096 663 5167 Spoletinum.

373 5189 654 5256 Quomodo
692 5187 940 5245 Liberius
989 5189 1104 5246 haec
1151 5191 1332 5247 omnia
1387 5205 1508 5262 qua:

289 5295 542 5356 gesserat
571 5287 656 5341 vel
681 5288 1022 5358 promiserat,
1058 5288 1255 5344 missus
1286 5289 1339 5344 iu
1365 5289 1504 5345 exsi~

293 5380 434 5436 lium
463 5381 711 5438 universa
743 5382 796 5437 in
831 5381 1046 5440 irritum
1086 5383 1329 5441 deduxit.

2080 2261 2318 2336 Epistula
2377 2265 2737 2324 Orientalium
2792 2269 3169 2341 episcoporum
3203 2311 3220 2342 ,
3290 2268 3497 2330 FBAGI.
3540 2271 3609 2328 Χ.

2004 2372 2166 2428 quam
2191 2360 2420 2417 reversis
2460 2361 2529 2417 ab
2559 2361 2804 2419 Arimino
2833 2362 3023 2434 legatis
3050 2361 3216 2421 dede.

2007 2464 2156 2512 runt.

2010 2597 2274 2654 Hactenus
2303 2595 2623 2671 Fragmenta
2642 2613 2758 2668 qua:
2785 2597 2839 2652 in
2864 2598 3008 2670 prius
3034 2597 3254 2670 vulgatis
3281 2597 3502 2669 primunt
3528 2597 3610 2654 lo-

2079 2709 2216 2762 cum,
2246 2703 2293 2747 et
2321 2694 2373 2747 in
2399 2709 2522 2748 mss.
2573 2692 2910 2763 posteriorem
2960 2691 3186 2748 obtinent
3219 2708 3237 2747 :
3265 2691 3503 2766 deinceps
3532 2709 3614 2749 se-

2077 2793 2324 2856 quuntur,
2373 2800 2487 2856 qua:
2535 2784 2884 2857 superioribus
2930 2783 3160 2840 subnexa
3200 2794 3320 2842 sunt
3368 2784 3422 2840 in
3468 2785 3612 2857 prius

2078 2878 2318 2951 vulgatis,
2344 2877 2574 2950 quamvis
2600 2894 2658 2932 ea
2684 2875 2976 2947 praecedant
3001 2877 3052 2930 in
3073 2893 3195 2932 mss.

2079 3032 2240 3089 Fides
2267 3032 2532 3090 catholica
2563 3033 2808 3104 exposita
2839 3032 2981 3106 apud
3027 3032 3217 3089 Phari-
3266 3033 3472 3093 Fumat.
3501 3034 3608 3093 'Xl.

2007 3143 2155 3183 suam
2182 3128 2458 3184 civitatem
2507 3128 2574 3183 ab
2612 3127 2880 3200 episcopis
2918 3127 3212 3185 Gallicanis

2006 3221 2074 3276 ad
2103 3220 2407 3277 Orientales
2435 3221 2744 3292 episcopos.

2079 3318 2314 3390 Epistula
2348 3317 2563 3374 Eusebii
2596 3317 2664 3373 ad
2705 3316 3026 3389 Gregorium
3071 3314 3211 3389 Spa-

2009 3427 2257 3470 nensem.

2081 3510 2322 3582 Epistula
2367 3508 2627 3567 Germinii
2667 3507 2908 3582 episcopi
2957 3507 3219 3566 adversus
3257 3504 3605 3564 Fuso-JK“.

1931 3589 1978 3653 ί)
2010 3605 2264 3662 Arianos.

2080 3700 2370 3756 Decretum
2405 3696 2759 3754 Orientalium
2802 3694 3212 3767 episcoporum,
3252 3692 3460 3750 FRAGl.
3518 3689 3607 3746 Ili.

2008 3792 2152 3865 quod
2182 3792 2447 3848 miserunt
2472 3789 2539 3846 ad
2569 3790 2826 3845 Africam.

2082 3887 2320 3957 Epistula
2347 3883 2704 3941 Ariminensis
2725 3879 2949 3938 Cuncilii
2976 3879 3044 3935 ad
3071 3878 3213 3936 Cun-
3247 3877 3456 3936 Fumat.
3473 3875 3610 3933 VIII.

2010 3981 2265 4038 stantium
2317 3980 2720 4050 imperatorem,
2755 3975 2845 4031 ubi
2877 3973 3211 4046 prtevaricati

2009 4085 2138 4131 sunt
2166 4088 2194 4130 a
2219 4072 2324 4131 iide
2351 4087 2502 4130 vera.

2081 4166 2244 4223 Gesta
2273 4164 2362 4221 ubi
2388 4162 2723 4237 praevaricati
2763 4171 2888 4218 sunt
2918 4159 3078 4235 legati
3108 4159 3215 4232 cpi.

2009 4261 2160 4333 scopi
2198 4275 2228 4315 a
2258 4258 2364 4317 fide
2386 4273 2535 4315 vera.
3200 4254 3204 4259 '

2083 4355 2326 4426 Epistula
2353 4354 2519 4410 missa
2541 4353 2608 4409 ad
2630 4351 3003 4409 Constantium
3034 4346 3207 4420 Impe-
3257 4344 3467 4404 Fnacu.
3515 4345 3608 4403 lX.

2012 4455 2247 4504 ratorem
2279 4463 2307 4502 a
2340 4446 2563 4520 perfidis
2588 4445 2877 4518 episcopis.

2083 4542 2326 4614 Epistula
2379 4541 2446 4598 ad
2503 4541 2878 4598 Constantium
2938 4539 3230 4611 imperato-
3281 4535 3492 4594 Fusus.
3545 4534 3612 4591 V.

2011 4649 2125 4690 rem
2177 4649 2206 4688 a
2247 4633 2463 4689 Liberio
2502 4633 2758 4702 episcOpo
2804 4631 2953 4686 urbis
2999 4630 3222 4698 “omni,

2013 4729 2176 4783 missa
2210 4742 2304 4798 per
2331 4725 2637 4783 Luciferum
2663 4726 2998 4798 episc0pum.

2086 4821 2326 4891 Epistula
2381 4820 2686 4876 Constantii
2757 4817 3096 4888 imperatoris
3149 4815 3216 4869 atl
3256 4814 3461 4871 Fallunt.
3492 4809 3605 4868 VII.

2012 4916 2295 4985 episcopos
2321 4913 2504 4977 Itali-.e,
2533 4913 2623 4984 qui
2655 4912 2982 4968 Ariminensi
3013 4922 3220 4983 synouu

1943 4996 1990 5057 I)
2015 5008 2403 5056 convenerant.

2087 5091 2340 5148 Definitio
2385 5091 2567 5147 habita
2611 5089 2680 5146 ab
2720 5091 2972 5148 omnibus
2998 5089 3226 5147 catholi-

2013 5192 2094 5250 cis
2119 5191 2406 5262 episcopis,
2452 5191 2762 5262 priusquam
2809 5205 2907 5262 per
2949 5200 3221 5247 terrenam

2016 5294 2337 5357 potestatem
2367 5285 2542 5342 territi
2571 5285 2951 5343 lueretieorum
2992 5295 3221 5340 consor-

2017 5382 2094 5438 tio
2110 5381 2446 5440 sociarentur
2476 5381 2531 5439 in
2552 5380 2797 5440 Concilio
2828 5377 3180 5438 Ariminensi.
