4062 6332
519 268 625 327 01⁸1

1739 260 1982 321 SANCTI
2022 259 2280 323 eiussu
2321 219 2629 323 spissum

3686 270 3773 327 628

546 394 3768 428 mm

1203 465 1563 542 617-618

1604 524 2701 642 FRAGMENTA

778 755 1049 899 EX
1186 747 1815 899 LIBRO
1948 746 2670 899 SANCTI
2801 758 3570 907 HILARII

1042 988 1810 1083 PICTAVENSIS
1868 986 2552 1075 PROVINCI/E
2604 991 3320 1105 AQUITANI/E,

518 1173 586 1232 IN
638 1168 779 1246 ouo
843 1168 1025 1230 sum
1063 1166 1299 1242 onata,
1340 1172 1509 1243 qua
1572 1160 1989 1229 OSTENDUNT
2055 1168 2191 1226 νει,
2228 1162 2599 1241 QUOMODO,
2641 1172 3046 1243 concussam
3086 1178 3371 1250 causns,
3426 1185 3662 1256 QUIBUS
3714 1189 3798 1244 IN-

741 1267 1131 1325 STANTIBUS
1170 1266 1300 1323 SUB
1338 1263 1790 1323 IMPERATORE
1828 1262 2263 1321 CONSTANTIU
2302 1265 2583 1323 FACTUM
2624 1270 2748 1325 EST
2788 1271 3213 1333 ABIMINENSE
3250 1276 3613 1339 CONCILIUM

912 1359 1190 1416 CONTRA
1232 1357 1661 1419 FORMELLAM
1697 1355 1954 1415 ΝΙΟΜΝΙ
1995 1355 2417 1417 TRACTATUS
2442 1400 2458 1429 ,
2501 1358 2644 1431 QUA
2690 1360 3060 1426 UNIVERSE
3099 1369 3444 1431 HERESES

1710 1451 1790 1522 (a)
1829 1450 2365 1510 conponamus
2405 1452 2661 1511 ERANT.

794 1594 1280 1654 FRAGMENTUM
1317 1593 1339 1651 Ι
1376 1594 1580 1667 (Aliost
1608 1590 1814 1664 partis).

595 1695 645 1747 1.
676 1692 845 1759 Fidei,
875 1692 984 1761 spei
1010 1700 1057 1745 et
1074 1689 1341 1744 cltaritatis
1360 1688 1675 1760 prwstantia.
1698 1716 1768 1727 —
1786 1686 1986 1743 Sancto
2009 1685 2130 1759 Spi-

523 1786 631 1842 ritu
657 1786 848 1857 plenus
879 1784 1075 1838 Paulus
1105 1781 1385 1850 apostolus
1414 1778 1482 1835 ad
1512 1778 1828 1835 Corinthios
1860 1779 1930 1833 ita
1953 1779 2131 1850 loqui-

520 1892 608 1935 tur
630 1898 643 1934 :
665 1878 716 1933 ιι
724 1888 839 1932 anet
862 1888 1030 1932 autem
1052 1875 1201 1946 fides,
1224 1886 1361 1948 spes,
1387 1873 1613 1930 clamitas
1642 1872 1687 1946 (Ι
1707 1871 1827 1929 Cor.
1862 1886 1979 1939 xm,
2011 1870 2125 1944 15).

521 1972 770 2046 Magnum
791 1972 1235 2029 consummandm
1249 1972 1493 2028 veritatis
1513 1980 1917 2027 sacramentum
1942 1974 2014 2028 ita
2036 1971 2134 2027 tri-

520 2068 647 2140 plici
672 2066 749 2140 (b)
773 2067 994 2123 humani
1030 2080 1225 2123 sensus
1264 2065 1554 2122 aﬂ'eetione
1581 2066 1963 2136 complectitur
1993 2083 2007 2121 :
2038 2080 2129 2121 rc-

520 2161 793 2232 liquarum
823 2171 1005 2217 autem
1037 2176 1216 2217 rerum
1240 2161 1354 2215 sive
1382 2158 1562 2216 ofﬁcia
1591 2160 1706 2216 sive
1732 2159 1899 2227 dona,
1928 2160 1981 2215 in
2011 2159 2132 2231 qui-

525 2253 629 2310 bus
676 2269 821 2309 nunc
861 2269 958 2324 pro
999 2262 1153 2323 parte
1178 2268 1500 2319 versamur,
1547 2251 1811 2308 abolenda
1863 2252 2135 2323 significat

528 2346 693 2420 (Ibid.
726 2348 759 2403 8
788 2358 837 2402 et
882 2350 1046 2417 seqq.)
1069 2387 1084 2413 ,
1116 2362 1240 2404 eum
1266 2346 1506 2407 adventu
1537 2345 1748 2402 Domini
1792 2344 1961 2401 nostri
2001 2345 2132 2401 δεδι]

527 2438 734 2495 Christi
769 2441 1011 2495 etelestis
1049 2439 1269 2495 concilii
1322 2437 1583 2509 perfectio
1623 2436 1955 2493 inveniatur.
2002 2436 2137 2492 Cor-

526 2536 783 2605 ruptione
826 2534 971 2590 enim
1005 2542 1188 2589 nostra
1236 2532 1289 2587 in
1332 2530 1658 2587 aeternitatis
1689 2530 1919 2603 gloriam
1953 2537 2137 2585 trans-

521 2627 754 2684 formata
779 2669 793 2694 ,
833 2610 958 2695 huc,
1010 2610 1154 2695 quod
1178 2639 1321 2679 nunc
1349 2621 1550 2697 aliquid
1578 2638 1703 2679 esse
1730 2621 1992 2691 creditur,
2024 2637 2130 2675 non

522 2721 659 2789 erit;
694 2718 910 2792 quando
946 2718 1106 2775 tribui
1142 2718 1402 2790 cmperit,
1445 2717 1589 2787 quod
1619 2733 1741 2772 cum
1770 2727 1885 2781 est,
1917 2729 2135 2786 semper

526 2824 795 2871 aeternum
827 2825 930 2870 est.
965 2810 1165 2869 Verum
1190 2809 1335 2876 ﬁdei,
1368 2812 1508 2883 spei,
1537 2810 1820 2867 charitatis
1838 2809 1944 2864 hoc
1972 2808 2138 2864 meri-

523 2918 639 2965 tum
664 2919 767 2975 est,
798 2918 856 2965 ut
882 2908 1075 2965 mortis
1098 2907 1281 2964 debito
1304 2906 1627 2978 corporibus
1652 2903 1956 2969 dissolutis,
1985 2919 2136 2960 sem-

2164 1588 2220 1655 Α
2312 1592 2370 1648 2.
2427 1593 2582 1651 Fidei
2632 1597 2890 1654 meritum.
2932 1599 3060 1675 Spei
3088 1613 3297 1659 natura.
3348 1604 3623 1664 Charitatis
3663 1611 3803 1679 σπεε-

2235 1695 2339 1742 tus.
2380 1718 2451 1729 -—
2491 1690 2657 1762 Igitur
2708 1694 2850 1750 Deus
2893 1695 3121 1766 jusﬁtite
3175 1700 3407 1770 praevius
3456 1703 3525 1775 (e)
3580 1721 3807 1763 numera-

2238 1790 2360 1846 tur,
2428 1783 2676 1840 creditus
2734 1786 2804 1841 ab
2862 1788 3144 1859 ignorante
3197 1792 3341 1863 quod
3402 1788 3541 1850 Deus
3588 1797 3670 1851 sit.
3721 1799 3808 1853 Λι-

2234 1886 2344 1942 que
2369 1874 2441 1930 ob
2484 1874 2535 1930 id
2567 1876 2840 1934 Abraham
2885 1880 3020 1937 ﬁdes
3063 1884 3235 1953 prima
3270 1885 3533 1956 justiﬁrst
3557 1888 3728 1961 (Hebr.
3758 1906 3805 1956 Il,

2237 1966 2270 2021 6
2306 1976 2353 2022 et
2393 1968 2546 2025 Rom.
2578 1988 2669 2038 tv,
2715 1972 2800 2046 9),
2851 1987 2905 2031 et
2947 1974 3272 2036 Cbananam
3312 1980 3480 2039 ﬁliam
3519 1983 3721 2042 silentio
3748 1986 3808 2057 ιο

2237 2060 2523 2117 Dominum
2563 2070 2823 2124 tentantis
2863 2070 3053 2126 matris
3100 2072 3235 2130 ﬁdes
3262 2074 3437 2133 salvat
3479 2075 3685 2138 (Matth.
3728 2092 3806 2147 tv,

2235 2153 2332 2226 28)
2357 2195 2373 2223 ,
2418 2165 2474 2213 et
2500 2157 2853 2217 erodentibus
2895 2162 2950 2218 in
2982 2163 3202 2221 nomine
3247 2166 3366 2236 ejus
3394 2175 3630 2237 potestas
3658 2170 3731 2242 (ς)
3764 2171 3807 2226 in

2233 2245 2441 2304 Joanne
2472 2248 2744 2317 tribttitur,
2789 2263 2847 2308 ut
2875 2270 2942 2311 ex
2977 2255 3088 2312 Deo
3125 2259 3236 2313 nati
3278 2260 3385 2315 sint
3417 2259 3597 2332 (Jun.
3627 2276 3668 2330 t,
3706 2263 3802 2334 ιε).

2236 2340 2489 2413 Magnum
2531 2351 2618 2399 est
2654 2343 2779 2403 ﬁdei
2811 2348 3066 2406 meritum
3089 2392 3106 2417 ,
3144 2362 3198 2408 et
3230 2350 3470 2422 perfecta
3492 2356 3810 2414 credentibus

2238 2432 2352 2489 Deo
2390 2435 2698 2503 beatitudo,
2732 2454 2825 2508 per
2847 2456 3008 2511 quam
3041 2443 3241 2512 genitis
3272 2445 3324 2502 in
3355 2461 3588 2517 corpore
3607 2488 3624 2515 ,
3652 2448 3699 2504 in
3724 2448 3811 2505 ini-

2236 2529 2464 2597 quitate,
2497 2528 2550 2582 in
2580 2530 2933 2599 azgritudine,
2974 2542 3031 2588 et
3051 2533 3258 2606 iustitia
3281 2547 3336 2593 et
3371 2540 3578 2596 sanitas
3604 2550 3656 2595 et
3678 2551 3811 2598 ortus

2236 2632 2302 2674 ex
2332 2619 2443 2675 Deo
2481 2628 2588 2676 est.
2620 2620 2756 2693 Spes
2797 2639 2926 2679 vero
2964 2628 3335 2685 arnmnitatem
3385 2630 3516 2687 VWB
3552 2633 3811 2691 mundialis

2235 2721 2291 2769 et
2316 2712 2456 2768 bona
2489 2715 2698 2782 saaculi,
2726 2716 3062 2787 quiescentis
3089 2719 3153 2792 (ι’.
3179 2721 3500 2797 quiescens)
3525 2726 3576 2780 in
3606 2726 3683 2781 his
3707 2741 3812 2796 qua:

2236 2820 2264 2860 a
2311 2806 2425 2861 Deo
2488 2807 2748 2878 disposita
2800 2811 3060 2879 conﬁdit,
3109 2826 3443 2887 exsuperat,
3494 2820 3811 2889 praesentiunt

2233 2898 2437 2956 damno
2468 2899 2770 2958 futurorum
2813 2904 2965 2960 lucra
3000 2909 3259 2963 moritura
3304 2928 3316 2963 :
3365 2926 3532 2981 quam
3578 2912 3810 2969 Dominus

521 3017 621 3073 per
652 3012 904 3058 inaneaut
926 3043 941 3068 ,
977 3016 1080 3057 nec
1113 3016 1367 3071 umquam
1395 3000 1677 3065 desinant;
1719 3008 1923 3055 etcum
1946 2999 2131 3053 omnia
2158 2989 2207 3051 B
2235 2992 2329 3048 tali
2364 2995 2585 3063 prauuio
2615 3007 2949 3064 muneratur,
2971 2998 3173 3064 Omnis,
3203 3003 3291 3068 qui
3306 3003 3568 3075 reliquerit
3595 3006 3802 3071 domum,

523 3097 576 3152 in
627 3097 845 3153 homine
879 3111 976 3161 pro
1021 3107 1173 3166 parte
1196 3096 1329 3161 sint,
1370 3096 1486 3153 hac
1515 3105 1694 3150 tamen
1749 3093 1863 3148 sola
1894 3091 2134 3162 perlecta

522 3191 653 3247 sint.
710 3190 842 3246 Nam
897 3192 1014 3246 sive
1065 3189 1367 3262 praphetia:
1419 3187 1815 3251 abolebantur.
1868 3186 1985 3242 sive
2031 3184 2135 3241 Iin-

525 3299 646 3354 gna:
696 3283 1026 3347 cessabunt,
1077 3283 1193 3339 sive
1238 3281 1464 3339 scientia
1507 3280 1849 3344 destruetur,
1899 3276 2000 3333 tria
2048 3277 2136 3332 illa

526 3378 807 3448 superiora
880 3377 1267 3446 perfectionem
1333 3373 1723 3429 immutabilem
1790 3386 2136 3441 consequun-

527 3478 614 3525 tur
667 3487 680 3522 :
729 3480 784 3523 et
852 3468 983 3523 nihil
1044 3478 1139 3523 aut
1193 3468 1536 3525 extrinsecus
1591 3465 1975 3529 mutabuntur,
2042 3472 2136 3517 ant

523 3564 663 3617 ultra
704 3550 867 3632 quani
908 3561 978 3631 (ε)
1029 3560 1317 3624 obtinent,
1363 3559 1586 3613 uberius
1639 3557 1941 3625 acquirent.
1998 3552 2130 3611 Cum

521 3655 669 3711 enim
749 3655 1064 3725 praphetias
1127 3662 1183 3710 et
1240 3652 1454 3723 linguas
1541 3661 1597 3706 et
1645 3651 1929 3709 scientiam
1985 3650 2131 3706 veri-

526 3757 608 3802 tas
662 3747 908 3803 absoluta
959 3744 1211 3813 depellit;
1277 3742 1438 3800 ﬁdem
1471 3784 1488 3809 ,
1544 3758 1754 3813 spent,
1812 3741 2131 3798 cbaritatcm

526 3841 877 3912 capessenda:
915 3838 1239 3897 aeternitatis
1275 3836 1530 3895 traduces
1569 3846 1625 3892 et
1672 3845 1938 3909 patronos
1980 3833 2139 3891 sicuti

525 3934 643 4003 ipsa
687 3944 847 3988 erunt
898 3931 1180 3989 :eternitas
1226 3930 1623 4004 apprehendat.
1686 3927 1756 3985 Et
1796 3926 2134 3998 singularum

526 4027 745 4097 quidem
772 4042 953 4081 rerum
982 4026 1123 4081 idem
1152 4024 1341 4080 beatus
1358 4023 1655 4095 Apostolus
1680 4022 1875 4078 ntetita
1901 4022 2131 4096 (supple,

528 4121 741 4174 ratione
770 4127 856 4172 aut
886 4117 1010 4188 quid
1036 4115 1227 4188 simile)
1251 4115 1432 4188 exigui
1454 4114 1679 4171 honoris
1716 4113 1800 4170 sui
1839 4112 2086 4169 distinxit
2116 4130 2129 4167 :

524 4210 827 4277 utintelligi
856 4219 1160 4281 promptum
1180 4218 1345 4279 esset,
1371 4210 1587 4266 caeteris
1617 4208 1697 4283 (ά)
1728 4208 1970 4281 profectu
1999 4223 2136 4280 ang-

525 4305 694 4361 menti
744 4304 985 4362 easlestis
1029 4304 1348 4372 abolendis,
1396 4319 1502 4360 non
1543 4304 1739 4376 exiguo
1784 4304 2009 4361 honoris
2049 4302 2131 4361 sui

522 4394 722 4464 fructu,
750 4396 853 4451 tria
883 4396 999 4451 htec
1020 4397 1136 4451 sola
1162 4411 1288 4453 esse
1317 4412 1438 4468 quae
1466 4407 1715 4454 maneant
1743 4397 1983 4469 quidem.

2238 3086 2318 3141 vel
2358 3090 2574 3158 fratres,
2622 3089 2700 3144 vel
2746 3106 2966 3156 sorores,
3011 3103 3097 3146 aut
3128 3104 3376 3158 matrem,
3422 3106 3514 3155 aut
3544 3100 3694 3167 ﬁlios,
3736 3110 3813 3153 aut

2237 3197 2417 3252 agrum
2450 3194 2658 3253 propter
2686 3198 2867 3238 nomen
2911 3201 3075 3241 meum
3100 3227 3114 3252 ,
3146 3188 3445 3260 centuplum
3482 3194 3723 3260 accipiet,
3769 3202 3814 3247 et

2238 3276 2393 3329 vitam
2430 3288 2674 3330 ωιενηαιιι
2712 3278 2993 3347 possidebit
3022 3278 3237 3348 (Matth.
3293 3296 3381 3337 xu
3407 3324 3422 3349 ,
3456 3284 3574 3357 Q9).
3613 3285 3812 3357 Egregia

2237 3369 2497 3423 virtutum
2526 3368 2616 3423 Dei
2645 3370 2817 3434 testis,
2842 3369 3036 3426 ﬁducia
3065 3376 3489 3443 exspectationis
3518 3391 3627 3433 sua:
3651 3419 3664 3445 ,
3691 3393 3813 3447 pra-.-

2237 3461 2414 3516 sentia
2454 3477 2683 3532 quaeque
2711 3471 2768 3516 nt
2795 3463 2939 3517 nulla
2971 3472 3027 3519 et
3049 3465 3255 3521 incerta
3300 3467 3632 3558 despiciens,
3661 3471 3814 3524 luti-rs

2236 3569 2365 3609 vero
2382 3564 2441 3609 ut
2455 3566 2657 3609 asterna
2674 3565 2728 3611 et
2750 3557 3034 3625 praesentia
3056 3559 3506 3628 apprehendens!
3531 3563 3635 3619 Sed
3651 3570 3815 3633 quato.

2237 3662 2395 3716 qnam
2409 3647 2575 3720 619
2590 3663 2856 3704 mansura:
2874 3650 3018 3717 fidei,
3036 3653 3174 3722 spei,
3190 3652 3469 3712 charitatis
3487 3657 3550 3728 (f.
3568 3656 3815 3728 chariton)

2238 3754 2424 3811 parem
2446 3743 2673 3813 gloriam
2718 3741 2860 3797 idem
2891 3745 3189 3814 Apostolus
3215 3746 3434 3814 tribuat,
3479 3760 3535 3804 et
3561 3749 3815 3821 aequaliter

2237 3833 2573 3887 inviolabiles
2590 3848 2681 3888 eas
2694 3849 2816 3889 esse
2833 3834 3122 3904 signiﬁcet;
3151 3836 3471 3897 charitatem
3495 3850 3669 3898 tamen
3694 3856 3818 3912 pra:-

2244 3934 2391 3982 stare
2407 3926 2622 3981 caeteris
2643 3926 3017 3998 superioribus
3030 3929 3250 3986 indicat.
3263 3930 3369 3989 Per
3392 3933 3534 3990 hanc
3549 3934 3689 3993 enim
3702 3948 3816 4003 quo.

2239 4018 2363 4073 dam
2394 4018 2605 4073 vinculo
2635 4020 2745 4076 Deo
2772 4024 3007 4093 suscepti
3031 4024 3230 4079 amoris
3251 4028 3597 4086 annecﬁmnr
3624 4047 3637 4082 :
3671 4028 3817 4099 ﬁtque
3839 4032 3853 4044 '

2241 4112 2517 4168 individua
2563 4113 2633 4170 ab
2665 4129 2732 4170 eo
2761 4114 3014 4172 voluntas
3053 4126 3236 4173 nostra
3276 4121 3445 4176 semel
3488 4123 3687 4178 nomini
3715 4122 3816 4189 elus

2243 4203 2509 4261 charitate
2532 4206 2744 4276 pietatis
2770 4206 2947 4262 infusa
2970 4249 2985 4275 ,
3024 4224 3051 4261 a
3081 4225 3184 4279 qua
3212 4227 3319 4266 non
3361 4213 3594 4283 gladius,
3625 4230 3722 4268 non
3749 4218 3818 4267 la-

2242 4312 2391 4363 mes,
2442 4314 2548 4355 non
2598 4299 2814 4356 auditas
2861 4301 3135 4371 separabit
3167 4301 3343 4375 (Rom.
3391 4320 3525 4372 vm,
3566 4307 3688 4377 35);
3736 4320 3817 4376 per

2242 4406 2402 4463 quam
2435 4392 2511 4447 ira
2532 4434 2548 4460 ,
2576 4392 2881 4460 aemulatio,
2905 4394 3159 4464 ambitio,
3191 4395 3449 4467 iniquitas
3473 4440 3489 4466 ,
3516 4400 3703 4467 lusus,
3738 4416 3818 4453 en-

603 4535 682 4609 (a)
726 4532 1132 4611 Praeferendum
1174 4550 1297 4592 esse
1317 4578 1331 4601 ,
1365 4552 1674 4611 compressa:
1690 4544 1872 4611 erant,
1913 4537 2120 4611 perspi-
2150 4535 2197 4599 C
2230 4531 2391 4611 credit
2419 4531 2555 4605 quod
2581 4548 2686 4587 non
2705 4532 2858 4611 videt.
2887 4550 2979 4611 nec
2999 4535 3366 4611 spedesiderat
3382 4541 3523 4611 quod
3544 4558 3643 4596 non
3667 4550 3816 4608 tenet;

524 4606 685 4664 cuum
718 4617 894 4663 estex
945 4609 1028 4662 his
1070 4607 1284 4679 Fragm.
1335 4625 1371 4663 ιι
1397 4649 1412 4672 ,
1457 4606 1511 4663 ιι.
1542 4610 1612 4664 ἳ7
1638 4627 1651 4662 :
1681 4606 1864 4677 Itaque
1904 4610 2125 4676 compri-

532 4679 705 4733 mendi
733 4679 857 4733 mali
894 4680 1045 4734 istius
1068 4697 1226 4736 causa
1245 4722 1259 4743 .
1308 4682 1519 4738 trecenti
1547 4680 1625 4734 vel
1651 4696 1711 4739 eo
1737 4679 1965 4748 umidius
1994 4681 2126 4745 epis-

527 4750 817 4825 wpinpud
852 4750 1083 4806 Nicwam
1110 4763 1503 4825 congregantur.
1540 4750 1606 4806 Et
1639 4752 1797 4825 paulo
1844 4758 1965 4825 post
1993 4750 2125 4825 ﬁdes

526 4822 667 4891 apud
694 4821 924 4877 Nicaeam
958 4821 1262 4891 conscripia
1291 4821 1468 4878 contra
1489 4838 1663 4878 omnes
1694 4821 1911 4877 hiemes
1937 4822 2125 4878 inscri-

523 4893 694 4951 bitur.
731 4894 967 4949 'l‘itulnm
992 4895 1135 4948 hunc
1159 4908 1191 4949 e
1222 4910 1354 4950 mss.
1400 4905 1570 4950 totum
1600 4895 1989 4963 expressimus,
2020 4894 2123 4949 nisi

524 4964 669 5035 quod
701 4965 885 5037 initio,
917 4966 1003 5019 ubi
1032 4967 1084 5019 in
1114 4965 1219 5020 illis
1248 4966 1474 5025 habetur
1500 4966 1693 5037 Incipit
1733 4965 1882 5030 liber.
1924 4966 2126 5022 substi-

529 5033 731 5090 tuitntts
760 5033 1075 5107 Fragmenta
1105 5052 1168 5091 ea:
1193 5038 1345 5093 libro.

597 5109 674 5179 (b)
717 5105 1006 5174 EXetnplar
1038 5122 1138 5179 ms.
1160 5149 1175 5170 ,
1218 5109 1409 5177 triplici
1446 5109 1658 5164 humani
1688 5125 1864 5164 sensus
1890 5105 2124 5175 alfeclio-

526 5177 643 5253 nem
673 5196 691 5234 :
721 5195 784 5235 ex
829 5196 939 5253 quo
966 5177 1201 5253 confecit
1228 5179 1406 5253 (Faber
1428 5223 1442 5247 ,
1483 5180 1739 5253 triplicem
1777 5179 2120 5248 affectionem.

524 5250 791 5307 Maltlmtts
842 5251 1080 5309 retinere
1115 5250 1401 5307 lectionem
1449 5250 1563 5309 ms.‘
1585 5253 1792 5309 sublata
1853 5260 2122 5321 postrema

521 5322 779 5397 litteram
803 5364 817 5388 ,
845 5338 967 5397 quae
996 5324 1046 5378 in
1080 5321 1270 5397 eodem
1305 5323 1739 5397 ntsLszrpissime
1769 5322 2027 5397 abundat.

597 5392 668 5465 (c)
701 5392 758 5467 In
786 5390 1102 5467 archetypo,
1121 5390 1361 5467 obtinuit.
1391 5390 1575 5459 Fides,
1600 5402 1745 5464 spes,
1777 5392 2015 5449 Charitas
2040 5392 2123 5448 fe-

521 5464 718 5520 runtur
746 5465 799 5536 in
835 5464 1002 5521 Deum
1032 5477 1087 5520 ιιι
1117 5464 1172 5519 in
1202 5465 1361 5521 ﬁnem
1395 5484 1407 5519 :
1443 5481 1602 5536 quem
1633 5481 1754 5520 cum
1782 5480 2123 5536 consequun-

526 5544 646 5607 tur,
682 5534 1069 5607 perfectionem
1104 5536 1337 5603 habent;
1378 5534 1575 5593 et-eam
1624 5536 1838 5607 quidem
1874 5534 2124 5591 immuta-

524 5605 649 5661 bilis
679 5615 764 5660 est
794 5608 885 5663 l)ei
930 5606 1135 5664 fruitio.
1172 5607 1245 5663 Ea
1276 5610 1487 5665 ratione
1529 5605 1661 5662 ﬁdes
1691 5623 1754 5663 ac
1782 5622 1909 5677 spes
1929 5609 2123 5662 extrin-

524 5693 677 5748 secus
722 5692 826 5732 non
877 5689 1173 5734 mutantur.
1219 5678 1345 5735 Alio
1390 5694 1552 5735 sensu
1592 5678 1735 5734 dixit
1789 5680 2121 5748 Augustinus

2233 4606 2326 4685 sed
2422 4606 2950 4685 -ιξνηει-ιιιηη,υεινὶιιιιῇΔ
2964 4609 3183 4685 speciem
3205 4606 3607 4685 contemplatur.

2305 4675 2387 4753 (ᾳ)
2422 4676 2596 4753 Faber
2619 4692 2706 4753 ex_
2728 4692 2857 4733 mss.
2895 4678 3177 4753 Pithaaano
3219 4694 3272 4737 et
3298 4675 3493 4748 Colb.,
3539 4684 3812 4753 prophetia.

2234 4746 2427 4804 Verius
2457 4748 2778 4827 Sirmoutlus
2821 4764 2887 4805 ex
2928 4748 3179 4827 Bctnig.,
3230 4746 3487 4827 profectu.
3535 4746 3680 4821 Mos,
3730 4770 3816 4825 pro

2232 4820 2721 4892 maneantquidem,
2756 4820 2894 4877 forte
2927 4823 3206 4892 legendum
3231 4820 3477 4882 maneant
3506 4820 3700 4882 eadem.

2306 4890 2377 4965 (e)
2411 4890 2592 4969 Edidit
2621 4890 2796 4946 Faber
2821 4909 2886 4947 ex
2916 4890 3023 4969 aq}:
3054 4898 3330 4969 archetypi
3361 4901 3469 4965 sui,
3517 4902 3709 4968 primus
3731 4913 3814 4950 uu-

2231 4974 2478 5029 meratnr;
2505 4965 2617 5032 ipse
2628 4972 2825 5040 putans
2848 4965 3481 5040 pra:ferendumprazmiis
3505 4965 3809 5029 muneratur.

2231 5050 2340 5089 non
2372 5035 2675 5102 spernenda
2704 5034 3030 5104 coiijectnra.
3078 5034 3415 5096 Revocemus
3443 5058 3510 5096 ex
3542 5040 3814 5099 Sirmondo

2230 5106 2449 5178 prteuius
2480 5121 2499 5160 :
2528 5121 2688 5175 quam
2733 5121 2918 5161 vocem
2950 5110 3285 5185 comniodius
3315 5114 3593 5185 esciperet
3638 5126 3814 5167 memo-

2229 5189 2396 5251 ratur,
2426 5189 2937 5251 qttanrnumeratur.
2971 5178 3067 5251 llic
3090 5191 3325 5251 notatur,
3362 5178 3522 5240 ﬁdem
3554 5186 3644 5241 Dei
3667 5185 3812 5251 justi-

2230 5250 2325 5325 tias‘
2354 5248 2544 5325 pratire
2574 5248 2947 5325 debere.__cum
2971 5250 3088 5325 sine
3111 5250 3215 5325 ﬁde
3237 5270 3398 5325 nemo
3416 5248 3755 5325 iustiﬁcetur.

2305 5318 2375 5391 (f)
2420 5319 2653 5391 Duarum
2703 5320 2989 5376 mulierum
3024 5321 3259 5391 ﬁdelium
3302 5318 3437 5381 facta
3464 5328 3553 5384 hic
3576 5329 3628 5382 in
3658 5341 3809 5383 unum

2231 5386 2633 5465 confunduntur
2661 5409 2675 5444 :
2708 5404 2934 5465 quarum
2974 5408 3079 5449 una
3122 5386 3311 5451 Matth.
3360 5412 3440 5462 ix,
3478 5398 3572 5465 ‘20,
3604 5413 3721 5453 cum
3745 5397 3810 5451 si-

2228 5461 2397 5519 lentio
2416 5461 2939 5537 _l)omi_num_’tetigit
2968 5478 3025 5537 ut
3055 5480 3085 5518 a
3107 5468 3382 5537 sanguinis
3419 5461 3568 5524 ﬁuxu
3614 5482 3809 5524 sanare

2226 5542 2346 5601 tur;
2380 5533 2547 5588 altera
2576 5534 2757 5588 Matth.
2788 5533 2878 5596 xv,
2919 5536 3011 5602 28,
3039 5551 3160 5592 cum
3207 5533 3376 5596 inulto
3418 5540 3657 5597 clamore
3677 5540 3808 5596 sani-

2226 5613 2391 5660 tatem
2424 5606 2545 5658 ﬁlim
2575 5605 2863 5672 deprecata
2890 5622 2992 5662 est.

2297 5674 2375 5754 (9)
2405 5676 2458 5732 Μ
2486 5686 2613 5754 ,ββιν
2664 5675 2717 5754 il)
2752 5676 2980 5754 Joannis
3009 5679 3324 5754 Evangelia.
3356 5683 3530 5740 Simili
3562 5680 3803 5754 loquendi

524 5747 695 5833 epist.
717 5763 840 5833 exn,
874 5766 1021 5833 num.
1057 5748 1247 5833 (53:11:
1276 5752 1451 5833 futuro
1481 5760 1654 5833 autem
1682 5747 2123 5833 swcrulo’perfeneta
2220 5752 2461 5833 ratione.
2485 5748 2579 5803 lib.
2610 5764 2642 5803 ιι
2670 5749 2735 5804 de
2779 5749 2975 5807 Trinit.
3015 5747 3290 5825 ιιιιιιιῖιὶ,
3332 5755 3546 5824 dicitur,
3578 5747 3667 5829 per
3693 5770 3801 5833 pre-

521 5825 570 5869 et
600 5816 749 5885 plena
776 5820 997 5875 charitas
1025 5821 1134 5878 sine
1153 5819 1262 5879 ulla
1276 5816 1541 5878 'ntalorum
1568 5822 1863 5887 tolerantia,
1886 5816 1995 5876 non
2016 5821 2119 5895 ﬁde
2220 5835 2329 5878 cem
2349 5820 2405 5876 in
2430 5818 2655 5878 Joanne.

3492 6058 3515 6097 λ

3430 6106 3487 6169 ί
