4062 6332
329 300 432 361 629

1296 298 1389 355 EX
1427 294 1661 356 OPERE
1703 292 2072 353 HISTORICO
2109 292 2588 354 FRAGMENTUM
2620 295 2660 352 1.

3531 298 3638 355 650

325 420 525 491 piditas
579 418 1032 491 comprimuntur.
1082 416 1260 489 Atque
1301 416 1506 473 idcirco
1546 431 1669 473 cum
1715 425 1934 473 maneat
1961 417 2011 480 Α
2046 492 2057 496 _
2109 416 2162 472 4.
2206 416 2372 483 Quale
2412 414 2558 488 Opus
2596 412 2950 488 aggrediatur.
2996 438 3067 457 -ο
3096 414 3351 473 Proierre
3377 415 3539 488 igitur
3574 417 3637 473 in

324 510 484 579 fides,
505 525 649 583 spes,
672 511 930 578 charitas,
956 509 1131 582 major
1152 510 1345 566 lterum
1367 517 1454 566 est
1473 510 1709 566 charitas
1738 510 1781 581 (Ι
1799 510 1926 567 Cor.

322 620 442 673 xm,
472 600 566 677 18)
595 621 610 659 :
657 616 753 676 per
788 619 951 675 quam
978 603 1248 661 admixtos
1282 603 1562 661 insecabiii
1607 603 1661 660 iu
1698 602 1793 660 Dei
1825 620 1922 660 no-

320 698 470 754 mine
497 697 719 766 aii‘ectu,
767 698 914 753 nulla
941 696 1022 754 vis
1050 697 1395 755 saecularium
1424 706 1669 754 motuum
1693 706 1786 754 aut
1806 697 1920 754 dis-
1968 758 1975 763 ,

322 791 488 848 solvit
513 832 529 857 ,
553 797 647 845 aut
671 790 887 846 dividit.

390 885 447 940 3.
481 881 722 940 Charitas
746 883 1014 939 Hilarium
1055 892 1203 957 urget
1224 927 1239 953 ,
1287 900 1350 940 ne
1373 885 1523 940 sileat
1562 885 1924 941 hereticorum

317 978 641 1053 pravitatem.
669 1007 741 1020 —
786 978 859 1034 Et
883 978 1010 1035 huic
1045 987 1234 1046 tantm,
1277 988 1385 1034 tam
1427 979 1576 1052 gravi
1606 981 1921 1052 apostolica)

316 1070 629 1126 auctoritati
670 1085 774 1142 ego
814 1084 1034 1143 quoque
1072 1071 1217 1128 inter
1245 1081 1508 1136 ett-teres.
1538 1073 1583 1127 si
1626 1074 1756 1143 quid
1788 1073 1919 1129 mihi

314 1172 441 1233 post
458 1177 553 1217 eos
574 1161 675 1218 loci
698 1172 802 1226 est.
824 1163 1191 1219 testimonium
1211 1164 1377 1220 reddo
1400 1178 1497 1234 per
1519 1163 1657 1219 hanc
1680 1164 1917 1220 cbarita-

319 1264 427 1310 tem
462 1255 755 1324 repositam
794 1256 952 1311 nobis
976 1264 1104 1311 alite
1132 1267 1376 1328 tempora
1404 1258 1681 1312 saecularia
1710 1259 1761 1312 in
1789 1257 1918 1313 caeli

312 1359 466 1418 Spem
489 1348 805 1418 assumptis,
822 1356 882 1403 'et
904 1348 1109 1404 nomini
1134 1348 1230 1404 Dei
1251 1363 1316 1404 ac
1339 1348 1546 1403 Domini
1567 1348 1697 1405 Jesu
1715 1348 1917 1405 Christi

312 1442 605 1510 adbmreo,
644 1443 955 1515 iniquorum
995 1445 1313 1500 societatem
1351 1452 1408 1500 et
1445 1444 1744 1501 infidelium
1785 1459 1918 1501 com-

311 1535 540 1591 sortium
581 1549 846 1606 respuens
877 1553 890 1591 :
924 1551 1047 1592 cum
1076 1550 1186 1606 quo
1228 1535 1427 1591 ﬂorere
1476 1536 1631 1591 nobis
1657 1577 1671 1601 ,
1709 1534 1786 1607 (α)
1811 1551 1919 1591 sac-

310 1628 421 1683 euli
459 1629 573 1684 otio
601 1628 904 1685 domestico
926 1628 1030 1684 frui
1052 1670 1067 1696 ,
1097 1627 1401 1685 commodis
1429 1629 1683 1686 omnibus
1711 1629 1915 1685 redun-

306 1719 443 1776 dare
465 1761 483 1787 ,
514 1718 885 1777 familiaritate
909 1719 1055 1792 regia
1094 1720 1315 1791 gloriari
1336 1764 1350 1784 ,
1378 1729 1434 1776 et
1478 1735 1602 1777 esse
1631 1721 1770 1777 falso
1796 1722 1914 1792 epi-

2029 509 2419 567 eonscientiam
2440 510 2707 580 publicam
2734 524 2871 582 opus
2891 516 3043 567 tento
3059 523 3224 581 grave
3243 518 3302 567 et
3318 510 3633 583 multiplex,

2027 602 2295 660 diabolica
2326 602 2519 659 fraude
2537 604 2853 675 perplexum
2873 643 2889 671 ,
2920 602 3305 660 haereticorum
3326 613 3480 676 parte
3500 607 3631 661 sub-

2028 696 2140 763 tile,
2167 695 2598 752 dissimulatione
2618 696 2913 753 multorum
2934 710 2998 753 ac
3019 705 3164 753 metu
3193 697 3627 770 praeiudicatum,

2026 790 2310 857 locorum,
2350 790 2404 844 in
2450 789 2646 860 quibus
2688 800 2837 861 gesta
2883 804 2971 846 res
3015 797 3100 846 est
3144 804 3351 861 nosque
3388 791 3631 863 agimus,

2027 883 2410 956 desperatione
2455 884 2798 955 peregrinum
2828 925 2844 951 ,
2894 891 3143 953 tempore
3181 881 3261 956 (c)
3307 885 3627 957 antiquum,

2024 978 2245 1034 silentio
2281 992 2501 1043 novum,
2535 977 2749 1048 pridem
2778 978 3028 1032 simulata
3053 991 3234 1033 rerum
3268 993 3399 1048 pace
3429 989 3630 1049 praete—

2027 1071 2212 1139 ritum,
2243 1072 2489 1142 proxime
2513 1071 2674 1141 impia
2708 1070 3175 1127 fallacissimorum
3207 1073 3487 1129 hominum
3518 1075 3630 1129 cal-

2020 1162 2232 1219 liditate
2277 1173 2634 1229 renovatum;
2680 1162 2890 1233 hocque
2939 1176 3047 1233 quo
3096 1163 3261 1219 etiam
3293 1165 3346 1219 in
3398 1165 3631 1222 Romani

2022 1257 2235 1329 imperii
2257 1258 2488 1329 negotiis
2508 1258 2663 1329 quies
2688 1259 2945 1327 carpitur,
2976 1273 3070 1314 rex
3096 1260 3331 1331 angitur,
3367 1262 3626 1331 palatium

2022 1348 2224 1411 fervet.
2274 1348 2515 1421 episcOpi
2561 1349 3021 1416 circumcursant,
3073 1349 3333 1406 officiales
3377 1352 3619 1422 magistri

2020 1442 2284 1505 volitant,
2317 1441 2576 1497 adversus
2615 1441 2947 1511 apostolicos
2990 1441 3137 1497 viros
3166 1441 3468 1498 oftlciorum
3511 1460 3630 1500 om-

2020 1535 2167 1589 nium
2201 1532 2550 1589 festinatione
2582 1533 2851 1589 turbatur.
2893 1534 2971 1589 Ita
2999 1535 3200 1606 ubique
3229 1537 3428 1607 agitur,
3463 1540 3631 1608 trepi-

2018 1631 2198 1696 datur,
2230 1629 2491 1697 instatur;
2522 1638 2580 1685 ut
2610 1629 2769 1701 plane
2797 1628 3137 1700 iniquitatem
3168 1630 3328 1700 hujus
3364 1633 3625 1688 assertio-

2020 1722 2134 1790 nis,
2177 1721 2457 1778 obtinendi
2501 1720 2655 1777 labor
2686 1730 2741 1776 et
2783 1735 2915 1776 cura
2961 1720 3283 1792 prodiderit.
3333 1723 3629 1780 Enimvero

306 1811 463 1882 scopi
489 1812 732 1880 nomine,
761 1812 986 1883 singulis
1015 1813 1465 1885 universisqueet
1487 1814 1700 1883 publice
1721 1822 1778 1870 et
1800 1814 1912 1887 pri-
1942 1835 1988 1897 Β
2019 1818 2224 1872 versari
2258 1817 2310 1871 in
2342 1830 2597 1873 sermone
2623 1816 2903 1872 hominum
2922 1815 3033 1887 jam
3060 1815 3153 1872 diu
3185 1818 3432 1884 memini,
3463 1834 3630 1890 quos-

306 1904 475 1960 vatim
508 1904 562 1960 in
591 1903 859 1961 Ecclesiae
894 1904 1175 1961 dominatu
1205 1920 1424 1977 gravem
1459 1905 1639 1973 efﬁci,
1677 1922 1809 1978 par,
1852 1914 1916 1963 ut

306 1999 556 2065 caeteris,
590 2004 832 2069 potestas
877 1998 1137 2065 dabatur;
1168 1999 1215 2056 si
1241 1999 1404 2054 modo
1429 2000 1709 2056 veritatem
1749 2016 1916 2057 eran-

306 2090 537 2162 gelieam
563 2089 802 2147 falsitate
844 2100 1251 2163 corrumperem
1274 2133 1288 2158 ,
1322 2093 1671 2149 conscientia:
1700 2102 1911 2151 reatum

304 2183 685 2241 blandimento
710 2185 1038 2257 ignorantia
1065 2185 1381 2242 consolarer
1402 2228 1416 2253 ,
1460 2184 1645 2256 iudicii
1689 2202 1914 2259 cormp-

307 2278 472 2334 telam
501 2279 855 2335 excusatione
878 2277 1040 2334 alieni
1072 2278 1283 2335 arbitrii
1316 2278 1695 2349 defenderem,
1733 2280 1913 2338 ΙιειιιίιιιΔ

304 2386 429 2429 sees
457 2374 672 2445 piaculo
710 2388 818 2430 non
848 2373 957 2429 ﬁde
996 2374 1115 2429 mea
1135 2414 1153 2441 ,
1182 2388 1304 2443 qum
1332 2375 1517 2445 utique
1544 2384 1693 2432 esset
1734 2376 1910 2433 obno-

306 2466 393 2520 xia
411 2508 427 2532 ,
461 2466 558 2521 sed
584 2465 931 2536 simplicitate
961 2466 1323 2538 ignorantium
1352 2478 1463 2521 non
1487 2473 1740 2535 tenerer,
1784 2482 1912 2539 pro-

305 2559 528 2615 bitatem
577 2561 680 2616 sub
725 2560 1048 2616 difficultate
1088 2560 1316 2630 publica:
1344 2560 1711 2632 intelligentia
1753 2576 1910 2619 mem

304 2654 456 2709 tirer.
488 2654 614 2711 Hine
643 2654 787 2711 enim
817 2655 1220 2725 simplicitatem
1251 2654 1425 2727 (forte,
1456 2656 1510 2710 in
1535 2656 1907 2730 simplicitate)

302 2753 483 2809 cordis
511 2768 607 2824 per
633 2752 792 2808 fidem
814 2761 869 2809 et
895 2767 1047 2824 spem
1070 2752 1271 2807 Christi
1292 2751 1526 2808 eharitas
1546 2767 1774 2809 manens
1794 2770 1900 2810 non

305 2846 446 2901 tulit.
478 2845 543 2901 Et
570 2859 692 2901 cum
720 2845 789 2900 ab
814 2844 1075 2916 Apostolo
1100 2844 1453 2914 accepissem,
1505 2843 1627 2899 Non
1652 2845 1786 2899 enim
1812 2861 1903 2899 ac-

303 2939 531 3010 cepimus
574 2938 815 3009 spiritum
853 2936 1147 3009 formidinis
1177 2934 1243 3008 (ll
1290 2934 1424 2991 Tim.
1475 2953 1516 3003 ι,
1560 2937 1636 3006 7),
1679 2945 1735 2993 et
1778 2952 1901 2993 cum

302 3028 535 3085 Domino
561 3030 778 3086 dicente
816 3029 1221 3097 didicissemus,
1249 3028 1431 3084 Omnis
1469 3030 1557 3100 qui
1577 3029 1904 3099 conﬁtebitur

299 3136 384 3179 me
406 3138 583 3178 coram
609 3123 917 3191 horninibus,
947 3134 994 3178 et
1018 3139 1114 3194 ego
1141 3121 1420 3192 conﬁtebor
1446 3138 1564 3177 eum
1583 3138 1755 3177 coram
1787 3121 1897 3176 Pa-

2022 1912 2142 1967 dam
2171 1910 2513 1967 sacerdomm
2546 1910 2640 1966 Dei
2668 1909 2871 1966 ideirco
2901 1909 3176 1977 exsulare,
3199 1912 3345 1983 quod
3369 1913 3423 1967 in
3452 1915 3623 1968 Atha-

2018 2005 2228 2061 nasium
2268 2004 2593 2060 sententiam
2639 2018 2747 2059 non
2793 2003 3008 2060 ferunt:
3039 2011 3096 2059 et
3123 2002 3213 2061 hic
3249 2019 3406 2060 error
3443 2018 3613 2076 prope

2015 2099 2254 2154 omnium
2292 2107 2501 2154 mentes
2527 2097 2808 2167 occupavit
2828 2136 2844 2161 ,
2891 2104 2948 2152 ut
2974 2096 3077 2153 sub
3105 2097 3327 2154 nomine
3355 2098 3475 2170 ejus
3504 2113 3614 2156 non

2013 2189 2142 2246 satis
2172 2190 2465 2262 unicuique
2489 2203 2683 2246 eorum
2707 2189 2923 2261 dignam
2945 2202 3167 2245 causam
3195 2191 3438 2263 suscepti
3467 2194 3611 2248 exsi-

2013 2282 2070 2337 lii
2096 2281 2446 2337 arbitrentur.

2084 2375 2141 2431 5.
2185 2374 2316 2443 ρυω
2333 2377 2386 2429 in
2423 2390 2484 2429 eo
2506 2376 2883 2446 pratumittat.
2922 2404 2997 2417 -
3017 2375 3388 2433 Praetermitto
3410 2389 3619 2447 autem,

2013 2467 2142 2524 licet
2182 2468 2459 2538 potissima
2500 2468 2613 2537 regi
2651 2469 2722 2523 sit
2752 2467 3031 2523 referenda
3066 2469 3131 2541 (f.
3161 2468 3489 2541 deserenda)
3524 2486 3614 2525 re-

2010 2561 2247 2616 verentia
2277 2558 2424 2632 (quia
2449 2560 2594 2615 enim
2629 2560 2814 2634 (omne
2843 2557 3014 2633 enim)
3036 2575 3068 2616 a
3097 2560 3211 2617 Deo
3227 2577 3451 2633 regnum
3482 2563 3618 2635 est),

2012 2667 2119 2709 non
2151 2663 2331 2709 tamen
2376 2653 2758 2723 mquanimiter
2778 2653 3039 2724 judicium
3069 2655 3186 2725 ejus
3213 2657 3616 2726 episcopalibus

2008 2748 2247 2805 arbitriis
2284 2748 2496 2804 admitti
2528 2766 2541 2802 :
2577 2747 2703 2819 quia
2749 2748 2985 2805 Caesaris
3024 2748 3258 2813 Caesari,
3292 2748 3408 2804 Deo
3432 2761 3617 2805 autem

2008 2840 2283 2897 reddenda
2312 2856 2434 2912 qua:
2464 2841 2558 2896 Dei
2586 2849 2711 2895 sunt
2743 2838 2923 2914 (Lacte
2948 2856 3039 2909 xx,
3074 2839 3191 2911 25).
3232 2838 3410 2895 Taceo
3443 2840 3619 2910 impe-

2007 2934 2205 2990 ratoris
2229 2934 2439 2989 sublata
2466 2949 2644 2990 causae
2672 2934 2981 3004 cognitione
3002 2932 3288 3004 judicium.
3331 2933 3448 2991 Non
3476 2950 3613 3006 quc-

2004 3041 2098 3082 ror
2120 3026 2429 3097 extorqueri
2461 3027 2528 3082 de
2570 3027 2797 3081 absente
2826 3025 2907 3098 (ά)
2935 3026 3256 3081 salutantium
3283 3043 3299 3093 ;
3328 3029 3594 3099 quamvis,

2004 3121 2263 3194 Apostolo
2293 3122 2527 3187 dicente,
2565 3121 2665 3178 (lbi
2690 3122 2820 3191 ﬁdes
2859 3133 2953 3187 est,
2984 3122 3057 3176 ibi
3089 3132 3136 3177 et
3161 3123 3370 3178 libertas
3404 3132 3480 3179 est
3505 3123 3526 3196 (
3554 3124 3600 3180 il

298 3228 377 3274 tre
413 3234 526 3273 meo
564 3198 653 3289 qui
682 3228 754 3275 est
792 3219 849 3272 in
877 3217 1018 3273 cretis
1052 3215 1265 3288 (Matth.
1296 3232 1353 3281 x,
1385 3214 1509 3287 32);
1542 3224 1599 3271 et
1629 3232 1722 3286 per
1748 3226 1901 3272 eum-
1929 3234 1974 3298 ρ
2008 3213 2127 3269 Cor.
2161 3230 2241 3279 nt,
2286 3215 2399 3284 i7),
2431 3215 2538 3285 pati
2571 3215 2711 3269 istud
2750 3214 3068 3287 simplicitas
3106 3215 3462 3272 sacerdotalis
3493 3233 3605 3274 non

296 3311 420 3366 dem
447 3311 648 3367 dictum
678 3323 845 3381 esset,
878 3311 1023 3367 Beati
1048 3313 1134 3380 qui
1177 3312 1602 3385 persecutionem,
1634 3313 1900 3384 patiuntur

296 3412 506 3475 propter
524 3405 784 3479 justitiam
804 3446 821 3472 ,
855 3400 1096 3476 quoniam
1135 3405 1367 3476 ipsorum
1406 3413 1478 3459 est
1508 3420 1723 3476 regnum
1744 3405 1899 3460 caelo-

294 3512 412 3554 rum
440 3514 460 3554 :
491 3498 624 3553 beati
646 3498 767 3554 estis
787 3512 905 3553 cum
936 3512 1026 3553 eos
1048 3499 1386 3564 maledicent,
1425 3507 1473 3553 et
1505 3510 1897 3571 persequentur,

291 3601 345 3647 et
374 3591 549 3649 dicunt
569 3607 720 3647 omne
744 3592 939 3647 malum
967 3592 1235 3647 aduersum
1260 3607 1350 3646 vos
1371 3602 1582 3663 propter
1594 3593 1897 3667 justitiam;

291 3684 462 3758 020
490 3684 711 3758 gaudete
736 3694 783 3740 et
807 3685 1059 3740 exsultare
1079 3725 1094 3751 ,
1126 3686 1368 3756 quoniam
1395 3700 1588 3740 merces
1612 3694 1777 3741 uestra
1806 3702 1897 3741 co-

292 3779 443 3849 piosa
470 3787 544 3832 est
576 3779 628 3832 in
671 3777 796 3833 caelo
823 3775 1043 3849 (Matth.
1092 3792 1149 3842 v,
1176 3778 1244 3834 10
1269 3786 1316 3832 et
1342 3775 1507 3849 seqq.)
1542 3794 1557 3832 :
1598 3793 1705 3832 non
1747 3780 1896 3848 potui

290 3869 373 3943 (b)
404 3869 657 3945 praeferre
686 3869 1023 3926 ambitiosam
1052 3870 1105 3925 in
1151 3880 1332 3925 reatus
1362 3870 1579 3926 silentio
1616 3871 1899 3928 conscien-

291 3964 418 4020 tiam
451 3962 726 4035 injnriosa:
752 3977 849 4036 pro
872 3963 966 4020 Dei
991 3956 1330 4019 confessione
1352 3960 1675 4020 tolerantiae.

363 4126 446 4201 (ιι)
488 4126 603 4201 Vox
636 4129 814 4201 steculi
837 4128 1100 4199 aptiorem
1130 4128 1308 4183 locum
1331 4127 1411 4183 sic
1439 4128 1707 4201 obtineret
1737 4146 1750 4183 :
1779 4130 1884 4184 otio

288 4198 573 4255 domestico
604 4200 710 4270 frui
731 4242 745 4265 ,
776 4198 952 4256 steculi
992 4201 1272 4255 commodis
1307 4200 1541 4254 omnibus
1570 4198 1882 4255 redundare.

287 4272 401 4328 Ant
429 4273 607 4339 potius
638 4272 943 4339 legendum,
969 4274 1154 4343 ﬂorere
1176 4273 1319 4326 bonis
1347 4272 1562 4337 seaculi;
1592 4274 1636 4326 sl
1666 4271 1884 4343 quidem

287 4343 443 4413 mihi,
473 4358 580 4397 non
606 4343 770 4408 nobis,
801 4346 1081 4413 sequentia
1111 4345 1411 4411 requirunt.

362 4415 517 4487 (b)lu
548 4427 676 4468 mss.
721 4418 949 4487 preferre
972 4415 1241 4469 ambitiosa
1266 4432 1279 4468 :
1311 4430 1376 4468 ex
1405 4415 1599 4484 quibus
1634 4415 1887 4487 confecee

283 4495 375 4544 rat
408 4486 584 4542 Faber
605 4524 621 4551 ,
666 4486 892 4558 perferre
919 4487 1187 4540 ambitioso
1214 4488 1267 4540 in
1305 4498 1452 4541 reatu
1479 4487 1703 4542 silentio.
1750 4486 1892 4541 inte-

283 4558 526 4629 griorem
571 4572 635 4612 ae
673 4563 937 4613 veriorem
969 4560 1242 4612 reddimus
1272 4567 1595 4613 sententiam
1620 4575 1632 4621 ;
1659 4559 1892 4613 maxime

285 4628 412 4685 eum
446 4643 513 4684 ex
540 4642 642 4683 ms.
695 4628 904 4700 Remig.
952 4631 1140 4699 legerit
1168 4630 1333 4684 Sirm.
1367 4630 1421 4683 in
1463 4640 1637 4684 reatus
1661 4630 1887 4695 silentio,

326 4700 433 4755 noti
463 4709 570 4765 est,
600 4701 653 4772 in
676 4701 896 4755 silentio
926 4705 1095 4755 reatni
1129 4700 1389 4767 obnoxio,
1416 4716 1574 4772 quem
1605 4710 1809 4756 reatum
1836 4714 1893 4756 ιιι

326 4718 433 4755 non
463 4718 570 4765 est,
600 4718 653 4754 ιιι
676 4718 896 4755 snenuo
926 4718 1095 4755 reatm
1129 4718 1389 4767 outmxto,
1416 4718 1574 4772 quem
1605 4718 1809 4756 reatum
1836 4718 1889 4756 ιιι

283 4718 568 4842 defugeret
594 4771 846 4835 llilarins,
881 4773 952 4827 ait
983 4786 1046 4828 se
1074 4773 1290 4842 indigna
1327 4788 1421 4839 pro
1450 4770 1648 4827 Christi
1671 4773 1889 4828 confes-

284 4844 449 4927 sione
484 4845 590 4911 pati
622 4844 880 4900 maluisse
900 4886 914 4907 ,
957 4859 1117 4915 quam
1149 4856 1214 4899 ex
1248 4844 1534 4899 ambitiosa
1560 4844 1887 4899 conscientia

286 4929 607 4970 connivere.

359 4984 435 5058 (c)
466 4986 593 5058 ideo
620 4996 844 5058 tempore
881 4988 1148 5057 antiquum
1168 4987 1337 5058 {quia
1360 4987 1505 5055 quod
1543 4987 1729 5042 Ariani
1773 4996 1894 5042 tan-

283 5056 419 5113 dem
464 5056 733 5122 Arimini,
790 5056 1053 5114 Seleuciae
1082 5068 1137 5114 et
1162 5056 1632 5128 constantinupoli
1663 5059 1729 5112 ad
1771 5059 1887 5114 exi-

285 5140 398 5184 tum
426 5128 812 5198 perduxerunt,
848 5130 898 5183 id
930 5130 1085 5200 longe
1112 5140 1270 5184 antea
1313 5131 1557 5185 conciliis
1588 5132 1888 5186 innumeris

284 5200 461 5256 moliti
506 5208 681 5255 erant.
726 5202 860 5268 Quia
905 5215 1037 5257 vero
1065 5205 1169 5257 hoc
1195 5202 1485 5257 consilium
1511 5217 1693 5268 suum,
1742 5201 1886 5269 quod

282 5271 504 5327 silentio
531 5282 689 5326 antea
734 5281 916 5342 tegere
951 5273 1170 5327 solliciti
1216 5282 1410 5337 erant,
1459 5287 1602 5327 nunc
1655 5274 1888 5342 primmn

284 5344 463 5413 palam
519 5343 905 5414 prodiderunt;
964 5345 1105 5398 idem
1159 5343 1360 5399 silentio
1399 5360 1584 5398 nouunt
1634 5344 1894 5413 praedica-

283 5424 388 5469 tur.
424 5414 546 5486 Jam
576 5414 817 5484 quidem,
850 5416 925 5469 uti
976 5416 1068 5471 lib.
1099 5417 1168 5471 de
1213 5417 1347 5486 Syn.
1378 5431 1431 5470 η.
1488 5414 1557 5471 78
1606 5423 1875 5481 narratur,

282 5502 372 5541 an.
416 5484 521 5542 357
552 5485 766 5560 lateresis
811 5487 1010 5544 Sirmio
1046 5484 1519 5560 prorumpens,_id
1552 5488 1690 5557 quod
1736 5497 1886 5542 antea

284 5560 468 5630 furtim
504 5559 823 5625 mussitabat,
861 5575 966 5612 non
997 5558 1149 5622 ciam,
1193 5558 1287 5613 seti
1316 5558 1539 5630 publica
1569 5560 1892 5613 auctoritatis

285 5628 609 5701 professione
659 5631 842 5685 victria:
886 5631 1224 5700 gloriabatur.
1270 5628 1340 5684 At
1378 5628 1733 5685 Orientalium
1782 5633 1895 5701 Au-

284 5699 433 5773 eyra:
471 5699 925 5773 congregatarum
958 5716 1125 5773 opera
1165 5705 1347 5756 statim
1378 5716 1623 5771 repressa
1653 5710 1756 5765 est,
1795 5699 1896 5755 Va—

287 5771 458 5845 lente,
486 5771 718 5845 rllrsaeio
750 5788 811 5845 ac
852 5771 1016 5845 sociis
1050 5790 1238 5845 eorum
1263 5786 1469 5829 eoat-ns
1509 5782 1566 5827 ut
1594 5774 1897 5845 Ancyranis

286 5842 695 5902 definitionibus
712 5844 1134 5903 subscriberent.
1148 5844 1280 5917 Quae
1292 5845 1617 5917 subscriptio
1634 5842 1902 5902 iudicatur

2005 3309 2219 3365 debeat.
2250 3306 2356 3365 Sed
2381 3310 2516 3377 lucc,
2545 3324 2650 3364 non
2675 3309 2796 3380 quia
2822 3310 3215 3366 contemnenda
3244 3322 3390 3378 sunt,
3416 3326 3603 3367 verum

2003 3402 2129 3473 quia
2174 3401 2258 3456 his
2304 3400 2550 3472 graviora
2594 3402 2703 3456 sint
2750 3402 3027 3471 subjecta,
3078 3410 3357 3472 praetereo.
3409 3402 3609 3471 Quam-

2003 3511 2163 3566 quam
2196 3495 2339 3551 enim
2370 3509 2435 3550 ex
2472 3494 2558 3550 his
2587 3491 2892 3566 quibustu
2919 3494 2986 3567 (f.
3016 3510 3136 3566 qua:
3175 3495 3500 3571 quibusque)
3546 3499 3602 3554 in

2005 3590 2163 3644 terris
2193 3600 2343 3660 gesta
2386 3588 2531 3654 sint,
2574 3589 2826 3660 cognosci
2861 3589 3098 3658 potuerit
3126 3588 3287 3660 longe
3315 3591 3461 3646 aliud
3492 3592 3601 3663 agi,
3686 3592 3691 3597 ’

2000 3697 2157 3753 quam
2206 3681 2648 3744 existimabatur;
2696 3692 2873 3736 tamen
2920 3679 3272 3751 propensiore
3314 3696 3440 3736 cura
3482 3698 3600 3739 rem

1997 3791 2215 3833 omnem
2241 3776 2343 3831 hoc
2365 3776 2638 3832 volumine
2666 3776 2869 3846 placuit
2893 3791 3185 3847 exponere.
3212 3776 3425 3847 Raptim
3453 3779 3598 3835 enim

2002 3880 2128 3925 tunc
2160 3869 2235 3943 (ε)
2264 3869 2376 3922 haec
2402 3883 2501 3939 per
2535 3882 2632 3922 nos
2661 3867 3066 3939 ingerebantur,
3104 3869 3384 3939 corruptio
3411 3870 3599 3927 Evan-

1998 3964 2287 4035 geliorum,
2304 3961 2618 4033 depravatio
2638 3958 3003 4033 ﬂdei,621et
3021 3958 3270 4017 simulata
3292 3961 3490 4020 Christi
3507 3980 3605 4019 no.-

1990 4129 2075 4185 ltis
2127 4126 2591 4199 subsequentibus
2628 4126 2851 4182 verbis:
2885 4128 3081 4198 pridem
3133 4127 3373 4183 simulata
3419 4145 3594 4189 rerum

2028 4217 2118 4256 ace
2165 4200 2511 4272 printer-itum;
2541 4198 2658 4272 nisi,
2690 4199 2828 4272 forte
2865 4198 3053 4255 iisdem
3102 4209 3330 4272 notetur
3366 4199 3599 4257 celebris

2028 4219 2118 4256 ace
2165 4219 2511 4272 ρνωιενιιιιηι;
2541 4219 2642 4253 IIIS]
2690 4219 2828 4253 lOl‘le
2866 4219 3053 4255 ιιειιριη
3114 4219 3330 4256 ιιιιιειυι·
3366 4219 3590 4257 εειθυιΊε

1993 4219 2247 4329 {lrsaeet
2265 4271 2601 4339 Vaient.post
2626 4269 2949 4327 Sardieense
2960 4271 3244 4326 concilium
3263 4272 3590 4329 retractatio.

2069 4342 2151 4417 (ά)
2174 4344 2270 4400 Hic
2291 4341 2732 4417 obiter__tangitur
2748 4356 2914 4417 quam
2939 4343 3101 4397 variis
3120 4342 3319 4417 modis,
3343 4342 3396 4398 in
3424 4343 3597 4417 Atha-

1999 4413 2139 4472 nasii
2175 4429 2360 4480 causa,
2382 4413 2711 4482 iudiciorum
2739 4413 2908 4469 forma
2941 4423 3204 4470 temerata
3235 4415 3329 4480 sit,
3358 4414 3595 4473 maxime

1998 4499 2178 4542 autem
2213 4486 2355 4556 quod
2387 4486 2585 4540 absens
2609 4487 3002 4541 condemnatus
3035 4484 3125 4541 sit.
3171 4485 3239 4542 Ut
3280 4487 3423 4541 enim
3472 4501 3597 4542 cum

1999 4555 2347 4615 Theodoram
2387 4557 2481 4612 lib.
2512 4572 2549 4612 tt
2596 4557 2733 4611 ilist.
2767 4555 2915 4612 Eccl.
2963 4572 3013 4612 e.
3052 4556 3139 4621 t6,
3171 4559 3324 4613 testis
3354 4568 3438 4612 cst
3479 4557 3597 4627 ipse

1919 4617 1974 4679 D
2000 4631 2315 4685 Ammianus
2342 4628 2686 4684 Marcellinus
2718 4628 2811 4683 lib.
2840 4643 2932 4695 xv,
2955 4644 3007 4683 e.
3038 4630 3092 4693 '7,
3127 4617 3374 4685 Liberius
3400 4646 3429 4682 ιι
3454 4617 3602 4693 Con-

1996 4703 2198 4757 stanlio
2224 4702 2408 4770 jussus
2449 4709 2506 4753 ut
2538 4702 2589 4754 in
2631 4701 2779 4754 illum
2820 4699 3207 4763 subscriberet.
3237 4699 3600 4770 respondebat

1997 4789 2286 4842 numquam
2317 4773 2559 4826 auditum
2590 4784 2746 4842 esse,
2803 4772 2870 4823 tle
2895 4787 2990 4826 reo
3034 4773 3260 4827 absente
3285 4771 3445 4827 latam
3474 4786 3596 4829 esse

1996 4844 2340 4900 sententiam.
2372 4842 2638 4913 idetnest
2662 4841 2890 4896 Luciferi
2932 4857 2995 4897 ac
3033 4842 3323 4913 sociorum,
3348 4845 3485 4913 ejus
3509 4859 3600 4898 re.

1999 4931 2262 4985 sponsum
2295 4914 2433 4984 apud
2457 4911 2810 4970 Athanasium
2843 4914 2906 4967 ad
2932 4914 3090 4969 Solit.
3121 4931 3239 4985 pag.
3267 4911 3413 4970 862’:
3442 4911 3595 4982 Esto,

1997 4988 2244 5057 inquiunt
2272 4985 2611 5049 Constantio,
2648 4994 2705 5039 ut
2743 4996 3010 5040 accusator
3036 4988 3128 5051 sis,
3159 4986 3389 5041 absentia
3425 4996 3597 5057 tamen

1995 5056 2081 5113 rei
2099 5059 2223 5130 facit
2250 5068 2301 5110 ut
2320 5057 2551 5129 judicari
2574 5073 2677 5110 non
2708 5059 2886 5125 possit.
2917 5057 3121 5130 indicat
3159 5069 3421 5130 praeterea
3448 5056 3594 5130 Hila-

1997 5127 2111 5185 rius
2154 5127 2454 5195 extortam,
2504 5141 2676 5197 quue
2720 5130 2938 5183 nomine
2980 5128 3181 5183 nullam
3230 5127 3397 5185 fuisse
3440 5128 3589 5184 illam

1997 5201 2321 5257 sententiam
2373 5219 2385 5253 :
2431 5214 2591 5267 quam
2644 5200 2908 5254 rationem
2960 5214 3133 5269 neque
3172 5199 3295 5256 silet
3340 5197 3589 5254 Liberius

2001 5274 2122 5327 loco
2143 5270 2469 5327 Theodoreti
2504 5269 2745 5339 proxime
2773 5281 3091 5327 memorato.

2074 5343 2145 5415 (ε)
2172 5342 2263 5415 \(el
2298 5341 2543 5415 Biterris,
2587 5341 2728 5415 unde
2754 5343 2803 5395 in
2832 5341 3080 5415 exsilium
3106 5342 3311 5415 eiectus
3338 5353 3461 5415 est;
3499 5340 3592 5415 vel

1989 5408 2151 5471 etiam
2181 5413 2674 5482 Constantinopoli,
2706 5422 2825 5484 post
2867 5408 3226 5469 Seleuciensis
3260 5411 3451 5485 synodi
3480 5408 3594 5470 dis-

1994 5485 2343 5543 solutionem.
2376 5486 2708 5554 Quamquam
2753 5486 2898 5547 ha-c,
2938 5485 3024 5539 ubi
3053 5500 3174 5541 sese
3202 5485 3399 5541 obtulit
3429 5500 3595 5541 occa-

1998 5560 2098 5623 sio,
2132 5567 2391 5628 praestare
2418 5569 2524 5611 non
2573 5557 2796 5628 destitit.
2824 5555 2959 5628 Nam
2988 5554 3080 5611 lib.
3126 5572 3145 5612 t
3192 5556 3257 5613 ad
3308 5556 3592 5613 Constant.

2003 5649 2057 5685 ιι.
2100 5627 2156 5693 3,
2189 5632 2452 5696 queritur,
2482 5627 2623 5700 quod
2652 5627 2832 5700 Ariani
2875 5643 2975 5700 non
3001 5638 3200 5683 cessant
3243 5645 3332 5684 ore
3360 5628 3520 5700 impio
3546 5638 3594 5687 et

2005 5702 2253 5771 sacrilego
2266 5702 2438 5754 animo
2460 5698 2853 5771 Evangeiiornm
2879 5699 3219 5771 sinceritatem
3246 5698 3595 5771 corrumpere,

2005 5786 2052 5828 et
2102 5770 2294 5828 rectam
2344 5770 2693 5844 apostolorum
2741 5770 2971 5844 regulam
3013 5771 3327 5844 depravare;
3378 5770 3601 5843 etpost

2011 5861 2199 5917 pauca,
2231 5842 2387 5916 quod
2402 5842 2657 5914 simplices
2691 5851 2737 5898 et
2764 5842 3056 5900 innocentes
3092 5843 3186 5900 sub
3217 5842 3485 5915 prmtextu
3506 5859 3602 5898 no-
