4062 6332
536 240 636 297 651

535 355 702 411 minis
728 353 1041 427 blaspheme
1061 354 1354 415 confessio.
1386 355 1455 413 Et
1474 369 1697 415 necesse
1726 355 1825 415 fuit
1852 357 1906 413 in
1926 373 1993 414 eo
2017 373 2129 416 ser-
2160 366 2212 426 Α

536 463 699 505 mone
728 450 908 506 omnia
935 464 1056 507 esse
1083 465 1448 522 praepropera,
1469 454 1847 525 incompOsita,
1866 453 2090 511 confusa
2116 473 2131 510 :

535 543 661 613 quia
682 552 885 613 quanto
915 558 1014 599 nos
1044 544 1381 614 impensiore
1406 560 1537 601 cura
1563 546 1892 603 audientiam
1923 563 2132 619 quaere-

532 649 734 699 remus,
764 644 913 691 tanto
952 634 1031 692 illi
1072 638 1435 707 pertinaciore
1461 638 1641 695 studio
1677 638 1966 696 audientiae
1986 655 2133 696 con-

532 728 780 783 trairent.

607 821 660 876 6.
696 819 845 877 Unde
876 822 1128 878 ordiatur.
1170 854 1240 865 —
1278 824 1534 896 Incipiam
1576 826 1740 897 igitur
1776 826 1845 883 ab
1890 825 1975 882 bis
2014 842 2134 900 qua:

532 918 781 986 proxime
818 924 969 987 gesta
999 928 1145 983 sunt,
1178 919 1229 973 id
1257 928 1361 980 est,
1385 935 1452 975 eo
1499 930 1743 991 tempore
1766 937 1873 991 quo
1899 923 2131 993 primum

532 1010 586 1065 in
612 1011 913 1066 Arelatensi
943 1011 1144 1082 oppido
1176 1011 1288 1084 (an.
1320 1013 1453 1083 555)
1482 1016 1646 1070 frater
1673 1026 1728 1070 et
1756 1018 2133 1073 comminister

530 1116 687 1158 meus
731 1102 987 1159 Paulinus
1031 1105 1278 1160 ecclesia:
1328 1104 1673 1161 Trevirorum
1714 1108 2002 1179 episcopus
2047 1124 2136 1165 co-

528 1210 650 1250 rum
709 1212 769 1250 se
816 1194 1106 1264 perditioni
1152 1197 1594 1269 simulatiouique
1634 1215 1741 1253 non
1785 1200 2045 1256 miscuit:
2079 1211 2133 1257 et

531 1292 708 1360 qualis
736 1290 931 1365 fuit(a)
974 1292 1062 1346 illa
1110 1293 1382 1350 sententia
1411 1310 1702 1363 exponam,
1758 1311 1786 1349 a
1830 1312 1935 1366 qua
1989 1296 2133 1354 refe-

529 1399 659 1440 rens
704 1385 1076 1451 voluntatem,
1137 1388 1391 1459 indignus
1432 1389 1660 1444 ecclesia
1703 1390 1771 1445 ab
1815 1392 2087 1460 episcopis
2114 1433 2129 1458 ,

529 1477 725 1550 dignus
741 1478 935 1535 exsilio
962 1496 990 1534 a
1021 1495 1149 1549 rege
1169 1493 1254 1537 εει
1272 1480 1566 1551 judicatus.
1587 1482 1763 1552 Atque
1779 1482 1883 1538 huc
1910 1484 1985 1539 ita
2013 1484 2132 1541 lieri

528 1586 637 1626 non
665 1587 845 1627 rerum
876 1572 1034 1638 ordo,
1066 1573 1160 1628 sed
1194 1574 1333 1629 ratio
1359 1590 1423 1629 ex
1450 1576 1811 1646 praesentibus
1844 1576 2009 1647 petita
2032 1578 2130 1634 de-

528 1675 837 1720 monstrat:
872 1674 931 1722 ut
959 1682 1023 1723 ex
1056 1666 1141 1722 his
1174 1668 1406 1738 primum
1444 1670 1718 1726 confessio
1757 1672 1937 1740 potius
1980 1669 2128 1733 ﬁdei.

1731 242 1976 300 SANCTI
2016 242 2271 303 HILAMI
2312 245 2622 305 EPISCOH

3693 260 3776 319 652

2496 361 2980 423 FRAGMENTUM
3029 365 3074 424 ll
3111 366 3278 441 (Alias
3303 384 3322 425 ι
3350 372 3548 447 partis).

2627 494 2824 535 INCIPIT
2853 496 3140 539 BXEII‘LUI
3168 498 3439 543 EPISTOLB

2353 569 2554 641 Synodi
2584 571 2914 629 Sardicensis
2942 573 3016 648 (c)
3041 577 3112 631 ad
3140 579 3406 635 universas
3430 579 3683 642 Ecclesia.

2776 668 3027 739 (Scripta)
3053 685 3146 726 an.
3177 671 3333 744 δη.)

2309 757 2361 812 l.
2397 758 2602 829 Synodi
2630 777 2808 817 causa.
2839 791 2910 803 --
2951 762 3113 819 Multa
3157 766 3376 837 quidem
3414 778 3468 825 et
3515 771 3788 845 frequenter

2235 848 2351 904 ausi
2393 859 2521 927 sunt
2549 853 2732 907 Ariani
2766 851 3008 910 haeretici
3039 859 3303 915 adversus
3330 865 3679 940 servost
3692 870 3784 936 Dei,

2234 941 2327 1012 qui
2359 942 2519 999 fidem
2546 956 2749 1001 rectam
2782 958 2836 1003 ct
2860 948 3182 1007 catholicam
3202 955 3527 1012 custodiunt.
3557 963 3799 1019 Adulteri-

2235 1050 2361 1090 nam
2395 1050 2627 1107 namque
2664 1040 2962 1098 doctrinam
2998 1044 3322 1114 inserentes,
3346 1048 3664 1109 orthodosos
3689 1069 3791 1124 per-

2234 1130 2385 1199 si-qui
2418 1137 2777 1187 tentaverunt.
2810 1132 2869 1189 lu
2899 1144 3107 1192 tantum
3134 1148 3315 1194 autem
3338 1156 3478 1196 nunc
3504 1158 3796 1202 exsurrexe-

2234 1232 2358 1276 runt
2401 1233 2588 1278 contra
2623 1224 2783 1282 fidem
2814 1269 2829 1293 ,
2878 1236 2935 1284 ut
2978 1244 3087 1286 non
3127 1231 3208 1304 (ά)
3242 1234 3540 1305 religiosam
3573 1238 3791 1305 pietatem

2232 1313 2782 1373 clementissimorum
2827 1328 3218 1392 imperatorum
3268 1327 3480 1384 lateret.
3541 1329 3791 1403 Denique,

2232 1410 2404 1478 gratia
2452 1410 2543 1465 Dei
2574 1408 2888 1481 adjuvaute,
2921 1415 3085 1472 etiam
3136 1419 3239 1488 ipsi
3284 1419 3677 1479 clementissimi
3719 1426 3796 1481 im-

2234 1513 2517 1571 peratores
2559 1512 3124 1583 congregaverunt(e)
3154 1529 3219 1569 cx
3258 1514 3492 1573 diversis
3536 1522 3799 1589 provinciis

2232 1601 2289 1648 et
2313 1595 2626 1652 civitatibus
2656 1599 2828 1670 ipsam
2859 1605 3128 1676 synodum
3160 1618 3400 1665 sanctam
3429 1653 3447 1680 ,
3474 1621 3528 1666 et
3555 1612 3607 1668 in
3639 1613 3798 1671 Sardi-

2232 1693 2476 1748 ceusium
2507 1694 2726 1751 civitate
2752 1699 2868 1754 lieri
2895 1702 3264 1771 permiserunt
3288 1723 3302 1759 :
3330 1716 3391 1761 ut
3412 1708 3587 1764 omnis
3610 1709 3798 1780 quidem

527 1772 688 1826 quam
719 1773 884 1826 pavair
913 1759 965 1813 in
1010 1759 1228 1816 homine
1256 1760 1607 1832 intelligatur,
1639 1761 1715 1834 (b)
1738 1779 1803 1818 ex
1851 1764 2047 1835 quibus
2077 1764 2114 1819 it

2896 1759 2911 1771 _
3339 1759 3349 1761 _
3376 1759 3383 1761 .
3528 1759 3585 1764 ὴν-
3615 1759 3798 1780 ΓΜ-..

2235 1783 2505 1841 dissensio
2533 1801 2947 1862 amputaretur,
2981 1793 3159 1866 iniqua
3185 1808 3362 1854 autem
3408 1800 3643 1856 doctrina
3674 1804 3802 1872 prni-

529 1866 654 1907 eum
678 1852 770 1923 qui
812 1851 1077 1908 adsensus
1104 1854 1186 1909 his
1216 1870 1321 1909 non
1353 1866 1460 1921 est,
1491 1855 1629 1925 cepit
1659 1855 1934 1926 iniuriam.

600 1952 651 2005 7.
682 1951 797 2019 Quo
828 1961 979 2022 pacto
995 1953 1269 2025 legendum
1290 1954 1376 2008 sit.
1397 1981 1469 1994 -—
1506 1953 1683 2024 Atque
1714 1953 1817 2009 hoc
1838 1952 2000 2009 etiam
2020 1968 2127 2010 non

526 2046 793 2102 inutiliter
822 2045 1157 2111 admonebo,
1190 2054 1248 2101 ut
1270 2046 1337 2102 ad
1369 2061 1531 2102 omne
1568 2046 1674 2104 hoc
1717 2047 1970 2103 volumen
2003 2048 2127 2104 dili-

523 2153 660 2208 gens
689 2138 919 2194 intentio
966 2138 1307 2196 adhibeatur.
1341 2139 1535 2196 Omnia
1556 2142 1734 2197 nenim
1789 2153 1916 2198 sunt
1943 2152 1998 2199 et
2041 2158 2129 2200 se-

522 2230 762 2301 paranda
789 2232 1127 2302 temporibus
1147 2274 1162 2300 ,
1202 2240 1258 2288 et
1282 2232 1661 2303 distinguenda
1688 2234 1932 2305 iudiciis,
1962 2246 2017 2293 et
2035 2251 2124 2294 se-

523 2323 796 2379 cernenda
822 2325 1101 2394 personis,
1131 2333 1188 2380 et
1209 2325 1500 2381 verborum
1529 2325 1871 2397 diiudicanda
1912 2329 2127 2385 virtuti-

521 2416 624 2473 bus
649 2436 662 2470 :
690 2432 757 2471 ne
778 2416 918 2473 forte
943 2426 1024 2472 tot
1047 2418 1320 2487 epistolis,
1351 2428 1431 2475 tot
1462 2420 1686 2490 synodis
1717 2430 1844 2478 tunc
1869 2422 2126 2493 frequen-

522 2517 607 2563 ter
635 2509 870 2580 injectis,
904 2511 1212 2581 pernicioso
1246 2521 1374 2568 aute
1399 2512 1562 2569 ﬁnem
1582 2516 1794 2573 fastidio
1818 2519 2122 2589 expleatur.

523 2602 717 2671 Agitur
759 2611 939 2657 autem
988 2604 1043 2658 in
1084 2603 1167 2658 his
1192 2646 1207 2671 ,
1257 2620 1378 2675 quae
1407 2606 1648 2676 cognitio
1691 2609 1783 2665 Dei
1816 2611 2124 2681 expetenda

525 2694 619 2760 sit,
644 2709 767 2764 qua:
807 2709 934 2766 spes
975 2697 1302 2752 aeternitatis
1327 2738 1341 2761 ,
1400 2698 1455 2753 in
1498 2715 1605 2771 quo
1642 2702 1877 2771 perfecta
1927 2705 2125 2762 veritas

521 2796 667 2844 statu
695 2786 918 2843 haereat.
953 2788 1167 2845 Etcum
1201 2800 1310 2846 tam
1346 2795 1530 2863 gravis
1560 2794 1639 2850 rei
1668 2798 1942 2867 negotium
1976 2808 2121 2856 trac-

524 2891 671 2939 tetur
695 2925 711 2949 ,
761 2893 979 2954 oportet
1017 2892 1075 2939 et
1129 2901 1572 2958 unumquemque
1619 2890 1703 2944 liis
1738 2891 1902 2947 modo
1938 2909 2123 2951 curam

518 2975 917 3047 c0guosceudis
942 2977 1106 3032 rebus
1148 2977 1466 3047 impendere
1488 3021 1504 3046 ,
1547 2990 1605 3036 ut
1625 2981 1832 3052 judicio
1861 2983 2124 3058 deinceps

519 3067 741 3139 proprio
765 3067 1094 3137 consistens,
1114 3067 1429 3139 opinibncm
1458 3085 1566 3129 non
1587 3082 1845 3145 sequatur
1863 3075 2116 3134 alienam.

523 3161 776 3231 Explicit.

517 3809 672 3866 minis
700 3806 983 3865 Christiani
1010 3811 1290 3867 involvunt.
1318 3811 1554 3868 Rursum
1584 3812 1676 3870 lib.
1705 3814 1771 3869 ad
1799 3814 2047 3871 eumdem
2074 3832 2111 3872 η

515 3889 829 3957 constanter
867 3882 936 3937 ab
963 3883 1082 3951 ipso
1097 3885 1399 3957 exponitur
1422 3882 1546 3940 ﬁdei
1573 3885 1907 3957 depravatio,
1935 3897 1988 3942 et
2016 3903 2112 3943 au-

514 3953 715 4011 dientia
738 3954 901 4009 enixe
933 3953 1255 4022 postulatur.

587 4024 667 4093 (a)
699 4025 755 4078 lu
785 4026 1030 4093 vulgatis.
1063 4027 1144 4080 illi
1181 4028 1450 4084 sententia.
1503 4028 1692 4082 Verius
1721 4028 1773 4082 in
1816 4044 1975 4095 mss.,
2015 4032 2109 4086 illa

509 4096 783 4172 sententia,
813 4097 931 4172 scil.
962 4096 1074 4152 Arii
1104 4098 1374 4155 fautorum
1393 4143 1408 4169 ,
1449 4099 1644 4172 quibus
1685 4100 1943 4157 Paulinus
1968 4117 2105 4158 con-

406 4209 413 4215 .
509 4170 713 4224 sentire
740 4168 929 4221 noluit.

581 4239 658 4313 (b)
689 4237 864 4316 Faber
887 4255 1131 4316 cuiusuo
1156 4259 1282 4307 ms.,
1317 4252 1360 4297 et
1381 4243 1649 4316 quibusin
1678 4260 1791 4298 euut
1814 4249 1901 4316 qui
1926 4247 2114 4303 adsen-

509 4312 598 4366 sus
626 4312 743 4381 quis
770 4326 886 4390 non_
915 4314 1048 4383 cepit
1075 4313 1345 4390 injuriant.
1381 4315 1643 4390 Reposita
1674 4312 1863 4390 Vocula
1908 4335 1975 4373 ea:
2011 4335 2109 4390 pro

511 4392 576 4447 et,
608 4396 733 4436 cum
786 4381 1064 4459 Utriusque
1115 4381 1621 4459 i'iraittiqttis_libris
1669 4402 1773 4459 una
1803 4388 1970 4459 ﬁgura
2011 4381 2101 4457 sit,

508 4462 707 4508 czetera
734 4451 1056 4514 corrigimus
1082 4470 1150 4510 ex
1179 4451 1455 4514 Sirmondi
1486 4451 1906 4516 lcetionibusSi
1938 4451 2100 4516 etiam

2236 1890 2321 1934 tus
2351 1882 2601 1949 exiiulsa,
2639 1884 2813 1954 pietas
2840 1889 2976 1954 sola,
3015 1904 3136 1961 qua:
3160 1901 3246 1946 est
3272 1892 3324 1947 iu
3353 1888 3676 1962 Christohb
3705 1911 3802 1952 om-

2231 1971 2391 2028 nibus
2420 1975 2805 2032 custodiretur.
2847 1978 3130 2036 Venerunt
3156 1985 3299 2039 enim
3342 1985 3414 2040 ab
3447 1984 3660 2043 Oriente
3703 1989 3800 2059 epi-

2230 2066 2380 2136 scopi
2397 2066 2775 2125 cohortatioue
2796 2072 3015 2129 excitati
3037 2072 3403 2143 piissimorum
3427 2082 3798 2150 imperatorum,

2231 2160 2469 2215 maxime
2499 2173 2722 2232 propter
2749 2162 2800 2218 id
2818 2164 2960 2235 quod
2984 2165 3300 2238 frequenter
3329 2170 3382 2224 in
3408 2172 3802 2228 murmuratione

2228 2250 2357 2317 fuit,
2396 2252 2450 2308 id
2475 2262 2582 2321 est,
2607 2253 2676 2310 de
2696 2254 3068 2314 dilectissimis
3092 2258 3351 2317 fratribus
3390 2264 3595 2320 nostris
3622 2276 3674 2320 et
3699 2278 3802 2320 roe-

2228 2346 2493 2418 piscopis,
2525 2348 2823 2405 Athanasio
2841 2351 3101 2422 episcopo
3122 2353 3474 2411 Alexandria:
3494 2367 3550 2411 et
3577 2356 3803 2413 Marcello

2226 2439 2483 2510 episcopo
2500 2440 2987 2513 Ancyra-Galatia.
3018 2443 3084 2518 (ο
3107 2445 3456 2505 Arbitramur
3469 2459 3641 2506 autem
3662 2449 3801 2506 etiam

2227 2529 2296 2586 ad
2325 2547 2423 2588 vos
2452 2533 2599 2605 ipsos
2629 2539 2952 2606 pervenisse
2992 2552 3182 2594 eorum
3221 2540 3549 2610 calumnias,
3589 2552 3643 2598 et
3667 2556 3803 2598 aures

2226 2639 2436 2684 vestras
2479 2638 2722 2687 tentasse
2764 2645 2859 2687 eos
2890 2647 3236 2693 commovere
3272 2650 3381 2691 non
3416 2635 3800 2692 dubitavimus:

2228 2731 2286 2776 ut
2309 2723 2597 2778 adversum
2651 2724 2971 2781 innocentes
3017 2726 3233 2796 quidem
3269 2744 3394 2799 qua:
3425 2729 3611 2785 dicunt
3635 2729 3803 2786 creda-

2227 2814 2316 2880 tis,
2351 2816 2631 2871 sceleratze
2658 2828 2838 2873 autem
2868 2817 3142 2875 haereseos
3180 2836 3294 2877 sua:
3341 2823 3700 2894 suspicionem
3736 2833 3803 2879 te-

2223 2921 2372 2982 gant.
2403 2910 2509 2967 Sed
2537 2927 2641 2967 non
2680 2913 2881 2968 diutius
2899 2911 3016 2969 haec
3040 2913 3146 2968 illis
3171 2912 3354 2971 facere
3376 2917 3694 2985 permissum
3710 2925 3799 2973 est.

2225 3006 2323 3062 Est
2352 3005 2497 3062 enim
2525 3006 2854 3078 gubernator
2886 3006 3251 3064 Ecclesiarum
3286 3009 3573 3078 Dominus,
3613 3010 3688 3083 (g)
3723 3010 3800 3082 qui

2227 3115 2324 3171 pro
2350 3099 2603 3155 Ecelesiis
2632 3111 2687 3156 et
2713 3116 2810 3171 pro
2834 3099 3087 3183 omnibus
3114 3102 3270 3158 nobis
3290 3113 3527 3161 mortem
3551 3103 3799 3170 sustinuit,

2227 3203 2281 3249 et
2307 3192 2387 3268 (It)
2415 3204 2637 3265 propter
2663 3211 2756 3251 eas
2779 3196 3051 3254 Ecclesias
3088 3197 3414 3255 adscensum
3444 3201 3496 3256 in
3522 3200 3684 3258 omlos
3703 3215 3804 3255 om-

2228 3286 2388 3343 nibus
2414 3287 2570 3343 nobis
2606 3288 2815 3346 tribuit.

2298 3377 2353 3434 2.
2386 3380 2655 3452 Synodum
2675 3382 2820 3437 adire
2841 3384 3097 3456 trepith
3131 3384 3432 3443 Eusebiani.
3452 3416 3525 3431 —-
3546 3387 3680 3445 Olim
3698 3386 3805 3461 qui-

2225 3471 2349 3528 dem
2378 3473 2742 3531 scribentibus
2782 3475 3017 3533 Eusebio
3040 3520 3056 3545 ,
3085 3478 3254 3536 Mario
3277 3521 3292 3545 ,
3348 3479 3661 3549 Theodoro,
3693 3481 3804 3538 Dio-

2221 3567 2389 3636 gnito,
2413 3565 2638 3623 Ursacio
2663 3577 2718 3623 et
2744 3567 2986 3638 Valente,
3013 3569 3076 3645 (i)
3102 3572 3268 3641 Julio,
3298 3576 3674 3634 eonsacerdoti
3692 3590 3805 3633 nos-

2225 3669 2329 3727 tro,
2353 3660 2614 3719 Romamn
2642 3662 2899 3721 Ecclesia:
2919 3664 3197 3738 episcopo,
3224 3667 3516 3727 adversum
3537 3671 3804 3743 praedictos

2224 3835 2513 3891 perpessos
2540 3837 2684 3889 esse,
2713 3838 2874 3893 quam
2901 3825 3044 3892 quod
3092 3827 3307 3885 Arianae
3356 3828 3561 3888 haeresi
3589 3847 3803 3888 consen-

2218 3893 2369 3967 tiro,
2387 3901 2442 3948 et
2470 3894 2617 3950 falsis
2667 3903 2854 3951 contra
2902 3895 3078 3967 ipsum
3131 3900 3419 3955 calumniis
3475 3903 3803 3960 subscribere

2220 3962 2546 4036 noluissent.
2584 3967 2678 4021 llis
2704 3962 2981 4036 prmmittit
3014 3968 3409 4033 Thendoretus.
3446 3974 3803 4031 Mediolanen-

2213 4032 2291 4087 sis
2319 4036 2513 4107 synodi
2542 4032 2764 4118 scopum
2809 4040 3004 4118 fuisse,
3037 4050 3091 4118 u_t
3120 4032 3482 4118 Constantius
3539 4047 3804 4118 episc0pos

2212 4116 2435 4192 cogeret,
2466 4111 2678 4192 expulso
2701 4110 2764 4164 ab
2791 4112 3015 4167 ecclesiis
3043 4112 3348 4182 Athanasio,
3382 4117 3543 4172 aliam
3571 4110 3693 4188 ﬁdei
3710 4110 3803 4192 for-

2211 4178 2402 4231 mulam
2424 4180 2758 4235 conscribere.

2296 4248 2368 4321 (c)
2405 4249 2659 4327 Epistolas
2683 4252 2841 4327 hujus
2871 4254 3173 4327 inscriptio,
3197 4273 3318 4327 qum
3345 4257 3433 4314 hic
3453 4259 3799 4325 desideratur,

2217 4329 2271 4373 et
2302 4322 2441 4402 apud
2472 4322 2828 4402 Athanasium
2869 4326 3011 4402 apol.
3042 4322 3081 4402 ξι
3108 4368 3122 4389 ,
3177 4322 3229 4396 νζ
3257 4331 3361 4385 760
3381 4372 3395 4393 ,
3428 4330 3663 4387 habetur
3686 4322 3799 4402 sup;

2217 4391 2421 4460 pressis
2464 4394 2770 4450 nominibus
2803 4391 3252 4476 _pr6vinci.iru_m_
3261 4391 3408 4476 unde
3454 4406 3695 4476 synodus
3726 4391 3799 4459 est

2211 4474 2556 4542 congregata,
2588 4475 2769 4542 exstat
2801 4468 3008 4538 integra
3038 4468 3179 4539 apud
3211 4468 3638 4542 Theodorétum,
3672 4476 3755 4531 lib.
3770 4490 3799 4529 ιι

506 4531 666 4612 antea
699 4538 795 4609 pro
821 4539 973 4594 quam
1001 4541 1163 4607 pavor
1189 4530 1242 4583 in
1266 4529 1487 4610 homine,
1536 4528 1731 4612 legeris
1761 4546 1912 4612 quam
1954 4537 2102 4612 [quor
2131 4551 2180 4612 υ
2216 4528 2664 4612 Eoi-les.'llist_.__c.
2690 4540 2744 4612 8.

505 4596 571 4670 in
592 4595 887 4670 hominem;
918 4596 1209 4670 etinteger
1239 4598 1345 4654 erit
1368 4595 1674 4665 sensusfet
1698 4595 1920 4656 evidens
1954 4595 2096 4659 Hila-

504 4666 573 4721 rii
606 4665 766 4744 ratio,
822 4680 920 4720 cur
944 4667 1014 4744 ab
1045 4665 1375 4744 Arélatensis
1413 4671 1608 4744 synodi
1636 4673 1803 4743 gestis
1832 4673 2092 4744 incipiat:

503 4747 562 4792 ut
600 4737 859 4817 videlicet
885 4740 1110 4817 primum
1141 4759 1206 4817 ea;
1230 4742 1311 4817 his
1331 4786 1347 4810 ,
1365 4737 1663 4817 exquibus
1678 4747 1732 4798 in
1759 4762 1878 4800 eum
1905 4737 2098 4817 (Atha-

503 4809 739 4887 nasium)
772 4810 1133 4887 quiadsensus
1156 4816 1236 4868 his
1257 4809 1523 4887 (Arionis)
1554 4831 1654 4869 non
1685 4827 1779 4881 est,
1804 4809 1936 4887 cepit
1962 4819 2100 4887 inju-

500 4882 637 4959 riam
663 4879 922 4959 (ex_silii‘)__;
956 4887 1207 4959 confessio
1232 4886 1354 4957 ﬁdei
1382 4879 1569 4951 potius,
1589 4903 1742 4957 quam
1767 4879 1910 4959 favor
1929 4891 1981 4943 in
2008 4879 2101 4943 ho-

501 4952 711 5013 minem,
742 4952 1081 5023 intelligatur,
1111 4956 1163 5011 in
1190 4952 1352 5013 causa
1379 4972 1523 5022 esse,
1556 4952 1651 5012 cur
1669 4952 1980 5015 sacerdotes
2000 4976 2099 5015 ex-

499 5023 695 5096 silium,
740 5024 1057 5096 suscipiant.
1114 5028 1324 5095 Quibus
1377 5038 1739 5084 consentanea
1800 5040 1925 5087 sunt
1984 5032 2100 5089 hare

498 5095 722 5176 Sulpicii
750 5095 959 5176 severi.
992 5098 1086 5176 lib.
1121 5114 1334 5176 u,_pag.
1364 5100 1475 5155 246
1503 5118 1515 5155 ι
1553 5099 1845 5176 Petebatur,
1873 5113 1928 5176 ut
1952 5105 2098 5176 prius

496 5169 728 5245 q_uam__in
751 5168 1093 5223 Athanasium
1117 5168 1430 5245 subscribere
1449 5185 1767 5245 cogerentur,
1798 5175 1862 5227 de
1880 5168 1984 5244 [ide
2002 5193 2095 5245 po-

499 5238 601 5291 tius
624 5240 998 5315 disceptarent;
1022 5258 1113 5315 nec
1141 5251 1249 5296 tum
1270 5242 1469 5315 demum
1492 5242 1556 5296 de
1587 5259 1643 5296 re
1663 5238 2090 5315 cognoscendum,

494 5325 614 5386 cum
643 5311 706 5363 de
736 5326 954 5386 persona
995 5314 1257 5386 judicium
1285 5314 1609 5368 constitisset.
1646 5311 1751 5370 Sed
1801 5315 1987 5371 Valens
2010 5311 2094 5373 so-

492 5381 660 5460 ciique
706 5383 818 5451 ejus
869 5381 1014 5460 prius
1054 5385 1324 5439 Athanasii
1364 5387 1753 5460 daninationeiii_
1791 5397 2093 5460 extorquere

490 5452 761 5528 cupiebant
784 5494 798 5518 ,
834 5456 913 5528 Ade
943 5454 1045 5521 ﬁde
1072 5468 1267 5528 certare
1286 5473 1409 5528 non
1447 5456 1581 5511 ausi.
1628 5456 1704 5510 Ab
1735 5458 1830 5511 hoc
1862 5452 2087 5528 partium

490 5523 930 5600 conﬂictuagitur
946 5533 1001 5600 in
1011 5527 1246 5582 exsilium
1276 5527 1532 5583 Paulinus
1550 5543 1570 5600 7:
1599 5543 1705 5583 non
1725 5523 1929 5584 tantum
1956 5531 2084 5600 quia

490 5595 869 5669 Athanasiiiin,
911 5598 1005 5669 sed
1054 5599 1175 5669 quia
1239 5600 1398 5655 fidem
1449 5599 1721 5654 tuebatur.
1757 5595 2084 5657 Athanasius

490 5661 1085 5739 ipscua'Thead-vreto
1130 5672 1376 5725 laudatus
1430 5671 1522 5725 lib.
1558 5685 1595 5724 ιι
1659 5670 1793 5725 Hist.
1839 5672 2079 5739 Eccles.,

490 5734 662 5815 (ξπ-115,
696 5742 1177 5815 te-tatur,_eosqui
1200 5760 1227 5815 a
1254 5742 1637 5815 Mediolauensi
1667 5744 1875 5815 synodo
1902 5744 1956 5797 iu
1985 5734 2080 5801 ex;

486 5805 670 5860 silium
698 5807 965 5878 deportati
1005 5805 1159 5878 sunt,
1213 5813 1263 5868 id
1316 5815 1518 5870 nullam
1569 5805 1729 5872 aliam
1761 5817 1830 5871 ob
1859 5830 2075 5873 causam

2280 4606 2359 4679 (ά)
2387 4608 2912 4694 μὶνριιίιςξΊὶθορίξΓςῑη
2928 4614 3004 4694 2');
3016 4611 3416 4694 μηξέτὴνᾷκοὴν
3435 4628 3544 4694 τῶν
3562 4620 3800 4694 Oropi)“:-

2201 4678 2366 4758 ῖάῖων
2407 4679 2662 4758 ﬁscellis)»
2704 4682 2893 4758 λοεθεῖν.
2923 4678 3058 4758 cum
3091 4684 3293 4758 Hilario
3325 4691 3499 4758 magis
3545 4678 3800 4745 consentit

2201 4749 2549 4825 Athanasius,
2579 4755 2648 4825 ὡς
2674 4752 2802 4825 μηδὲ
2831 4759 2923 4814 τήν
2948 4756 3219 4813 εὐσέϐειαν
3244 4766 3345 4814 τῶν
3366 4749 3769 4819 censeamus.

2277 4819 2350 4893 (e)
2385 4822 2462 4877 Ex
2490 4819 2683 4907 graccis
2703 4827 3108 4907 exemplaribus
3125 4829 3798 4907 legeii_dum,qcangregave—

2202 4902 2321 4946 runt
2351 4910 2444 4947 nos
2486 4910 2550 4948 ea:
2595 4895 2810 4971 diversis
2855 4899 3134 4966 provinciis
3164 4895 3209 4954 et
3239 4895 3637 4971 ciuitatibusfet
3660 4895 3797 4959 'hanc

2203 4971 2435 5036 sanctam
2460 4966 2715 5036 synodum
2743 4968 2817 5022 in.

2278 5032 2350 5121 (Ι)
2382 5032 2709 5121 Athanasius
2738 5039 2942 5121 pariter
2957 5041 3044 5097 hic
3067 5045 3289 5110 omittit,
3314 5054 3363 5100 et
3388 5046 3617 5121 Asclepa
3628 5047 3791 5114 Gaza,

2208 5107 2352 5174 quod
2382 5107 2424 5161 Τ
2431 5106 2758 5164 beodoretus
2789 5110 2969 5166 habet.

2273 5178 2350 5259 (9)
2374 5178 2428 5232 In
2456 5193 2636 5269 graeco
2652 5182 2862 5269 textile
2886 5184 3019 5269 ὑπὲρ
3043 5187 3241 5269 τούεων
3278 5194 3362 5269 κεί
3385 5194 3595 5250 πάντων
3631 5196 3790 5266 ἡμῶν,

2199 5251 2282 5317 qui
2326 5266 2419 5316 pro
2449 5251 2560 5314 his,
2590 5251 2705 5305 scil.
2736 5251 3033 5311 Athanasio
3056 5269 3109 5313 et
3129 5260 3401 5317 Marcello.

2272 5320 2355 5391 (ἡ)
2383 5322 2473 5376 llis
2503 5324 2922 5399 concinitgriec.
2965 5328 3311 5395 Theodoreti,
3344 5334 3371 5390 ὁ
3395 5333 3462 5391 δι’
3493 5338 3671 5399 αὐτάς.
3696 5336 3792 5392 Ve-

2197 5391 2310 5479 rior
2326 5393 2737 5479 tameuvidetur
2752 5391 2919 5479 lectio
2932 5400 3231 5479 Athanasii,
3255 5391 3343 5460 κάξ
3357 5405 3418 5461 δι’
3442 5391 3659 5473 imi-o5,
3674 5408 3787 5479 quia

2192 5462 2823 5547 illiusmtatisPatribus
2871 5470 3001 5547 nihil
3034 5462 3281 5528 usitatius
3310 5487 3421 5541 est,
3452 5462 3623 5547 quam
3648 5462 3707 5535 ὀἱ
3737 5480 3784 5531 in

2187 5531 2629 5615 Qhristomc-mlos
2658 5539 3020 5615 adfeiidente
3072 5560 3170 5599 nos
3217 5531 3782 5615 pariter'ailscvndisse

2186 5603 2392 5692 dicunt;
2409 5607 2524 5692 Viti”.
2547 5621 2584 5664 t.
2601 5624 2707 5692 ιιι).
2724 5610 2786 5665 21
2805 5614 2853 5692 7,
2871 5622 2983 5692 uol.
3000 5603 3313 5692 [φοι-4⁸46,

2258 5676 2428 5759 (θῌίκ
2462 5676 2805 5759 'l‘heudoi'i-to
2841 5683 2926 5737 hic
2969 5676 3311 5748 addendum;
3358 5676 3709 5759 Meriophanto
3732 5676 3776 5746 et

2185 5746 2468 5845 Sltgplian‘o.
2493 5752 2825 5845 2Atinatiasius
2855 5769 3034 5841 autem
3069 5768 3272 5815 tantum
3294 5746 3538 5845 habetoi
3554 5746 3775 5845 sepiss-

2182 5821 2376 5890 σιϐιον,
2405 5822 2582 5878 tacitis
2607 5826 2837 5881 aliorum
2869 5830 3249 5901 episcoporum
3272 5833 3600 5893 nominibus.
