  <div class='ocr_page' id='page_1' title='image "/cluster/home/n/w/nwhite01/storage/ocr_20150623/10/hvd.32044015471279/322.png"; bbox 0 0 4062 6332; ppageno 0'>
   <div class='ocr_carea' id='block_1_1' title="bbox 211 302 305 358">
    <p class='ocr_par' dir='ltr' id='par_1_1' title="bbox 211 302 305 358">
     <span class='ocr_line' id='line_1_1' title="bbox 211 302 305 358; baseline -0.011 0"><span class='ocrx_word' id='word_1_1' title='bbox 211 302 305 358; x_wconf 77' lang='lat'><strong>635</strong></span> 
     </span>
    </p>
   </div>
   <div class='ocr_carea' id='block_1_2' title="bbox 1122 292 2506 354">
    <p class='ocr_par' dir='ltr' id='par_1_2' title="bbox 1122 292 2506 354">
     <span class='ocr_line' id='line_1_2' title="bbox 1122 292 2506 354; baseline 0.001 -2"><span class='ocrx_word' id='word_1_2' title='bbox 1122 296 1213 352; x_wconf 78' lang='lat' dir='ltr'><strong>EX</strong></span> <span class='ocrx_word' id='word_1_3' title='bbox 1253 295 1483 352; x_wconf 67' lang='lat' dir='ltr'><strong>OPICRE</strong></span> <span class='ocrx_word' id='word_1_4' title='bbox 1526 292 1888 351; x_wconf 78' lang='lat' dir='ltr'><strong>HISTORICO</strong></span> <span class='ocrx_word' id='word_1_5' title='bbox 1926 293 2403 353; x_wconf 72' lang='lat' dir='ltr'><strong>FRAGMENTUM</strong></span> <span class='ocrx_word' id='word_1_6' title='bbox 2445 297 2506 354; x_wconf 90' lang='grc' dir='ltr'><strong>ΙΙ.</strong></span> 
     </span>
    </p>
   </div>
   <div class='ocr_carea' id='block_1_3' title="bbox 3384 291 3486 353">
    <p class='ocr_par' dir='ltr' id='par_1_3' title="bbox 3384 291 3486 353">
     <span class='ocr_line' id='line_1_3' title="bbox 3384 291 3486 353; baseline 0.039 -4"><span class='ocrx_word' id='word_1_7' title='bbox 3384 291 3451 352; x_wconf 78' lang='lat'><strong>65</strong></span> <span class='ocrx_word' id='word_1_8' title='bbox 3463 295 3486 353; x_wconf 84' lang='lat' dir='ltr'><strong>t</strong></span> 
     </span>
    </p>
   </div>
   <div class='ocr_carea' id='block_1_4' title="bbox 208 416 3485 493">
    <p class='ocr_par' dir='ltr' id='par_1_4' title="bbox 208 416 3485 493">
     <span class='ocr_line' id='line_1_4' title="bbox 208 416 3485 493; baseline -0.002 -15"><span class='ocrx_word' id='word_1_9' title='bbox 208 421 537 493; x_wconf 86' lang='lat' dir='ltr'><strong>coepiscopos</strong></span> <span class='ocrx_word' id='word_1_10' title='bbox 566 428 780 475; x_wconf 86' lang='lat' dir='ltr'><strong>nostros</strong></span> <span class='ocrx_word' id='word_1_11' title='bbox 813 417 1066 489; x_wconf 77' lang='lat' dir='ltr'><strong>(dicimus</strong></span> <span class='ocrx_word' id='word_1_12' title='bbox 1107 430 1288 475; x_wconf 86' lang='lat' dir='ltr'><strong>autem</strong></span> <span class='ocrx_word' id='word_1_13' title='bbox 1336 419 1687 474; x_wconf 74' lang='lat' dir='ltr'><strong>Athanasium</strong></span> <span class='ocrx_word' id='word_1_14' title='bbox 1737 428 1789 472; x_wconf 89' lang='lat' dir='ltr'><strong>et</strong></span> <span class='ocrx_word' id='word_1_15' title='bbox 1817 422 1863 478; x_wconf 83' lang='lat' dir='ltr'><strong>A</strong></span> <span class='ocrx_word' id='word_1_16' title='bbox 1897 427 1978 474; x_wconf 93' lang='lat' dir='ltr'><strong>ter</strong></span> <span class='ocrx_word' id='word_1_17' title='bbox 2004 417 2106 472; x_wconf 93' lang='lat' dir='ltr'><strong>hos</strong></span> <span class='ocrx_word' id='word_1_18' title='bbox 2133 434 2273 489; x_wconf 88' lang='lat' dir='ltr'><strong>quos</strong></span> <span class='ocrx_word' id='word_1_19' title='bbox 2299 418 2436 475; x_wconf 83' lang='lat' dir='ltr'><strong>falso</strong></span> <span class='ocrx_word' id='word_1_20' title='bbox 2482 420 2898 491; x_wconf 62' lang='lat' dir='ltr'><strong>adpetiverunt;</strong></span> <span class='ocrx_word' id='word_1_21' title='bbox 2931 433 3120 476; x_wconf 88' lang='lat' dir='ltr'><strong>verum</strong></span> <span class='ocrx_word' id='word_1_22' title='bbox 3151 416 3314 475; x_wconf 86' lang='lat' dir='ltr'><strong>etiam</strong></span> <span class='ocrx_word' id='word_1_23' title='bbox 3343 417 3485 489; x_wconf 81' lang='lat' dir='ltr'><strong>(sup-</strong></span> 
     </span>
    </p>
   </div>
   <div class='ocr_carea' id='block_1_5' title="bbox 208 511 1786 585">
    <p class='ocr_par' dir='ltr' id='par_1_5' title="bbox 208 511 1786 585">
     <span class='ocr_line' id='line_1_5' title="bbox 208 511 1786 585; baseline -0.004 -13"><span class='ocrx_word' id='word_1_24' title='bbox 208 515 494 572; x_wconf 76' lang='lat' dir='ltr'><strong>Marcellum</strong></span> <span class='ocrx_word' id='word_1_25' title='bbox 511 513 634 585; x_wconf 86' lang='lat' dir='ltr'><strong>(u));</strong></span> <span class='ocrx_word' id='word_1_26' title='bbox 656 521 712 568; x_wconf 92' lang='lat' dir='ltr'><strong>ut</strong></span> <span class='ocrx_word' id='word_1_27' title='bbox 740 513 1072 584; x_wconf 86' lang='lat' dir='ltr'><strong>scripserunt</strong></span> <span class='ocrx_word' id='word_1_28' title='bbox 1094 527 1162 569; x_wconf 78' lang='lat' dir='ltr'><strong>ex</strong></span> <span class='ocrx_word' id='word_1_29' title='bbox 1191 513 1311 568; x_wconf 88' lang='lat' dir='ltr'><strong>aliis</strong></span> <span class='ocrx_word' id='word_1_30' title='bbox 1340 513 1472 569; x_wconf 87' lang='lat' dir='ltr'><strong>locis</strong></span> <span class='ocrx_word' id='word_1_31' title='bbox 1496 523 1551 568; x_wconf 92' lang='lat' dir='ltr'><strong>ut</strong></span> <span class='ocrx_word' id='word_1_32' title='bbox 1583 511 1786 584; x_wconf 87' lang='lat' dir='ltr'><strong>(b)epi-</strong></span> 
     </span>
    </p>
   </div>
   <div class='ocr_carea' id='block_1_6' title="bbox 206 605 1786 675">
    <p class='ocr_par' dir='ltr' id='par_1_6' title="bbox 206 605 1786 675">
     <span class='ocr_line' id='line_1_6' title="bbox 206 605 1786 675; baseline -0.001 -14"><span class='ocrx_word' id='word_1_33' title='bbox 206 608 340 675; x_wconf 85' lang='lat' dir='ltr'><strong>scopi</strong></span> <span class='ocrx_word' id='word_1_34' title='bbox 374 605 578 670; x_wconf 82' lang='lat' dir='ltr'><strong>nostri;</strong></span> <span class='ocrx_word' id='word_1_35' title='bbox 610 621 729 674; x_wconf 73' lang='lat' dir='ltr'><strong>qua:</strong></span> <span class='ocrx_word' id='word_1_36' title='bbox 759 615 936 660; x_wconf 88' lang='lat' dir='ltr'><strong>autem</strong></span> <span class='ocrx_word' id='word_1_37' title='bbox 965 607 1031 659; x_wconf 88' lang='lat' dir='ltr'><strong>ab</strong></span> <span class='ocrx_word' id='word_1_38' title='bbox 1065 605 1297 660; x_wconf 85' lang='lat' dir='ltr'><strong>Eusebio</strong></span> <span class='ocrx_word' id='word_1_39' title='bbox 1321 605 1458 660; x_wconf 88' lang='lat' dir='ltr'><strong>facta</strong></span> <span class='ocrx_word' id='word_1_40' title='bbox 1481 615 1628 668; x_wconf 86' lang='lat' dir='ltr'><strong>sunt.</strong></span> <span class='ocrx_word' id='word_1_41' title='bbox 1654 605 1786 660; x_wconf 82' lang='lat' dir='ltr'><strong>nihil</strong></span> 
     </span>
    </p>
   </div>
   <div class='ocr_carea' id='block_1_7' title="bbox 206 697 1787 770">
    <p class='ocr_par' dir='ltr' id='par_1_7' title="bbox 206 697 1787 770">
     <span class='ocr_line' id='line_1_7' title="bbox 206 697 1787 770; baseline -0.001 -13"><span class='ocrx_word' id='word_1_42' title='bbox 206 700 338 758; x_wconf 84' lang='lat' dir='ltr'><strong>aliud</strong></span> <span class='ocrx_word' id='word_1_43' title='bbox 381 714 538 770; x_wconf 88' lang='lat' dir='ltr'><strong>quam</strong></span> <span class='ocrx_word' id='word_1_44' title='bbox 569 697 816 753; x_wconf 73' lang='lat' dir='ltr'><strong>falsitatis</strong></span> <span class='ocrx_word' id='word_1_45' title='bbox 857 707 910 754; x_wconf 91' lang='lat' dir='ltr'><strong>et</strong></span> <span class='ocrx_word' id='word_1_46' title='bbox 950 698 1211 753; x_wconf 90' lang='lat' dir='ltr'><strong>mendacii</strong></span> <span class='ocrx_word' id='word_1_47' title='bbox 1244 698 1412 753; x_wconf 88' lang='lat' dir='ltr'><strong>fuisse</strong></span> <span class='ocrx_word' id='word_1_48' title='bbox 1440 699 1616 769; x_wconf 86' lang='lat' dir='ltr'><strong>plena.</strong></span> <span class='ocrx_word' id='word_1_49' title='bbox 1654 699 1787 756; x_wconf 84' lang='lat' dir='ltr'><strong>Nam</strong></span> 
     </span>
    </p>
   </div>
   <div class='ocr_carea' id='block_1_8' title="bbox 205 790 1788 863">
    <p class='ocr_par' dir='ltr' id='par_1_8' title="bbox 205 790 1788 863">
     <span class='ocr_line' id='line_1_8' title="bbox 205 790 1788 863; baseline -0.004 -11"><span class='ocrx_word' id='word_1_50' title='bbox 205 794 299 852; x_wconf 84' lang='lat' dir='ltr'><strong>etsi</strong></span> <span class='ocrx_word' id='word_1_51' title='bbox 347 809 407 848; x_wconf 78' lang='lat' dir='ltr'><strong>ex</strong></span> <span class='ocrx_word' id='word_1_52' title='bbox 440 808 506 848; x_wconf 89' lang='lat' dir='ltr'><strong>eo</strong></span> <span class='ocrx_word' id='word_1_53' title='bbox 534 793 607 863; x_wconf 72' lang='grc' dir='ltr'><strong>(ε)</strong></span> <span class='ocrx_word' id='word_1_54' title='bbox 630 834 646 857; x_wconf 84' lang='grc'>,</span> <span class='ocrx_word' id='word_1_55' title='bbox 694 807 802 862; x_wconf 90' lang='lat' dir='ltr'><strong>quo</strong></span> <span class='ocrx_word' id='word_1_56' title='bbox 833 793 1004 848; x_wconf 83' lang='lat' dir='ltr'><strong>vocati</strong></span> <span class='ocrx_word' id='word_1_57' title='bbox 1033 798 1158 846; x_wconf 89' lang='lat' dir='ltr'><strong>sunt</strong></span> <span class='ocrx_word' id='word_1_58' title='bbox 1189 790 1270 862; x_wconf 79' lang='grc' dir='ltr'><strong>(ά)</strong></span> <span class='ocrx_word' id='word_1_59' title='bbox 1295 807 1322 845; x_wconf 90' lang='lat' dir='ltr'><strong>a</strong></span> <span class='ocrx_word' id='word_1_60' title='bbox 1353 791 1496 847; x_wconf 85' lang='lat' dir='ltr'><strong>Julio</strong></span> <span class='ocrx_word' id='word_1_61' title='bbox 1533 792 1788 862; x_wconf 90' lang='lat' dir='ltr'><strong>episcopo</strong></span> 
     </span>
    </p>
   </div>
   <div class='ocr_carea' id='block_1_9' title="bbox 203 885 1790 960">
    <p class='ocr_par' dir='ltr' id='par_1_9' title="bbox 203 885 1790 960">
     <span class='ocr_line' id='line_1_9' title="bbox 203 885 1790 960; baseline -0.003 -15"><span class='ocrx_word' id='word_1_62' title='bbox 203 887 468 945; x_wconf 87' lang='lat' dir='ltr'><strong>carissimo</strong></span> <span class='ocrx_word' id='word_1_63' title='bbox 487 887 650 960; x_wconf 69' lang='lat'><strong>623</strong></span> <span class='ocrx_word' id='word_1_64' title='bbox 681 886 848 941; x_wconf 80' lang='lat' dir='ltr'><strong>fratre</strong></span> <span class='ocrx_word' id='word_1_65' title='bbox 869 896 1076 952; x_wconf 88' lang='lat' dir='ltr'><strong>nostro,</strong></span> <span class='ocrx_word' id='word_1_66' title='bbox 1100 885 1293 942; x_wconf 82' lang='lat' dir='ltr'><strong>claruit</strong></span> <span class='ocrx_word' id='word_1_67' title='bbox 1321 885 1564 942; x_wconf 91' lang='lat' dir='ltr'><strong>noluisse</strong></span> <span class='ocrx_word' id='word_1_68' title='bbox 1584 900 1679 941; x_wconf 87' lang='lat' dir='ltr'><strong>eos</strong></span> <span class='ocrx_word' id='word_1_69' title='bbox 1698 902 1790 940; x_wconf 89' lang='lat' dir='ltr'><strong>ve-</strong></span> 
     </span>
    </p>
   </div>
   <div class='ocr_carea' id='block_1_10' title="bbox 201 977 1788 1049">
    <p class='ocr_par' dir='ltr' id='par_1_10' title="bbox 201 977 1788 1049">
     <span class='ocr_line' id='line_1_10' title="bbox 201 977 1788 1049; baseline -0.001 -14"><span class='ocrx_word' id='word_1_70' title='bbox 201 981 336 1035; x_wconf 86' lang='lat' dir='ltr'><strong>nisse</strong></span> <span class='ocrx_word' id='word_1_71' title='bbox 355 994 416 1033; x_wconf 81' lang='lat' dir='ltr'><strong>ex</strong></span> <span class='ocrx_word' id='word_1_72' title='bbox 441 977 574 1048; x_wconf 73' lang='lat' dir='ltr'><strong>ipsis</strong></span> <span class='ocrx_word' id='word_1_73' title='bbox 597 978 795 1034; x_wconf 86' lang='lat' dir='ltr'><strong>litteris</strong></span> <span class='ocrx_word' id='word_1_74' title='bbox 827 979 1021 1049; x_wconf 88' lang='lat' dir='ltr'><strong>quibus</strong></span> <span class='ocrx_word' id='word_1_75' title='bbox 1046 993 1233 1034; x_wconf 91' lang='lat' dir='ltr'><strong>eorum</strong></span> <span class='ocrx_word' id='word_1_76' title='bbox 1264 977 1543 1033; x_wconf 86' lang='lat' dir='ltr'><strong>mendacia</strong></span> <span class='ocrx_word' id='word_1_77' title='bbox 1575 978 1788 1034; x_wconf 90' lang='lat' dir='ltr'><strong>detecta</strong></span> 
     </span>
    </p>
   </div>
   <div class='ocr_carea' id='block_1_11' title="bbox 201 1072 1787 1142">
    <p class='ocr_par' dir='ltr' id='par_1_11' title="bbox 201 1072 1787 1142">
     <span class='ocr_line' id='line_1_11' title="bbox 201 1072 1787 1142; baseline -0.003 -10"><span class='ocrx_word' id='word_1_78' title='bbox 201 1084 316 1132; x_wconf 87' lang='lat' dir='ltr'><strong>sunt</strong></span> <span class='ocrx_word' id='word_1_79' title='bbox 352 1074 655 1142; x_wconf 88' lang='lat' dir='ltr'><strong>(venissent</strong></span> <span class='ocrx_word' id='word_1_80' title='bbox 677 1074 822 1129; x_wconf 89' lang='lat' dir='ltr'><strong>enim</strong></span> <span class='ocrx_word' id='word_1_81' title='bbox 851 1115 866 1138; x_wconf 90' lang='lat'><strong>,</strong></span> <span class='ocrx_word' id='word_1_82' title='bbox 893 1074 935 1128; x_wconf 90' lang='lat' dir='ltr'><strong>si</strong></span> <span class='ocrx_word' id='word_1_83' title='bbox 975 1073 1292 1129; x_wconf 77' lang='lat' dir='ltr'><strong>habuissent</strong></span> <span class='ocrx_word' id='word_1_84' title='bbox 1320 1072 1571 1129; x_wconf 67' lang='lat' dir='ltr'><strong>fiduciam</strong></span> <span class='ocrx_word' id='word_1_85' title='bbox 1597 1087 1787 1127; x_wconf 92' lang='lat' dir='ltr'><strong>eorum</strong></span> 
     </span>
    </p>
   </div>
   <div class='ocr_carea' id='block_1_12' title="bbox 200 1163 1791 1238">
    <p class='ocr_par' dir='ltr' id='par_1_12' title="bbox 200 1163 1791 1238">
     <span class='ocr_line' id='line_1_12' title="bbox 200 1163 1791 1238; baseline -0.001 -17"><span class='ocrx_word' id='word_1_86' title='bbox 200 1182 308 1238; x_wconf 58' lang='lat' dir='ltr'><strong>quae</strong></span> <span class='ocrx_word' id='word_1_87' title='bbox 353 1174 635 1236; x_wconf 73' lang='lat' dir='ltr'><strong>gesserunt</strong></span> <span class='ocrx_word' id='word_1_88' title='bbox 679 1165 945 1221; x_wconf 76' lang='lat' dir='ltr'><strong>adversus</strong></span> <span class='ocrx_word' id='word_1_89' title='bbox 984 1166 1335 1236; x_wconf 82' lang='lat' dir='ltr'><strong>coepiscOpos</strong></span> <span class='ocrx_word' id='word_1_90' title='bbox 1362 1163 1630 1235; x_wconf 87' lang='lat' dir='ltr'><strong>nostros);</strong></span> <span class='ocrx_word' id='word_1_91' title='bbox 1664 1165 1791 1219; x_wconf 91' lang='lat' dir='ltr'><strong>licet</strong></span> 
     </span>
    </p>
   </div>
   <div class='ocr_carea' id='block_1_13' title="bbox 203 1257 1790 1329">
    <p class='ocr_par' dir='ltr' id='par_1_13' title="bbox 203 1257 1790 1329">
     <span class='ocr_line' id='line_1_13' title="bbox 203 1257 1790 1329; baseline 0.001 -17"><span class='ocrx_word' id='word_1_92' title='bbox 203 1258 312 1328; x_wconf 81' lang='lat' dir='ltr'><strong>(leg.</strong></span> <span class='ocrx_word' id='word_1_93' title='bbox 347 1265 521 1312; x_wconf 90' lang='lat' dir='ltr'><strong>tamen</strong></span> <span class='ocrx_word' id='word_1_94' title='bbox 580 1274 673 1326; x_wconf 82' lang='lat' dir='ltr'><strong>pro</strong></span> <span class='ocrx_word' id='word_1_95' title='bbox 705 1257 852 1328; x_wconf 89' lang='lat' dir='ltr'><strong>licet)</strong></span> <span class='ocrx_word' id='word_1_96' title='bbox 889 1258 1048 1313; x_wconf 89' lang='lat' dir='ltr'><strong>etiam</strong></span> <span class='ocrx_word' id='word_1_97' title='bbox 1098 1274 1164 1314; x_wconf 85' lang='lat' dir='ltr'><strong>ex</strong></span> <span class='ocrx_word' id='word_1_98' title='bbox 1215 1258 1366 1328; x_wconf 89' lang='lat' dir='ltr'><strong>ipsis,</strong></span> <span class='ocrx_word' id='word_1_99' title='bbox 1394 1274 1514 1329; x_wconf 78' lang='lat' dir='ltr'><strong>qua:</strong></span> <span class='ocrx_word' id='word_1_100' title='bbox 1547 1257 1790 1313; x_wconf 82' lang='lat' dir='ltr'><strong>fecerunt</strong></span> 
     </span>
    </p>
   </div>
   <div class='ocr_carea' id='block_1_14' title="bbox 200 1349 1790 1423">
    <p class='ocr_par' dir='ltr' id='par_1_14' title="bbox 200 1349 1790 1423">
     <span class='ocr_line' id='line_1_14' title="bbox 200 1349 1790 1423; baseline -0.003 -15"><span class='ocrx_word' id='word_1_101' title='bbox 200 1353 246 1408; x_wconf 90' lang='lat' dir='ltr'><strong>in</strong></span> <span class='ocrx_word' id='word_1_102' title='bbox 273 1352 372 1407; x_wconf 76' lang='lat' dir='ltr'><strong>isto</strong></span> <span class='ocrx_word' id='word_1_103' title='bbox 404 1361 594 1407; x_wconf 87' lang='lat' dir='ltr'><strong>sancto</strong></span> <span class='ocrx_word' id='word_1_104' title='bbox 631 1363 686 1407; x_wconf 91' lang='lat' dir='ltr'><strong>et</strong></span> <span class='ocrx_word' id='word_1_105' title='bbox 727 1367 921 1423; x_wconf 83' lang='lat' dir='ltr'><strong>magno</strong></span> <span class='ocrx_word' id='word_1_106' title='bbox 959 1353 1223 1418; x_wconf 90' lang='lat' dir='ltr'><strong>concilio,</strong></span> <span class='ocrx_word' id='word_1_107' title='bbox 1259 1352 1592 1407; x_wconf 89' lang='lat' dir='ltr'><strong>manifestior</strong></span> <span class='ocrx_word' id='word_1_108' title='bbox 1640 1349 1790 1406; x_wconf 90' lang='lat' dir='ltr'><strong>falsi-</strong></span> 
     </span>
    </p>
   </div>
   <div class='ocr_carea' id='block_1_15' title="bbox 198 1444 1786 1514">
    <p class='ocr_par' dir='ltr' id='par_1_15' title="bbox 198 1444 1786 1514">
     <span class='ocr_line' id='line_1_15' title="bbox 198 1444 1786 1514; baseline 0 -16"><span class='ocrx_word' id='word_1_109' title='bbox 198 1445 311 1499; x_wconf 80' lang='lat' dir='ltr'><strong>tatis</strong></span> <span class='ocrx_word' id='word_1_110' title='bbox 351 1459 463 1499; x_wconf 64' lang='lat' dir='ltr'><strong>suze</strong></span> <span class='ocrx_word' id='word_1_111' title='bbox 493 1455 799 1500; x_wconf 88' lang='lat' dir='ltr'><strong>commenta</strong></span> <span class='ocrx_word' id='word_1_112' title='bbox 835 1444 1212 1514; x_wconf 88' lang='lat' dir='ltr'><strong>prodiderunt.</strong></span> <span class='ocrx_word' id='word_1_113' title='bbox 1248 1444 1524 1500; x_wconf 85' lang='lat' dir='ltr'><strong>Venerunt</strong></span> <span class='ocrx_word' id='word_1_114' title='bbox 1555 1445 1700 1500; x_wconf 90' lang='lat' dir='ltr'><strong>enim</strong></span> <span class='ocrx_word' id='word_1_115' title='bbox 1734 1454 1786 1500; x_wconf 92' lang='lat' dir='ltr'><strong>et</strong></span> 
     </span>
    </p>
   </div>
   <div class='ocr_carea' id='block_1_16' title="bbox 197 1539 1783 1605">
    <p class='ocr_par' dir='ltr' id='par_1_16' title="bbox 197 1539 1783 1605">
     <span class='ocr_line' id='line_1_16' title="bbox 197 1539 1783 1605; baseline 0 -12"><span class='ocrx_word' id='word_1_116' title='bbox 197 1539 254 1593; x_wconf 91' lang='lat' dir='ltr'><strong>ad</strong></span> <span class='ocrx_word' id='word_1_117' title='bbox 285 1539 690 1595; x_wconf 89' lang='lat' dir='ltr'><strong>Sardiceusium</strong></span> <span class='ocrx_word' id='word_1_118' title='bbox 731 1539 1028 1605; x_wconf 90' lang='lat' dir='ltr'><strong>civitatem,</strong></span> <span class='ocrx_word' id='word_1_119' title='bbox 1065 1549 1121 1595; x_wconf 92' lang='lat' dir='ltr'><strong>et</strong></span> <span class='ocrx_word' id='word_1_120' title='bbox 1150 1539 1393 1594; x_wconf 78' lang='lat' dir='ltr'><strong>\idcntes</strong></span> <span class='ocrx_word' id='word_1_121' title='bbox 1427 1539 1783 1594; x_wconf 80' lang='lat' dir='ltr'><strong>Athanasium</strong></span> 
     </span>
    </p>
   </div>
   <div class='ocr_carea' id='block_1_17' title="bbox 197 1629 1788 1702">
    <p class='ocr_par' dir='ltr' id='par_1_17' title="bbox 197 1629 1788 1702">
     <span class='ocr_line' id='line_1_17' title="bbox 197 1629 1788 1702; baseline 0 -16"><span class='ocrx_word' id='word_1_122' title='bbox 197 1641 245 1686; x_wconf 90' lang='lat' dir='ltr'><strong>et</strong></span> <span class='ocrx_word' id='word_1_123' title='bbox 266 1629 572 1686; x_wconf 81' lang='lat' dir='ltr'><strong>Marcellum</strong></span> <span class='ocrx_word' id='word_1_124' title='bbox 594 1673 608 1696; x_wconf 90' lang='lat'><strong>,</strong></span> <span class='ocrx_word' id='word_1_125' title='bbox 633 1631 920 1702; x_wconf 85' lang='lat' dir='ltr'><strong>Asclepam</strong></span> <span class='ocrx_word' id='word_1_126' title='bbox 951 1641 1003 1687; x_wconf 90' lang='lat' dir='ltr'><strong>et</strong></span> <span class='ocrx_word' id='word_1_127' title='bbox 1020 1633 1174 1698; x_wconf 85' lang='lat' dir='ltr'><strong>alios,</strong></span> <span class='ocrx_word' id='word_1_128' title='bbox 1205 1632 1498 1687; x_wconf 89' lang='lat' dir='ltr'><strong>timuerunt</strong></span> <span class='ocrx_word' id='word_1_129' title='bbox 1523 1633 1704 1687; x_wconf 86' lang='lat' dir='ltr'><strong>venire</strong></span> <span class='ocrx_word' id='word_1_130' title='bbox 1723 1631 1788 1686; x_wconf 90' lang='lat' dir='ltr'><strong>ad</strong></span> 
     </span>
    </p>
   </div>
   <div class='ocr_carea' id='block_1_18' title="bbox 189 1723 1787 1796">
    <p class='ocr_par' dir='ltr' id='par_1_18' title="bbox 189 1723 1787 1796">
     <span class='ocr_line' id='line_1_18' title="bbox 189 1723 1787 1796; baseline 0.004 -20"><span class='ocrx_word' id='word_1_131' title='bbox 189 1723 436 1793; x_wconf 88' lang='lat' dir='ltr'><strong>judicium</strong></span> <span class='ocrx_word' id='word_1_132' title='bbox 477 1742 488 1777; x_wconf 93' lang='lat'><strong>:</strong></span> <span class='ocrx_word' id='word_1_133' title='bbox 522 1734 576 1779; x_wconf 92' lang='lat' dir='ltr'><strong>et</strong></span> <span class='ocrx_word' id='word_1_134' title='bbox 603 1742 709 1780; x_wconf 87' lang='lat' dir='ltr'><strong>non</strong></span> <span class='ocrx_word' id='word_1_135' title='bbox 742 1725 908 1780; x_wconf 88' lang='lat' dir='ltr'><strong>semel</strong></span> <span class='ocrx_word' id='word_1_136' title='bbox 941 1742 1116 1796; x_wconf 89' lang='lat' dir='ltr'><strong>neque</strong></span> <span class='ocrx_word' id='word_1_137' title='bbox 1145 1727 1338 1780; x_wconf 90' lang='lat' dir='ltr'><strong>iterum</strong></span> <span class='ocrx_word' id='word_1_138' title='bbox 1359 1768 1372 1792; x_wconf 95' lang='lat'><strong>,</strong></span> <span class='ocrx_word' id='word_1_139' title='bbox 1399 1726 1492 1782; x_wconf 88' lang='lat' dir='ltr'><strong>sed</strong></span> <span class='ocrx_word' id='word_1_140' title='bbox 1532 1726 1787 1796; x_wconf 84' lang='lat' dir='ltr'><strong>frequen-</strong></span> 
     </span>
    </p>
   </div>
   <div class='ocr_carea' id='block_1_19' title="bbox 1891 514 3483 586">
    <p class='ocr_par' dir='ltr' id='par_1_19' title="bbox 1891 514 3483 586">
     <span class='ocr_line' id='line_1_19' title="bbox 1891 514 3483 586; baseline -0.001 -18"><span class='ocrx_word' id='word_1_141' title='bbox 1891 514 1974 584; x_wconf 85' lang='lat' dir='ltr'><strong>ple</strong></span> <span class='ocrx_word' id='word_1_142' title='bbox 2016 515 2259 586; x_wconf 77' lang='lat' dir='ltr'><strong>propter)</strong></span> <span class='ocrx_word' id='word_1_143' title='bbox 2294 515 2393 571; x_wconf 91' lang='lat' dir='ltr'><strong>hos</strong></span> <span class='ocrx_word' id='word_1_144' title='bbox 2423 516 2514 586; x_wconf 86' lang='lat' dir='ltr'><strong>qui</strong></span> <span class='ocrx_word' id='word_1_145' title='bbox 2552 531 2618 572; x_wconf 82' lang='lat' dir='ltr'><strong>ex</strong></span> <span class='ocrx_word' id='word_1_146' title='bbox 2647 514 2880 571; x_wconf 85' lang='lat' dir='ltr'><strong>diversis</strong></span> <span class='ocrx_word' id='word_1_147' title='bbox 2907 514 3039 570; x_wconf 89' lang='lat' dir='ltr'><strong>locis</strong></span> <span class='ocrx_word' id='word_1_148' title='bbox 3083 520 3483 580; x_wconf 90' lang='lat' dir='ltr'><strong>convenerunt,</strong></span> 
     </span>
    </p>
   </div>
   <div class='ocr_carea' id='block_1_20' title="bbox 1891 604 3488 678">
    <p class='ocr_par' dir='ltr' id='par_1_20' title="bbox 1891 604 3488 678">
     <span class='ocr_line' id='line_1_20' title="bbox 1891 604 3488 678; baseline -0.002 -16"><span class='ocrx_word' id='word_1_149' title='bbox 1891 616 1946 662; x_wconf 89' lang='lat' dir='ltr'><strong>ut</strong></span> <span class='ocrx_word' id='word_1_150' title='bbox 2005 606 2228 663; x_wconf 90' lang='lat' dir='ltr'><strong>eosdem</strong></span> <span class='ocrx_word' id='word_1_151' title='bbox 2285 607 2468 662; x_wconf 90' lang='lat' dir='ltr'><strong>multis</strong></span> <span class='ocrx_word' id='word_1_152' title='bbox 2519 607 2839 664; x_wconf 76' lang='lat' dir='ltr'><strong>criminibus</strong></span> <span class='ocrx_word' id='word_1_153' title='bbox 2887 613 3198 678; x_wconf 81' lang='lat' dir='ltr'><strong>arguerent.</strong></span> <span class='ocrx_word' id='word_1_154' title='bbox 3261 604 3488 661; x_wconf 89' lang='lat' dir='ltr'><strong>Ferrum</strong></span> 
     </span>
    </p>
   </div>
   <div class='ocr_carea' id='block_1_21' title="bbox 1889 697 3490 768">
    <p class='ocr_par' dir='ltr' id='par_1_21' title="bbox 1889 697 3490 768">
     <span class='ocr_line' id='line_1_21' title="bbox 1889 697 3490 768; baseline -0.002 -12"><span class='ocrx_word' id='word_1_155' title='bbox 1889 699 2032 756; x_wconf 89' lang='lat' dir='ltr'><strong>enim</strong></span> <span class='ocrx_word' id='word_1_156' title='bbox 2066 709 2121 754; x_wconf 93' lang='lat' dir='ltr'><strong>et</strong></span> <span class='ocrx_word' id='word_1_157' title='bbox 2168 699 2380 754; x_wconf 90' lang='lat' dir='ltr'><strong>vincula</strong></span> <span class='ocrx_word' id='word_1_158' title='bbox 2433 699 2778 768; x_wconf 87' lang='lat' dir='ltr'><strong>proferebant</strong></span> <span class='ocrx_word' id='word_1_159' title='bbox 2824 697 2893 755; x_wconf 92' lang='lat' dir='ltr'><strong>de</strong></span> <span class='ocrx_word' id='word_1_160' title='bbox 2922 697 3118 754; x_wconf 80' lang='lat' dir='ltr'><strong>exsilio</strong></span> <span class='ocrx_word' id='word_1_161' title='bbox 3155 706 3490 754; x_wconf 82' lang='lat' dir='ltr'><strong>revertentes</strong></span> 
     </span>
    </p>
   </div>
   <div class='ocr_carea' id='block_1_22' title="bbox 1892 791 3492 865">
    <p class='ocr_par' dir='ltr' id='par_1_22' title="bbox 1892 791 3492 865">
     <span class='ocr_line' id='line_1_22' title="bbox 1892 791 3492 865; baseline -0.001 -18"><span class='ocrx_word' id='word_1_162' title='bbox 1892 795 2012 849; x_wconf 92' lang='lat' dir='ltr'><strong>viri.</strong></span> <span class='ocrx_word' id='word_1_163' title='bbox 2057 794 2124 849; x_wconf 87' lang='lat' dir='ltr'><strong>Et</strong></span> <span class='ocrx_word' id='word_1_164' title='bbox 2172 810 2381 849; x_wconf 80' lang='lat' dir='ltr'><strong>rursum</strong></span> <span class='ocrx_word' id='word_1_165' title='bbox 2423 794 2492 848; x_wconf 90' lang='lat' dir='ltr'><strong>ab</strong></span> <span class='ocrx_word' id='word_1_166' title='bbox 2529 794 2636 860; x_wconf 73' lang='lat' dir='ltr'><strong>his,</strong></span> <span class='ocrx_word' id='word_1_167' title='bbox 2669 795 2759 865; x_wconf 89' lang='lat' dir='ltr'><strong>qui</strong></span> <span class='ocrx_word' id='word_1_168' title='bbox 2805 793 2983 848; x_wconf 91' lang='lat' dir='ltr'><strong>adhuc</strong></span> <span class='ocrx_word' id='word_1_169' title='bbox 3014 793 3065 848; x_wconf 92' lang='lat' dir='ltr'><strong>in</strong></span> <span class='ocrx_word' id='word_1_170' title='bbox 3116 791 3312 848; x_wconf 77' lang='lat' dir='ltr'><strong>exsilio</strong></span> <span class='ocrx_word' id='word_1_171' title='bbox 3351 791 3492 847; x_wconf 86' lang='lat' dir='ltr'><strong>deti-</strong></span> 
     </span>
    </p>
   </div>
   <div class='ocr_carea' id='block_1_23' title="bbox 1892 885 3488 960">
    <p class='ocr_par' dir='ltr' id='par_1_23' title="bbox 1892 885 3488 960">
     <span class='ocr_line' id='line_1_23' title="bbox 1892 885 3488 960; baseline -0.003 -16"><span class='ocrx_word' id='word_1_172' title='bbox 1892 894 2110 952; x_wconf 90' lang='lat' dir='ltr'><strong>nentur,</strong></span> <span class='ocrx_word' id='word_1_173' title='bbox 2141 885 2207 960; x_wconf 78' lang='lat' dir='ltr'><strong>(f)</strong></span> <span class='ocrx_word' id='word_1_174' title='bbox 2252 887 2402 943; x_wconf 91' lang='lat' dir='ltr'><strong>missi</strong></span> <span class='ocrx_word' id='word_1_175' title='bbox 2426 887 2619 943; x_wconf 87' lang='lat' dir='ltr'><strong>affines</strong></span> <span class='ocrx_word' id='word_1_176' title='bbox 2640 897 2692 942; x_wconf 89' lang='lat' dir='ltr'><strong>et</strong></span> <span class='ocrx_word' id='word_1_177' title='bbox 2722 886 2976 956; x_wconf 85' lang='lat' dir='ltr'><strong>proximi,</strong></span> <span class='ocrx_word' id='word_1_178' title='bbox 3006 885 3166 941; x_wconf 90' lang='lat' dir='ltr'><strong>amici</strong></span> <span class='ocrx_word' id='word_1_179' title='bbox 3190 895 3244 942; x_wconf 92' lang='lat' dir='ltr'><strong>et</strong></span> <span class='ocrx_word' id='word_1_180' title='bbox 3269 885 3488 950; x_wconf 87' lang='lat' dir='ltr'><strong>fratres,</strong></span> 
     </span>
    </p>
   </div>
   <div class='ocr_carea' id='block_1_24' title="bbox 1890 978 3488 1053">
    <p class='ocr_par' dir='ltr' id='par_1_24' title="bbox 1890 978 3488 1053">
     <span class='ocr_line' id='line_1_24' title="bbox 1890 978 3488 1053; baseline -0.003 -16"><span class='ocrx_word' id='word_1_181' title='bbox 1890 983 2140 1053; x_wconf 82' lang='lat' dir='ltr'><strong>querelas</strong></span> <span class='ocrx_word' id='word_1_182' title='bbox 2185 982 2267 1038; x_wconf 90' lang='lat' dir='ltr'><strong>vel</strong></span> <span class='ocrx_word' id='word_1_183' title='bbox 2316 997 2504 1036; x_wconf 91' lang='lat' dir='ltr'><strong>eorum</strong></span> <span class='ocrx_word' id='word_1_184' title='bbox 2537 982 2625 1052; x_wconf 91' lang='lat' dir='ltr'><strong>qui</strong></span> <span class='ocrx_word' id='word_1_185' title='bbox 2682 989 2974 1050; x_wconf 87' lang='lat' dir='ltr'><strong>supersunt</strong></span> <span class='ocrx_word' id='word_1_186' title='bbox 3020 979 3354 1042; x_wconf 85' lang='lat' dir='ltr'><strong>detulerunt.</strong></span> <span class='ocrx_word' id='word_1_187' title='bbox 3403 978 3488 1034; x_wconf 91' lang='lat' dir='ltr'><strong>vel</strong></span> 
     </span>
    </p>
   </div>
   <div class='ocr_carea' id='block_1_25' title="bbox 1891 1071 3491 1146">
    <p class='ocr_par' dir='ltr' id='par_1_25' title="bbox 1891 1071 3491 1146">
     <span class='ocr_line' id='line_1_25' title="bbox 1891 1071 3491 1146; baseline -0.004 -14"><span class='ocrx_word' id='word_1_188' title='bbox 1891 1074 2269 1144; x_wconf 90' lang='lat' dir='ltr'><strong>eorumquiin</strong></span> <span class='ocrx_word' id='word_1_189' title='bbox 2301 1075 2432 1146; x_wconf 89' lang='lat' dir='ltr'><strong>ipsis</strong></span> <span class='ocrx_word' id='word_1_190' title='bbox 2458 1073 2666 1129; x_wconf 83' lang='lat' dir='ltr'><strong>exsiliis</strong></span> <span class='ocrx_word' id='word_1_191' title='bbox 2687 1073 3061 1136; x_wconf 91' lang='lat' dir='ltr'><strong>decesserunt,</strong></span> <span class='ocrx_word' id='word_1_192' title='bbox 3111 1072 3381 1143; x_wconf 80' lang='lat' dir='ltr'><strong>indignam</strong></span> <span class='ocrx_word' id='word_1_193' title='bbox 3409 1071 3491 1126; x_wconf 90' lang='lat' dir='ltr'><strong>in-</strong></span> 
     </span>
    </p>
   </div>
   <div class='ocr_carea' id='block_1_26' title="bbox 1887 1163 3490 1240">
    <p class='ocr_par' dir='ltr' id='par_1_26' title="bbox 1887 1163 3490 1240">
     <span class='ocr_line' id='line_1_26' title="bbox 1887 1163 3490 1240; baseline -0.004 -15"><span class='ocrx_word' id='word_1_194' title='bbox 1887 1170 2086 1240; x_wconf 88' lang='lat' dir='ltr'><strong>juriam</strong></span> <span class='ocrx_word' id='word_1_195' title='bbox 2133 1169 2398 1238; x_wconf 90' lang='lat' dir='ltr'><strong>prosecuti</strong></span> <span class='ocrx_word' id='word_1_196' title='bbox 2433 1177 2576 1222; x_wconf 91' lang='lat' dir='ltr'><strong>sunt.</strong></span> <span class='ocrx_word' id='word_1_197' title='bbox 2606 1167 2689 1230; x_wconf 85' lang='lat' dir='ltr'><strong>Et,</strong></span> <span class='ocrx_word' id='word_1_198' title='bbox 2719 1165 2861 1236; x_wconf 89' lang='lat' dir='ltr'><strong>quod</strong></span> <span class='ocrx_word' id='word_1_199' title='bbox 2895 1175 2977 1222; x_wconf 91' lang='lat' dir='ltr'><strong>est</strong></span> <span class='ocrx_word' id='word_1_200' title='bbox 3009 1165 3324 1230; x_wconf 76' lang='lat' dir='ltr'><strong>tuaximum,</strong></span> <span class='ocrx_word' id='word_1_201' title='bbox 3374 1163 3490 1230; x_wconf 88' lang='lat' dir='ltr'><strong>cpi-</strong></span> 
     </span>
    </p>
   </div>
   <div class='ocr_carea' id='block_1_27' title="bbox 1891 1254 3489 1330">
    <p class='ocr_par' dir='ltr' id='par_1_27' title="bbox 1891 1254 3489 1330">
     <span class='ocr_line' id='line_1_27' title="bbox 1891 1254 3489 1330; baseline -0.005 -12"><span class='ocrx_word' id='word_1_202' title='bbox 1891 1262 2039 1330; x_wconf 88' lang='lat' dir='ltr'><strong>scopi</strong></span> <span class='ocrx_word' id='word_1_203' title='bbox 2069 1261 2562 1330; x_wconf 88' lang='lat' dir='ltr'><strong>aderant,quorum</strong></span> <span class='ocrx_word' id='word_1_204' title='bbox 2586 1259 2724 1315; x_wconf 92' lang='lat' dir='ltr'><strong>alter</strong></span> <span class='ocrx_word' id='word_1_205' title='bbox 2748 1259 2945 1313; x_wconf 89' lang='lat' dir='ltr'><strong>ferrum</strong></span> <span class='ocrx_word' id='word_1_206' title='bbox 2976 1268 3026 1311; x_wconf 92' lang='lat' dir='ltr'><strong>et</strong></span> <span class='ocrx_word' id='word_1_207' title='bbox 3049 1268 3265 1314; x_wconf 88' lang='lat' dir='ltr'><strong>catenas</strong></span> <span class='ocrx_word' id='word_1_208' title='bbox 3297 1254 3489 1326; x_wconf 65' lang='lat' dir='ltr'><strong>praefe-</strong></span> 
     </span>
    </p>
   </div>
   <div class='ocr_carea' id='block_1_28' title="bbox 1892 1351 3489 1428">
    <p class='ocr_par' dir='ltr' id='par_1_28' title="bbox 1892 1351 3489 1428">
     <span class='ocr_line' id='line_1_28' title="bbox 1892 1351 3489 1428; baseline -0.004 -16"><span class='ocrx_word' id='word_1_209' title='bbox 1892 1356 2065 1420; x_wconf 87' lang='lat' dir='ltr'><strong>rebat,</strong></span> <span class='ocrx_word' id='word_1_210' title='bbox 2096 1354 2262 1428; x_wconf 65' lang='grc'><strong>624</strong></span> <span class='ocrx_word' id='word_1_211' title='bbox 2290 1369 2421 1424; x_wconf 86' lang='lat' dir='ltr'><strong>quas</strong></span> <span class='ocrx_word' id='word_1_212' title='bbox 2444 1369 2541 1424; x_wconf 90' lang='lat' dir='ltr'><strong>per</strong></span> <span class='ocrx_word' id='word_1_213' title='bbox 2570 1369 2663 1410; x_wconf 88' lang='lat' dir='ltr'><strong>eos</strong></span> <span class='ocrx_word' id='word_1_214' title='bbox 2695 1351 2770 1426; x_wconf 71' lang='grc' dir='ltr'><strong>(ς)</strong></span> <span class='ocrx_word' id='word_1_215' title='bbox 2809 1353 3111 1409; x_wconf 79' lang='lat' dir='ltr'><strong>cervicibus</strong></span> <span class='ocrx_word' id='word_1_216' title='bbox 3154 1353 3267 1408; x_wconf 88' lang='lat' dir='ltr'><strong>suis</strong></span> <span class='ocrx_word' id='word_1_217' title='bbox 3309 1360 3489 1422; x_wconf 89' lang='lat' dir='ltr'><strong>porta-</strong></span> 
     </span>
    </p>
   </div>
   <div class='ocr_carea' id='block_1_29' title="bbox 1893 1447 3486 1520">
    <p class='ocr_par' dir='ltr' id='par_1_29' title="bbox 1893 1447 3486 1520">
     <span class='ocr_line' id='line_1_29' title="bbox 1893 1447 3486 1520; baseline -0.001 -16"><span class='ocrx_word' id='word_1_218' title='bbox 1893 1461 2073 1515; x_wconf 87' lang='lat' dir='ltr'><strong>verat;</strong></span> <span class='ocrx_word' id='word_1_219' title='bbox 2103 1451 2192 1504; x_wconf 86' lang='lat' dir='ltr'><strong>alii</strong></span> <span class='ocrx_word' id='word_1_220' title='bbox 2237 1466 2298 1504; x_wconf 76' lang='lat' dir='ltr'><strong>ex</strong></span> <span class='ocrx_word' id='word_1_221' title='bbox 2341 1465 2526 1505; x_wconf 90' lang='lat' dir='ltr'><strong>eorum</strong></span> <span class='ocrx_word' id='word_1_222' title='bbox 2577 1448 2980 1504; x_wconf 90' lang='lat' dir='ltr'><strong>insimulatione</strong></span> <span class='ocrx_word' id='word_1_223' title='bbox 3014 1457 3240 1504; x_wconf 89' lang='lat' dir='ltr'><strong>mortem</strong></span> <span class='ocrx_word' id='word_1_224' title='bbox 3275 1447 3355 1520; x_wconf 67' lang='lat' dir='ltr'><strong>(li)</strong></span> <span class='ocrx_word' id='word_1_225' title='bbox 3385 1447 3486 1507; x_wconf 85' lang='lat' dir='ltr'><strong>sibi</strong></span> 
     </span>
    </p>
   </div>
   <div class='ocr_carea' id='block_1_30' title="bbox 1893 1541 3478 1612">
    <p class='ocr_par' dir='ltr' id='par_1_30' title="bbox 1893 1541 3478 1612">
     <span class='ocr_line' id='line_1_30' title="bbox 1893 1541 3478 1612; baseline -0.003 -12"><span class='ocrx_word' id='word_1_226' title='bbox 1893 1545 2211 1600; x_wconf 87' lang='lat' dir='ltr'><strong>intentatam</strong></span> <span class='ocrx_word' id='word_1_227' title='bbox 2243 1543 2687 1599; x_wconf 86' lang='lat' dir='ltr'><strong>testificabantur.</strong></span> <span class='ocrx_word' id='word_1_228' title='bbox 2726 1541 2778 1597; x_wconf 89' lang='lat' dir='ltr'><strong>lu</strong></span> <span class='ocrx_word' id='word_1_229' title='bbox 2809 1552 3014 1598; x_wconf 89' lang='lat' dir='ltr'><strong>tantum</strong></span> <span class='ocrx_word' id='word_1_230' title='bbox 3046 1543 3189 1598; x_wconf 90' lang='lat' dir='ltr'><strong>enim</strong></span> <span class='ocrx_word' id='word_1_231' title='bbox 3219 1541 3478 1612; x_wconf 89' lang='lat' dir='ltr'><strong>despera-</strong></span> 
     </span>
    </p>
   </div>
   <div class='ocr_carea' id='block_1_31' title="bbox 1893 1633 3493 1708">
    <p class='ocr_par' dir='ltr' id='par_1_31' title="bbox 1893 1633 3493 1708">
     <span class='ocr_line' id='line_1_31' title="bbox 1893 1633 3493 1708; baseline -0.003 -14"><span class='ocrx_word' id='word_1_232' title='bbox 1893 1638 2056 1694; x_wconf 86' lang='lat' dir='ltr'><strong>tionis</strong></span> <span class='ocrx_word' id='word_1_233' title='bbox 2085 1647 2383 1708; x_wconf 87' lang='lat' dir='ltr'><strong>eruperunt</strong></span> <span class='ocrx_word' id='word_1_234' title='bbox 2405 1647 2462 1692; x_wconf 93' lang='lat' dir='ltr'><strong>ut</strong></span> <span class='ocrx_word' id='word_1_235' title='bbox 2488 1639 2649 1692; x_wconf 91' lang='lat' dir='ltr'><strong>etiam</strong></span> <span class='ocrx_word' id='word_1_236' title='bbox 2675 1639 2961 1706; x_wconf 88' lang='lat' dir='ltr'><strong>episcopos</strong></span> <span class='ocrx_word' id='word_1_237' title='bbox 2989 1635 3052 1708; x_wconf 89' lang='lat' dir='ltr'><strong>(i)</strong></span> <span class='ocrx_word' id='word_1_238' title='bbox 3090 1633 3493 1691; x_wconf 82' lang='lat' dir='ltr'><strong>interfecissent</strong></span> 
     </span>
    </p>
   </div>
   <div class='ocr_carea' id='block_1_32' title="bbox 1893 1730 3487 1802">
    <p class='ocr_par' dir='ltr' id='par_1_32' title="bbox 1893 1730 3487 1802">
     <span class='ocr_line' id='line_1_32' title="bbox 1893 1730 3487 1802; baseline -0.001 -18"><span class='ocrx_word' id='word_1_239' title='bbox 1893 1733 2148 1802; x_wconf 90' lang='lat' dir='ltr'><strong>quidem,</strong></span> <span class='ocrx_word' id='word_1_240' title='bbox 2203 1731 2304 1785; x_wconf 91' lang='lat' dir='ltr'><strong>nisi</strong></span> <span class='ocrx_word' id='word_1_241' title='bbox 2366 1730 2628 1801; x_wconf 80' lang='lat' dir='ltr'><strong>fugissent</strong></span> <span class='ocrx_word' id='word_1_242' title='bbox 2683 1730 2922 1800; x_wconf 87' lang='lat' dir='ltr'><strong>ipsorum</strong></span> <span class='ocrx_word' id='word_1_243' title='bbox 2977 1737 3230 1784; x_wconf 89' lang='lat' dir='ltr'><strong>cruentas</strong></span> <span class='ocrx_word' id='word_1_244' title='bbox 3275 1742 3487 1784; x_wconf 89' lang='lat' dir='ltr'><strong>manus.</strong></span> 
     </span>
    </p>
   </div>
   <div class='ocr_carea' id='block_1_33' title="bbox 197 1817 3492 1893">
    <p class='ocr_par' dir='ltr' id='par_1_33' title="bbox 197 1817 3492 1893">
     <span class='ocr_line' id='line_1_33' title="bbox 197 1817 3492 1893; baseline 0.001 -19"><span class='ocrx_word' id='word_1_245' title='bbox 197 1830 275 1874; x_wconf 88' lang='lat' dir='ltr'><strong>ter</strong></span> <span class='ocrx_word' id='word_1_246' title='bbox 303 1819 477 1874; x_wconf 81' lang='lat' dir='ltr'><strong>vocati</strong></span> <span class='ocrx_word' id='word_1_247' title='bbox 529 1830 972 1890; x_wconf 84' lang='lat' dir='ltr'><strong>contempserunt</strong></span> <span class='ocrx_word' id='word_1_248' title='bbox 1012 1820 1382 1876; x_wconf 82' lang='lat' dir='ltr'><strong>invitationem</strong></span> <span class='ocrx_word' id='word_1_249' title='bbox 1431 1821 1622 1890; x_wconf 84' lang='lat' dir='ltr'><strong>synodi</strong></span> <span class='ocrx_word' id='word_1_250' title='bbox 1671 1838 1788 1874; x_wconf 91' lang='lat' dir='ltr'><strong>om-</strong></span> <span class='ocrx_word' id='word_1_251' title='bbox 1819 1817 1863 1876; x_wconf 86' lang='grc' dir='ltr'>Β</span> <span class='ocrx_word' id='word_1_252' title='bbox 1894 1825 2136 1880; x_wconf 72' lang='lat' dir='ltr'><strong>Decessit</strong></span> <span class='ocrx_word' id='word_1_253' title='bbox 2215 1823 2358 1878; x_wconf 87' lang='lat' dir='ltr'><strong>enim</strong></span> <span class='ocrx_word' id='word_1_254' title='bbox 2433 1823 2789 1893; x_wconf 90' lang='lat' dir='ltr'><strong>coepiscopus</strong></span> <span class='ocrx_word' id='word_1_255' title='bbox 2883 1830 3071 1878; x_wconf 88' lang='lat' dir='ltr'><strong>noster</strong></span> <span class='ocrx_word' id='word_1_256' title='bbox 3144 1821 3492 1878; x_wconf 87' lang='lat' dir='ltr'><strong>beatissimus</strong></span> 
     </span>
    </p>
   </div>
   <div class='ocr_carea' id='block_1_34' title="bbox 197 1913 1788 1987">
    <p class='ocr_par' dir='ltr' id='par_1_34' title="bbox 197 1913 1788 1987">
     <span class='ocr_line' id='line_1_34' title="bbox 197 1913 1788 1987; baseline 0.001 -20"><span class='ocrx_word' id='word_1_257' title='bbox 197 1913 328 1968; x_wconf 89' lang='lat' dir='ltr'><strong>nium</strong></span> <span class='ocrx_word' id='word_1_258' title='bbox 362 1924 675 1969; x_wconf 85' lang='lat' dir='ltr'><strong>nostrorum</strong></span> <span class='ocrx_word' id='word_1_259' title='bbox 707 1917 770 1986; x_wconf 78' lang='lat' dir='ltr'><strong>(f.</strong></span> <span class='ocrx_word' id='word_1_260' title='bbox 806 1914 1092 1987; x_wconf 87' lang='lat' dir='ltr'><strong>nostrum),</strong></span> <span class='ocrx_word' id='word_1_261' title='bbox 1139 1915 1230 1985; x_wconf 90' lang='lat' dir='ltr'><strong>qui</strong></span> <span class='ocrx_word' id='word_1_262' title='bbox 1277 1917 1632 1970; x_wconf 86' lang='lat' dir='ltr'><strong>convenimus</strong></span> <span class='ocrx_word' id='word_1_263' title='bbox 1671 1917 1788 1985; x_wconf 80' lang='lat' dir='ltr'><strong>epi-</strong></span> 
     </span>
    </p>
   </div>
   <div class='ocr_carea' id='block_1_35' title="bbox 197 2007 1790 2078">
    <p class='ocr_par' dir='ltr' id='par_1_35' title="bbox 197 2007 1790 2078">
     <span class='ocr_line' id='line_1_35' title="bbox 197 2007 1790 2078; baseline 0.002 -18"><span class='ocrx_word' id='word_1_264' title='bbox 197 2007 357 2075; x_wconf 89' lang='lat' dir='ltr'><strong>scopi,</strong></span> <span class='ocrx_word' id='word_1_265' title='bbox 382 2018 431 2060; x_wconf 92' lang='lat' dir='ltr'><strong>et</strong></span> <span class='ocrx_word' id='word_1_266' title='bbox 466 2007 699 2061; x_wconf 74' lang='lat' dir='ltr'><strong>maxime</strong></span> <span class='ocrx_word' id='word_1_267' title='bbox 729 2007 1053 2063; x_wconf 86' lang='lat' dir='ltr'><strong>venerabilis</strong></span> <span class='ocrx_word' id='word_1_268' title='bbox 1081 2018 1316 2064; x_wconf 69' lang='lat' dir='ltr'><strong>senectae</strong></span> <span class='ocrx_word' id='word_1_269' title='bbox 1345 2008 1585 2072; x_wconf 86' lang='lat' dir='ltr'><strong>Ossium,</strong></span> <span class='ocrx_word' id='word_1_270' title='bbox 1616 2011 1705 2078; x_wconf 86' lang='lat' dir='ltr'><strong>qui</strong></span> <span class='ocrx_word' id='word_1_271' title='bbox 1736 2018 1790 2063; x_wconf 92' lang='lat' dir='ltr'><strong>ct</strong></span> 
     </span>
    </p>
   </div>
   <div class='ocr_carea' id='block_1_36' title="bbox 196 2099 1784 2169">
    <p class='ocr_par' dir='ltr' id='par_1_36' title="bbox 196 2099 1784 2169">
     <span class='ocr_line' id='line_1_36' title="bbox 196 2099 1784 2169; baseline 0.003 -18"><span class='ocrx_word' id='word_1_272' title='bbox 196 2107 401 2167; x_wconf 75' lang='lat' dir='ltr'><strong>proliter</strong></span> <span class='ocrx_word' id='word_1_273' title='bbox 452 2107 670 2154; x_wconf 84' lang='lat' dir='ltr'><strong>:ctatem</strong></span> <span class='ocrx_word' id='word_1_274' title='bbox 711 2111 762 2154; x_wconf 91' lang='lat' dir='ltr'><strong>et</strong></span> <span class='ocrx_word' id='word_1_275' title='bbox 816 2099 1216 2154; x_wconf 90' lang='lat' dir='ltr'><strong>confessionem</strong></span> <span class='ocrx_word' id='word_1_276' title='bbox 1250 2111 1303 2156; x_wconf 91' lang='lat' dir='ltr'><strong>et</strong></span> <span class='ocrx_word' id='word_1_277' title='bbox 1348 2101 1784 2169; x_wconf 70' lang='lat' dir='ltr'><strong>tantitemporis</strong></span> 
     </span>
    </p>
   </div>
   <div class='ocr_carea' id='block_1_37' title="bbox 195 2189 1787 2264">
    <p class='ocr_par' dir='ltr' id='par_1_37' title="bbox 195 2189 1787 2264">
     <span class='ocr_line' id='line_1_37' title="bbox 195 2189 1787 2264; baseline 0.003 -21"><span class='ocrx_word' id='word_1_278' title='bbox 195 2189 462 2259; x_wconf 87' lang='lat' dir='ltr'><strong>probatam</strong></span> <span class='ocrx_word' id='word_1_279' title='bbox 518 2190 718 2256; x_wconf 88' lang='lat' dir='ltr'><strong>fidem,</strong></span> <span class='ocrx_word' id='word_1_280' title='bbox 764 2191 954 2264; x_wconf 88' lang='lat' dir='ltr'><strong>(e)qui</strong></span> <span class='ocrx_word' id='word_1_281' title='bbox 986 2201 1193 2248; x_wconf 87' lang='lat' dir='ltr'><strong>tantum</strong></span> <span class='ocrx_word' id='word_1_282' title='bbox 1239 2193 1478 2248; x_wconf 90' lang='lat' dir='ltr'><strong>laborem</strong></span> <span class='ocrx_word' id='word_1_283' title='bbox 1527 2192 1580 2247; x_wconf 88' lang='lat' dir='ltr'><strong>id</strong></span> <span class='ocrx_word' id='word_1_284' title='bbox 1610 2193 1787 2248; x_wconf 66' lang='lat' dir='ltr'><strong>anatis</strong></span> 
     </span>
    </p>
   </div>
   <div class='ocr_carea' id='block_1_38' title="bbox 195 2284 1784 2353">
    <p class='ocr_par' dir='ltr' id='par_1_38' title="bbox 195 2284 1784 2353">
     <span class='ocr_line' id='line_1_38' title="bbox 195 2284 1784 2353; baseline 0.003 -16"><span class='ocrx_word' id='word_1_285' title='bbox 195 2297 283 2353; x_wconf 91' lang='lat' dir='ltr'><strong>pro</strong></span> <span class='ocrx_word' id='word_1_286' title='bbox 313 2284 575 2340; x_wconf 80' lang='lat' dir='ltr'><strong>Ecclesiae</strong></span> <span class='ocrx_word' id='word_1_287' title='bbox 606 2285 835 2340; x_wconf 88' lang='lat' dir='ltr'><strong>utilitate</strong></span> <span class='ocrx_word' id='word_1_288' title='bbox 863 2286 1140 2353; x_wconf 90' lang='lat' dir='ltr'><strong>sustinuit,</strong></span> <span class='ocrx_word' id='word_1_289' title='bbox 1185 2296 1242 2341; x_wconf 90' lang='lat' dir='ltr'><strong>ut</strong></span> <span class='ocrx_word' id='word_1_290' title='bbox 1285 2289 1431 2341; x_wconf 78' lang='lat' dir='ltr'><strong>ouini</strong></span> <span class='ocrx_word' id='word_1_291' title='bbox 1480 2288 1784 2342; x_wconf 79' lang='lat' dir='ltr'><strong>reverentia</strong></span> 
     </span>
    </p>
   </div>
   <div class='ocr_carea' id='block_1_39' title="bbox 193 2377 1788 2450">
    <p class='ocr_par' dir='ltr' id='par_1_39' title="bbox 193 2377 1788 2450">
     <span class='ocr_line' id='line_1_39' title="bbox 193 2377 1788 2450; baseline 0.005 -21"><span class='ocrx_word' id='word_1_292' title='bbox 193 2377 534 2444; x_wconf 82' lang='lat' dir='ltr'><strong>dignissimus</strong></span> <span class='ocrx_word' id='word_1_293' title='bbox 576 2377 861 2434; x_wconf 83' lang='lat' dir='ltr'><strong>habeatur.</strong></span> <span class='ocrx_word' id='word_1_294' title='bbox 911 2379 1360 2450; x_wconf 78' lang='lat' dir='ltr'><strong>Exspectanttbus</strong></span> <span class='ocrx_word' id='word_1_295' title='bbox 1409 2381 1682 2446; x_wconf 61' lang='lat' dir='ltr'><strong>(annilius,</strong></span> <span class='ocrx_word' id='word_1_296' title='bbox 1733 2394 1788 2437; x_wconf 86' lang='lat' dir='ltr'><strong>et</strong></span> 
     </span>
    </p>
   </div>
   <div class='ocr_carea' id='block_1_40' title="bbox 192 2467 1786 2543">
    <p class='ocr_par' dir='ltr' id='par_1_40' title="bbox 192 2467 1786 2543">
     <span class='ocr_line' id='line_1_40' title="bbox 192 2467 1786 2543; baseline 0.003 -19"><span class='ocrx_word' id='word_1_297' title='bbox 192 2467 590 2524; x_wconf 86' lang='lat' dir='ltr'><strong>cohortantibus</strong></span> <span class='ocrx_word' id='word_1_298' title='bbox 621 2485 716 2524; x_wconf 92' lang='lat' dir='ltr'><strong>eos</strong></span> <span class='ocrx_word' id='word_1_299' title='bbox 740 2471 926 2526; x_wconf 87' lang='lat' dir='ltr'><strong>venire</strong></span> <span class='ocrx_word' id='word_1_300' title='bbox 953 2473 1016 2524; x_wconf 85' lang='lat' dir='ltr'><strong>ad</strong></span> <span class='ocrx_word' id='word_1_301' title='bbox 1037 2471 1324 2540; x_wconf 84' lang='lat' dir='ltr'><strong>judicium,</strong></span> <span class='ocrx_word' id='word_1_302' title='bbox 1358 2482 1414 2526; x_wconf 92' lang='lat' dir='ltr'><strong>ut</strong></span> <span class='ocrx_word' id='word_1_303' title='bbox 1443 2474 1646 2536; x_wconf 87' lang='lat' dir='ltr'><strong>omnia,</strong></span> <span class='ocrx_word' id='word_1_304' title='bbox 1666 2489 1786 2543; x_wconf 85' lang='lat' dir='ltr'><strong>quae</strong></span> 
     </span>
    </p>
   </div>
   <div class='ocr_carea' id='block_1_41' title="bbox 193 2561 1784 2637">
    <p class='ocr_par' dir='ltr' id='par_1_41' title="bbox 193 2561 1784 2637">
     <span class='ocr_line' id='line_1_41' title="bbox 193 2561 1784 2637; baseline 0.004 -22"><span class='ocrx_word' id='word_1_305' title='bbox 193 2561 254 2617; x_wconf 89' lang='lat' dir='ltr'><strong>de</strong></span> <span class='ocrx_word' id='word_1_306' title='bbox 302 2562 784 2618; x_wconf 86' lang='lat' dir='ltr'><strong>consacerdotibus</strong></span> <span class='ocrx_word' id='word_1_307' title='bbox 834 2565 1035 2619; x_wconf 88' lang='lat' dir='ltr'><strong>nostris</strong></span> <span class='ocrx_word' id='word_1_308' title='bbox 1087 2566 1231 2637; x_wconf 82' lang='lat' dir='ltr'><strong>(add.</strong></span> <span class='ocrx_word' id='word_1_309' title='bbox 1280 2566 1644 2631; x_wconf 77' lang='lat' dir='ltr'><strong>abeuntibus)</strong></span> <span class='ocrx_word' id='word_1_310' title='bbox 1701 2568 1784 2622; x_wconf 82' lang='lat' dir='ltr'><strong>vel</strong></span> 
     </span>
    </p>
   </div>
   <div class='ocr_carea' id='block_1_42' title="bbox 194 2653 1786 2728">
    <p class='ocr_par' dir='ltr' id='par_1_42' title="bbox 194 2653 1786 2728">
     <span class='ocr_line' id='line_1_42' title="bbox 194 2653 1786 2728; baseline 0.005 -21"><span class='ocrx_word' id='word_1_311' title='bbox 194 2653 436 2710; x_wconf 76' lang='lat' dir='ltr'><strong>dixerunt</strong></span> <span class='ocrx_word' id='word_1_312' title='bbox 470 2656 556 2712; x_wconf 90' lang='lat' dir='ltr'><strong>vel</strong></span> <span class='ocrx_word' id='word_1_313' title='bbox 585 2657 944 2728; x_wconf 89' lang='lat' dir='ltr'><strong>scripserunt,</strong></span> <span class='ocrx_word' id='word_1_314' title='bbox 978 2669 1272 2728; x_wconf 66' lang='lat' dir='ltr'><strong>praesentes</strong></span> <span class='ocrx_word' id='word_1_315' title='bbox 1305 2669 1525 2728; x_wconf 88' lang='lat' dir='ltr'><strong>possent</strong></span> <span class='ocrx_word' id='word_1_316' title='bbox 1561 2662 1786 2716; x_wconf 88' lang='lat' dir='ltr'><strong>convin-</strong></span> 
     </span>
    </p>
   </div>
   <div class='ocr_carea' id='block_1_43' title="bbox 190 2750 1786 2820">
    <p class='ocr_par' dir='ltr' id='par_1_43' title="bbox 190 2750 1786 2820">
     <span class='ocr_line' id='line_1_43' title="bbox 190 2750 1786 2820; baseline 0.004 -19"><span class='ocrx_word' id='word_1_317' title='bbox 190 2761 324 2813; x_wconf 85' lang='lat' dir='ltr'><strong>cere,</strong></span> <span class='ocrx_word' id='word_1_318' title='bbox 361 2750 540 2803; x_wconf 85' lang='lat' dir='ltr'><strong>vocati</strong></span> <span class='ocrx_word' id='word_1_319' title='bbox 574 2765 678 2804; x_wconf 89' lang='lat' dir='ltr'><strong>non</strong></span> <span class='ocrx_word' id='word_1_320' title='bbox 711 2763 994 2817; x_wconf 85' lang='lat' dir='ltr'><strong>venerunt,</strong></span> <span class='ocrx_word' id='word_1_321' title='bbox 1028 2751 1168 2806; x_wconf 89' lang='lat' dir='ltr'><strong>sicut</strong></span> <span class='ocrx_word' id='word_1_322' title='bbox 1196 2753 1539 2820; x_wconf 65' lang='lat' dir='ltr'><strong>pra-diximus</strong></span> <span class='ocrx_word' id='word_1_323' title='bbox 1566 2764 1786 2808; x_wconf 82' lang='lat' dir='ltr'><strong>:osten-</strong></span> 
     </span>
    </p>
   </div>
   <div class='ocr_carea' id='block_1_44' title="bbox 189 2841 1782 2912">
    <p class='ocr_par' dir='ltr' id='par_1_44' title="bbox 189 2841 1782 2912">
     <span class='ocr_line' id='line_1_44' title="bbox 189 2841 1782 2912; baseline 0.005 -17"><span class='ocrx_word' id='word_1_324' title='bbox 189 2841 365 2898; x_wconf 90' lang='lat' dir='ltr'><strong>dentes</strong></span> <span class='ocrx_word' id='word_1_325' title='bbox 403 2846 572 2897; x_wconf 90' lang='lat' dir='ltr'><strong>etiam</strong></span> <span class='ocrx_word' id='word_1_326' title='bbox 629 2860 692 2900; x_wconf 84' lang='lat' dir='ltr'><strong>ex</strong></span> <span class='ocrx_word' id='word_1_327' title='bbox 734 2843 816 2899; x_wconf 89' lang='lat' dir='ltr'><strong>his</strong></span> <span class='ocrx_word' id='word_1_328' title='bbox 864 2845 1154 2901; x_wconf 85' lang='lat' dir='ltr'><strong>falsitatem</strong></span> <span class='ocrx_word' id='word_1_329' title='bbox 1199 2862 1350 2901; x_wconf 88' lang='lat' dir='ltr'><strong>suam</strong></span> <span class='ocrx_word' id='word_1_330' title='bbox 1382 2889 1396 2912; x_wconf 95' lang='lat'><strong>,</strong></span> <span class='ocrx_word' id='word_1_331' title='bbox 1452 2864 1556 2903; x_wconf 92' lang='lat' dir='ltr'><strong>non</strong></span> <span class='ocrx_word' id='word_1_332' title='bbox 1609 2849 1782 2904; x_wconf 90' lang='lat' dir='ltr'><strong>solum</strong></span> 
     </span>
    </p>
   </div>
   <div class='ocr_carea' id='block_1_45' title="bbox 189 2938 1781 3012">
    <p class='ocr_par' dir='ltr' id='par_1_45' title="bbox 189 2938 1781 3012">
     <span class='ocr_line' id='line_1_45' title="bbox 189 2938 1781 3012; baseline 0.004 -22"><span class='ocrx_word' id='word_1_333' title='bbox 189 2938 611 2994; x_wconf 87' lang='lat' dir='ltr'><strong>commentitiam</strong></span> <span class='ocrx_word' id='word_1_334' title='bbox 660 2938 903 2994; x_wconf 88' lang='lat' dir='ltr'><strong>fraudem</strong></span> <span class='ocrx_word' id='word_1_335' title='bbox 959 2950 1052 2994; x_wconf 89' lang='lat' dir='ltr'><strong>aut</strong></span> <span class='ocrx_word' id='word_1_336' title='bbox 1119 2942 1436 3012; x_wconf 82' lang='lat' dir='ltr'><strong>exquisitam</strong></span> <span class='ocrx_word' id='word_1_337' title='bbox 1488 2944 1781 2998; x_wconf 89' lang='lat' dir='ltr'><strong>versutiam</strong></span> 
     </span>
    </p>
   </div>
   <div class='ocr_carea' id='block_1_46' title="bbox 191 3033 1782 3106">
    <p class='ocr_par' dir='ltr' id='par_1_46' title="bbox 191 3033 1782 3106">
     <span class='ocr_line' id='line_1_46' title="bbox 191 3033 1782 3106; baseline 0.005 -20"><span class='ocrx_word' id='word_1_338' title='bbox 191 3048 341 3103; x_wconf 88' lang='lat' dir='ltr'><strong>quam</strong></span> <span class='ocrx_word' id='word_1_339' title='bbox 364 3033 620 3090; x_wconf 87' lang='lat' dir='ltr'><strong>fecerunt</strong></span> <span class='ocrx_word' id='word_1_340' title='bbox 647 3034 937 3104; x_wconf 88' lang='lat' dir='ltr'><strong>prodentes</strong></span> <span class='ocrx_word' id='word_1_341' title='bbox 958 3049 1053 3106; x_wconf 87' lang='lat' dir='ltr'><strong>per</strong></span> <span class='ocrx_word' id='word_1_342' title='bbox 1075 3037 1496 3092; x_wconf 80' lang='lat' dir='ltr'><strong>excusationem.</strong></span> <span class='ocrx_word' id='word_1_343' title='bbox 1519 3037 1618 3106; x_wconf 86' lang='lat' dir='ltr'><strong>Qui</strong></span> <span class='ocrx_word' id='word_1_344' title='bbox 1638 3039 1782 3094; x_wconf 89' lang='lat' dir='ltr'><strong>enim</strong></span> 
     </span>
    </p>
   </div>
   <div class='ocr_carea' id='block_1_47' title="bbox 189 3125 1781 3202">
    <p class='ocr_par' dir='ltr' id='par_1_47' title="bbox 189 3125 1781 3202">
     <span class='ocr_line' id='line_1_47' title="bbox 189 3125 1781 3202; baseline 0.004 -22"><span class='ocrx_word' id='word_1_345' title='bbox 189 3125 377 3184; x_wconf 87' lang='lat' dir='ltr'><strong>habent</strong></span> <span class='ocrx_word' id='word_1_346' title='bbox 399 3129 655 3184; x_wconf 76' lang='lat' dir='ltr'><strong>fiduciam</strong></span> <span class='ocrx_word' id='word_1_347' title='bbox 683 3130 914 3201; x_wconf 88' lang='lat' dir='ltr'><strong>probare</strong></span> <span class='ocrx_word' id='word_1_348' title='bbox 942 3146 1003 3184; x_wconf 86' lang='lat' dir='ltr'><strong>ea</strong></span> <span class='ocrx_word' id='word_1_349' title='bbox 1020 3146 1140 3202; x_wconf 63' lang='lat' dir='ltr'><strong>quae</strong></span> <span class='ocrx_word' id='word_1_350' title='bbox 1166 3131 1418 3186; x_wconf 80' lang='lat' dir='ltr'><strong>absentes</strong></span> <span class='ocrx_word' id='word_1_351' title='bbox 1435 3131 1640 3196; x_wconf 90' lang='lat' dir='ltr'><strong>dicunt,</strong></span> <span class='ocrx_word' id='word_1_352' title='bbox 1665 3131 1781 3187; x_wconf 73' lang='lat' dir='ltr'><strong>hmc</strong></span> 
     </span>
    </p>
   </div>
   <div class='ocr_carea' id='block_1_48' title="bbox 188 3214 2490 3292">
    <p class='ocr_par' dir='ltr' id='par_1_48' title="bbox 188 3214 2490 3292">
     <span class='ocr_line' id='line_1_48' title="bbox 188 3214 2490 3292; baseline 0.003 -21"><span class='ocrx_word' id='word_1_353' title='bbox 188 3231 481 3290; x_wconf 65' lang='lat' dir='ltr'><strong>praesentes</strong></span> <span class='ocrx_word' id='word_1_354' title='bbox 528 3222 699 3290; x_wconf 84' lang='lat' dir='ltr'><strong>parati</strong></span> <span class='ocrx_word' id='word_1_355' title='bbox 739 3230 866 3276; x_wconf 85' lang='lat' dir='ltr'><strong>sunt</strong></span> <span class='ocrx_word' id='word_1_356' title='bbox 893 3222 1242 3286; x_wconf 88' lang='lat' dir='ltr'><strong>convincere.</strong></span> <span class='ocrx_word' id='word_1_357' title='bbox 1295 3223 1400 3277; x_wconf 80' lang='lat' dir='ltr'><strong>Sed</strong></span> <span class='ocrx_word' id='word_1_358' title='bbox 1444 3224 1565 3292; x_wconf 82' lang='lat' dir='ltr'><strong>quia</strong></span> <span class='ocrx_word' id='word_1_359' title='bbox 1599 3228 1781 3280; x_wconf 89' lang='lat' dir='ltr'><strong>venire</strong></span> <span class='ocrx_word' id='word_1_360' title='bbox 1809 3214 1853 3277; x_wconf 88' lang='lat' dir='ltr'><strong><em>C</em></strong></span> <span class='ocrx_word' id='word_1_361' title='bbox 1888 3241 1980 3281; x_wconf 92' lang='lat' dir='ltr'><strong>sus</strong></span> <span class='ocrx_word' id='word_1_362' title='bbox 2029 3227 2306 3282; x_wconf 85' lang='lat' dir='ltr'><strong>ministros</strong></span> <span class='ocrx_word' id='word_1_363' title='bbox 2338 3225 2434 3280; x_wconf 88' lang='lat' dir='ltr'><strong>Dei</strong></span> <span class='ocrx_word' id='word_1_364' title='bbox 2477 3244 2490 3278; x_wconf 91' lang='lat'><strong>:</strong></span> 
     </span>
    </p>
   </div>
   <div class='ocr_carea' id='block_1_49' title="bbox 187 3313 1782 3390">
    <p class='ocr_par' dir='ltr' id='par_1_49' title="bbox 187 3313 1782 3390">
     <span class='ocr_line' id='line_1_49' title="bbox 187 3313 1782 3390; baseline 0.004 -23"><span class='ocrx_word' id='word_1_365' title='bbox 187 3328 285 3368; x_wconf 90' lang='lat' dir='ltr'><strong>non</strong></span> <span class='ocrx_word' id='word_1_366' title='bbox 315 3316 427 3369; x_wconf 88' lang='lat' dir='ltr'><strong>ausi</strong></span> <span class='ocrx_word' id='word_1_367' title='bbox 462 3323 620 3383; x_wconf 89' lang='lat' dir='ltr'><strong>sunt,</strong></span> <span class='ocrx_word' id='word_1_368' title='bbox 651 3313 974 3370; x_wconf 89' lang='lat' dir='ltr'><strong>arbitramur</strong></span> <span class='ocrx_word' id='word_1_369' title='bbox 999 3316 1066 3371; x_wconf 90' lang='lat' dir='ltr'><strong>de</strong></span> <span class='ocrx_word' id='word_1_370' title='bbox 1095 3326 1297 3372; x_wconf 66' lang='lat' dir='ltr'><strong>caetero</strong></span> <span class='ocrx_word' id='word_1_371' title='bbox 1324 3315 1592 3372; x_wconf 88' lang='lat' dir='ltr'><strong>neminem</strong></span> <span class='ocrx_word' id='word_1_372' title='bbox 1633 3319 1782 3390; x_wconf 58' lang='lat' dir='ltr'><strong>igno-</strong></span> 
     </span>
    </p>
   </div>
   <div class='ocr_carea' id='block_1_50' title="bbox 186 3408 1783 3473">
    <p class='ocr_par' dir='ltr' id='par_1_50' title="bbox 186 3408 1783 3473">
     <span class='ocr_line' id='line_1_50' title="bbox 186 3408 1783 3473; baseline 0.004 -13"><span class='ocrx_word' id='word_1_373' title='bbox 186 3421 319 3473; x_wconf 85' lang='lat' dir='ltr'><strong>rare,</strong></span> <span class='ocrx_word' id='word_1_374' title='bbox 346 3409 514 3462; x_wconf 88' lang='lat' dir='ltr'><strong>etiam</strong></span> <span class='ocrx_word' id='word_1_375' title='bbox 558 3408 600 3461; x_wconf 91' lang='lat' dir='ltr'><strong>si</strong></span> <span class='ocrx_word' id='word_1_376' title='bbox 645 3408 720 3462; x_wconf 89' lang='lat' dir='ltr'><strong>illi</strong></span> <span class='ocrx_word' id='word_1_377' title='bbox 761 3408 956 3463; x_wconf 91' lang='lat' dir='ltr'><strong>iterum</strong></span> <span class='ocrx_word' id='word_1_378' title='bbox 1011 3409 1270 3464; x_wconf 87' lang='lat' dir='ltr'><strong>malitiam</strong></span> <span class='ocrx_word' id='word_1_379' title='bbox 1321 3425 1472 3465; x_wconf 91' lang='lat' dir='ltr'><strong>suam</strong></span> <span class='ocrx_word' id='word_1_380' title='bbox 1523 3425 1783 3467; x_wconf 78' lang='lat' dir='ltr'><strong>exercere</strong></span> 
     </span>
    </p>
   </div>
   <div class='ocr_carea' id='block_1_51' title="bbox 185 3499 1782 3571">
    <p class='ocr_par' dir='ltr' id='par_1_51' title="bbox 185 3499 1782 3571">
     <span class='ocr_line' id='line_1_51' title="bbox 185 3499 1782 3571; baseline 0.003 -19"><span class='ocrx_word' id='word_1_381' title='bbox 185 3499 489 3566; x_wconf 88' lang='lat' dir='ltr'><strong>voluerunt,</strong></span> <span class='ocrx_word' id='word_1_382' title='bbox 521 3499 656 3554; x_wconf 87' lang='lat' dir='ltr'><strong>nihil</strong></span> <span class='ocrx_word' id='word_1_383' title='bbox 680 3500 1012 3556; x_wconf 88' lang='lat' dir='ltr'><strong>sufficientes</strong></span> <span class='ocrx_word' id='word_1_384' title='bbox 1043 3502 1273 3571; x_wconf 88' lang='lat' dir='ltr'><strong>probare</strong></span> <span class='ocrx_word' id='word_1_385' title='bbox 1301 3503 1564 3559; x_wconf 89' lang='lat' dir='ltr'><strong>adversus</strong></span> <span class='ocrx_word' id='word_1_386' title='bbox 1585 3518 1782 3559; x_wconf 91' lang='lat' dir='ltr'><strong>consa-</strong></span> 
     </span>
    </p>
   </div>
   <div class='ocr_carea' id='block_1_52' title="bbox 185 3591 1778 3666">
    <p class='ocr_par' dir='ltr' id='par_1_52' title="bbox 185 3591 1778 3666">
     <span class='ocr_line' id='line_1_52' title="bbox 185 3591 1778 3666; baseline 0.006 -21"><span class='ocrx_word' id='word_1_387' title='bbox 185 3591 424 3648; x_wconf 86' lang='lat' dir='ltr'><strong>cerdotes</strong></span> <span class='ocrx_word' id='word_1_388' title='bbox 457 3603 680 3648; x_wconf 85' lang='lat' dir='ltr'><strong>nostros</strong></span> <span class='ocrx_word' id='word_1_389' title='bbox 705 3635 720 3659; x_wconf 89' lang='lat'><strong>,</strong></span> <span class='ocrx_word' id='word_1_390' title='bbox 763 3609 900 3664; x_wconf 90' lang='lat' dir='ltr'><strong>quos</strong></span> <span class='ocrx_word' id='word_1_391' title='bbox 952 3595 1206 3650; x_wconf 89' lang='lat' dir='ltr'><strong>incusant</strong></span> <span class='ocrx_word' id='word_1_392' title='bbox 1233 3595 1450 3666; x_wconf 87' lang='lat' dir='ltr'><strong>quidem</strong></span> <span class='ocrx_word' id='word_1_393' title='bbox 1483 3598 1736 3654; x_wconf 83' lang='lat' dir='ltr'><strong>absentes</strong></span> <span class='ocrx_word' id='word_1_394' title='bbox 1762 3641 1778 3666; x_wconf 91' lang='lat'><strong>,</strong></span> 
     </span>
    </p>
   </div>
   <div class='ocr_carea' id='block_1_53' title="bbox 184 3686 945 3758">
    <p class='ocr_par' dir='ltr' id='par_1_53' title="bbox 184 3686 945 3758">
     <span class='ocr_line' id='line_1_53' title="bbox 184 3686 945 3758; baseline 0.001 -18"><span class='ocrx_word' id='word_1_395' title='bbox 184 3696 484 3756; x_wconf 61' lang='lat' dir='ltr'><strong>prmsentes</strong></span> <span class='ocrx_word' id='word_1_396' title='bbox 509 3694 690 3741; x_wconf 90' lang='lat' dir='ltr'><strong>autem</strong></span> <span class='ocrx_word' id='word_1_397' title='bbox 715 3686 945 3758; x_wconf 87' lang='lat' dir='ltr'><strong>fugiunt.</strong></span> 
     </span>
    </p>
   </div>
   <div class='ocr_carea' id='block_1_54' title="bbox 249 3777 1782 3852">
    <p class='ocr_par' dir='ltr' id='par_1_54' title="bbox 249 3777 1782 3852">
     <span class='ocr_line' id='line_1_54' title="bbox 249 3777 1782 3852; baseline 0.005 -19"><span class='ocrx_word' id='word_1_398' title='bbox 249 3779 299 3833; x_wconf 84' lang='grc'><strong>’5.</strong></span> <span class='ocrx_word' id='word_1_399' title='bbox 331 3777 609 3851; x_wconf 77' lang='lat' dir='ltr'><strong>Fugiunt;</strong></span> <span class='ocrx_word' id='word_1_400' title='bbox 639 3789 831 3852; x_wconf 85' lang='lat' dir='ltr'><strong>quanta</strong></span> <span class='ocrx_word' id='word_1_401' title='bbox 862 3789 909 3834; x_wconf 90' lang='lat' dir='ltr'><strong>et</strong></span> <span class='ocrx_word' id='word_1_402' title='bbox 943 3791 1064 3849; x_wconf 89' lang='lat' dir='ltr'><strong>quot</strong></span> <span class='ocrx_word' id='word_1_403' title='bbox 1095 3797 1271 3834; x_wconf 88' lang='lat' dir='ltr'><strong>eorum</strong></span> <span class='ocrx_word' id='word_1_404' title='bbox 1311 3783 1550 3837; x_wconf 86' lang='lat' dir='ltr'><strong>crimina.</strong></span> <span class='ocrx_word' id='word_1_405' title='bbox 1579 3812 1650 3824; x_wconf 90' lang='lat'><strong>--</strong></span> <span class='ocrx_word' id='word_1_406' title='bbox 1677 3783 1782 3840; x_wconf 84' lang='lat' dir='ltr'><strong>Fu-</strong></span> 
     </span>
    </p>
   </div>
   <div class='ocr_carea' id='block_1_55' title="bbox 183 3871 1781 3948">
    <p class='ocr_par' dir='ltr' id='par_1_55' title="bbox 183 3871 1781 3948">
     <span class='ocr_line' id='line_1_55' title="bbox 183 3871 1781 3948; baseline 0.004 -22"><span class='ocrx_word' id='word_1_407' title='bbox 183 3884 362 3941; x_wconf 78' lang='lat' dir='ltr'><strong>gerunt</strong></span> <span class='ocrx_word' id='word_1_408' title='bbox 397 3873 584 3938; x_wconf 88' lang='lat' dir='ltr'><strong>enim,</strong></span> <span class='ocrx_word' id='word_1_409' title='bbox 635 3871 970 3928; x_wconf 76' lang='lat' dir='ltr'><strong>dilectissimi</strong></span> <span class='ocrx_word' id='word_1_410' title='bbox 999 3873 1238 3940; x_wconf 87' lang='lat' dir='ltr'><strong>Fratres,</strong></span> <span class='ocrx_word' id='word_1_411' title='bbox 1268 3890 1374 3930; x_wconf 90' lang='lat' dir='ltr'><strong>non</strong></span> <span class='ocrx_word' id='word_1_412' title='bbox 1417 3876 1592 3931; x_wconf 89' lang='lat' dir='ltr'><strong>solum</strong></span> <span class='ocrx_word' id='word_1_413' title='bbox 1623 3893 1781 3948; x_wconf 86' lang='lat' dir='ltr'><strong>prop-</strong></span> 
     </span>
    </p>
   </div>
   <div class='ocr_carea' id='block_1_56' title="bbox 249 4055 1780 4129">
    <p class='ocr_par' dir='ltr' id='par_1_56' title="bbox 249 4055 1780 4129">
     <span class='ocr_line' id='line_1_56' title="bbox 249 4055 1780 4129; baseline 0.002 -20"><span class='ocrx_word' id='word_1_414' title='bbox 249 4057 324 4129; x_wconf 75' lang='lat' dir='ltr'><strong>(a)</strong></span> <span class='ocrx_word' id='word_1_415' title='bbox 348 4057 589 4111; x_wconf 74' lang='lat' dir='ltr'><strong>Rursum</strong></span> <span class='ocrx_word' id='word_1_416' title='bbox 648 4055 745 4129; x_wconf 87' lang='lat' dir='ltr'><strong>hic</strong></span> <span class='ocrx_word' id='word_1_417' title='bbox 780 4055 1157 4129; x_wconf 85' lang='lat' dir='ltr'><strong>Theodoretus</strong></span> <span class='ocrx_word' id='word_1_418' title='bbox 1223 4056 1442 4126; x_wconf 84' lang='lat' dir='ltr'><strong>subjicit</strong></span> <span class='ocrx_word' id='word_1_419' title='bbox 1489 4057 1780 4125; x_wconf 83' lang='lat' dir='ltr'><strong>Asclepam,</strong></span> 
     </span>
    </p>
   </div>
   <div class='ocr_carea' id='block_1_57' title="bbox 185 4128 1776 4197">
    <p class='ocr_par' dir='ltr' id='par_1_57' title="bbox 185 4128 1776 4197">
     <span class='ocr_line' id='line_1_57' title="bbox 185 4128 1776 4197; baseline 0 -15"><span class='ocrx_word' id='word_1_420' title='bbox 185 4128 902 4183; x_wconf 77' lang='lat' dir='ltr'><strong>Athanasioc0nsentiente.</strong></span> <span class='ocrx_word' id='word_1_421' title='bbox 959 4128 1160 4183; x_wconf 81' lang='lat' dir='ltr'><strong>Deinde</strong></span> <span class='ocrx_word' id='word_1_422' title='bbox 1205 4144 1302 4196; x_wconf 88' lang='lat' dir='ltr'><strong>pro</strong></span> <span class='ocrx_word' id='word_1_423' title='bbox 1354 4141 1407 4182; x_wconf 88' lang='lat' dir='ltr'><strong>ut</strong></span> <span class='ocrx_word' id='word_1_424' title='bbox 1440 4131 1776 4197; x_wconf 83' lang='lat' dir='ltr'><strong>scripserunt,</strong></span> 
     </span>
    </p>
   </div>
   <div class='ocr_carea' id='block_1_58' title="bbox 183 4198 1541 4270">
    <p class='ocr_par' dir='ltr' id='par_1_58' title="bbox 183 4198 1541 4270">
     <span class='ocr_line' id='line_1_58' title="bbox 183 4198 1541 4270; baseline 0.001 -17"><span class='ocrx_word' id='word_1_425' title='bbox 183 4199 278 4269; x_wconf 82' lang='lat' dir='ltr'><strong>leg.</strong></span> <span class='ocrx_word' id='word_1_426' title='bbox 305 4211 351 4254; x_wconf 83' lang='lat' dir='ltr'><strong>et</strong></span> <span class='ocrx_word' id='word_1_427' title='bbox 379 4201 725 4265; x_wconf 79' lang='lat' dir='ltr'><strong>scripserunt,</strong></span> <span class='ocrx_word' id='word_1_428' title='bbox 755 4198 931 4267; x_wconf 88' lang='lat' dir='ltr'><strong>quasi,</strong></span> <span class='ocrx_word' id='word_1_429' title='bbox 966 4199 1171 4270; x_wconf 90' lang='lat' dir='ltr'><strong>pariter</strong></span> <span class='ocrx_word' id='word_1_430' title='bbox 1191 4199 1541 4268; x_wconf 86' lang='lat' dir='ltr'><strong>scripserunt.</strong></span> 
     </span>
    </p>
   </div>
   <div class='ocr_carea' id='block_1_59' title="bbox 249 4271 1784 4346">
    <p class='ocr_par' dir='ltr' id='par_1_59' title="bbox 249 4271 1784 4346">
     <span class='ocr_line' id='line_1_59' title="bbox 249 4271 1784 4346; baseline 0.002 -21"><span class='ocrx_word' id='word_1_431' title='bbox 249 4271 324 4346; x_wconf 11' lang='lat' dir='ltr'><strong>(lt),</strong></span> <span class='ocrx_word' id='word_1_432' title='bbox 351 4272 852 4346; x_wconf 23' lang='lat' dir='ltr'><strong>Qupd‘amanuensi</strong></span> <span class='ocrx_word' id='word_1_433' title='bbox 885 4273 953 4325; x_wconf 93' lang='lat' dir='ltr'><strong>0b</strong></span> <span class='ocrx_word' id='word_1_434' title='bbox 981 4272 1356 4346; x_wconf 79' lang='lat' dir='ltr'><strong>repetitionem</strong></span> <span class='ocrx_word' id='word_1_435' title='bbox 1390 4274 1534 4324; x_wconf 78' lang='lat' dir='ltr'><strong>vocis</strong></span> <span class='ocrx_word' id='word_1_436' title='bbox 1555 4273 1784 4346; x_wconf 81' lang='lat' dir='ltr'><strong>epismpi</strong></span> 
     </span>
    </p>
   </div>
   <div class='ocr_carea' id='block_1_60' title="bbox 183 4343 1783 4411">
    <p class='ocr_par' dir='ltr' id='par_1_60' title="bbox 183 4343 1783 4411">
     <span class='ocr_line' id='line_1_60' title="bbox 183 4343 1783 4411; baseline 0.002 -15"><span class='ocrx_word' id='word_1_437' title='bbox 183 4345 392 4408; x_wconf 71' lang='lat' dir='ltr'><strong>excidit,</strong></span> <span class='ocrx_word' id='word_1_438' title='bbox 424 4343 590 4397; x_wconf 84' lang='lat' dir='ltr'><strong>facile</strong></span> <span class='ocrx_word' id='word_1_439' title='bbox 617 4343 697 4396; x_wconf 89' lang='lat' dir='ltr'><strong>sic</strong></span> <span class='ocrx_word' id='word_1_440' title='bbox 725 4352 905 4410; x_wconf 86' lang='lat' dir='ltr'><strong>potest</strong></span> <span class='ocrx_word' id='word_1_441' title='bbox 931 4343 1170 4410; x_wconf 89' lang='lat' dir='ltr'><strong>suppleri</strong></span> <span class='ocrx_word' id='word_1_442' title='bbox 1198 4361 1210 4394; x_wconf 91' lang='lat'><strong>:</strong></span> <span class='ocrx_word' id='word_1_443' title='bbox 1244 4344 1560 4411; x_wconf 78' lang='lat' dir='ltr'><strong>scripserunt</strong></span> <span class='ocrx_word' id='word_1_444' title='bbox 1581 4343 1645 4398; x_wconf 72' lang='lat' dir='ltr'><strong>ex</strong></span> <span class='ocrx_word' id='word_1_445' title='bbox 1664 4343 1783 4400; x_wconf 79' lang='lat' dir='ltr'><strong>aliis</strong></span> 
     </span>
    </p>
   </div>
   <div class='ocr_carea' id='block_1_61' title="bbox 183 4415 1785 4486">
    <p class='ocr_par' dir='ltr' id='par_1_61' title="bbox 183 4415 1785 4486">
     <span class='ocr_line' id='line_1_61' title="bbox 183 4415 1785 4486; baseline 0.002 -19"><span class='ocrx_word' id='word_1_446' title='bbox 183 4415 299 4469; x_wconf 88' lang='lat' dir='ltr'><strong>locis</strong></span> <span class='ocrx_word' id='word_1_447' title='bbox 342 4415 596 4486; x_wconf 74' lang='lat' dir='ltr'><strong>episcopi.</strong></span> <span class='ocrx_word' id='word_1_448' title='bbox 643 4423 981 4468; x_wconf 80' lang='lat' dir='ltr'><strong>cvnlestantes</strong></span> <span class='ocrx_word' id='word_1_449' title='bbox 1013 4417 1115 4484; x_wconf 88' lang='lat' dir='ltr'><strong>(vel</strong></span> <span class='ocrx_word' id='word_1_450' title='bbox 1147 4425 1198 4467; x_wconf 88' lang='lat' dir='ltr'><strong>ut</strong></span> <span class='ocrx_word' id='word_1_451' title='bbox 1226 4418 1654 4486; x_wconf 78' lang='lat' dir='ltr'><strong>contestarentur)</strong></span> <span class='ocrx_word' id='word_1_452' title='bbox 1705 4418 1785 4471; x_wconf 87' lang='lat' dir='ltr'><strong>in-</strong></span> 
     </span>
    </p>
   </div>
   <div class='ocr_carea' id='block_1_62' title="bbox 185 4485 1779 4551">
    <p class='ocr_par' dir='ltr' id='par_1_62' title="bbox 185 4485 1779 4551">
     <span class='ocr_line' id='line_1_62' title="bbox 185 4485 1779 4551; baseline 0.004 -14"><span class='ocrx_word' id='word_1_453' title='bbox 185 4488 470 4540; x_wconf 83' lang='lat' dir='ltr'><strong>nocentiam</strong></span> <span class='ocrx_word' id='word_1_454' title='bbox 494 4485 766 4540; x_wconf 78' lang='lat' dir='ltr'><strong>Athanasii</strong></span> <span class='ocrx_word' id='word_1_455' title='bbox 795 4486 1080 4551; x_wconf 81' lang='lat' dir='ltr'><strong>coepiscopi</strong></span> <span class='ocrx_word' id='word_1_456' title='bbox 1102 4488 1280 4551; x_wconf 90' lang='lat' dir='ltr'><strong>nostri,</strong></span> <span class='ocrx_word' id='word_1_457' title='bbox 1313 4503 1427 4551; x_wconf 76' lang='lat' dir='ltr'><strong>qua:</strong></span> <span class='ocrx_word' id='word_1_458' title='bbox 1453 4485 1644 4551; x_wconf 68' lang='lat' dir='ltr'><strong>autem,</strong></span> <span class='ocrx_word' id='word_1_459' title='bbox 1675 4496 1779 4544; x_wconf 80' lang='lat' dir='ltr'><strong>etc.</strong></span> 
     </span>
    </p>
   </div>
   <div class='ocr_carea' id='block_1_63' title="bbox 251 4556 1776 4630">
    <p class='ocr_par' dir='ltr' id='par_1_63' title="bbox 251 4556 1776 4630">
     <span class='ocr_line' id='line_1_63' title="bbox 251 4556 1776 4630; baseline 0 -18"><span class='ocrx_word' id='word_1_460' title='bbox 251 4560 319 4628; x_wconf 73' lang='grc' dir='ltr'><strong>(ε)</strong></span> <span class='ocrx_word' id='word_1_461' title='bbox 373 4558 533 4630; x_wconf 67' lang='lat' dir='ltr'><strong>Apud</strong></span> <span class='ocrx_word' id='word_1_462' title='bbox 587 4556 1009 4630; x_wconf 66' lang='lat' dir='ltr'><strong>Theodori-tum.</strong></span> <span class='ocrx_word' id='word_1_463' title='bbox 1066 4557 1131 4610; x_wconf 86' lang='lat' dir='ltr'><strong>Et</strong></span> <span class='ocrx_word' id='word_1_464' title='bbox 1161 4558 1391 4624; x_wconf 82' lang='lat' dir='ltr'><strong>quamvis</strong></span> <span class='ocrx_word' id='word_1_465' title='bbox 1421 4575 1481 4612; x_wconf 81' lang='lat' dir='ltr'><strong>ea:</strong></span> <span class='ocrx_word' id='word_1_466' title='bbox 1510 4576 1590 4630; x_wconf 88' lang='lat' dir='ltr'><strong>eo,</strong></span> <span class='ocrx_word' id='word_1_467' title='bbox 1638 4565 1776 4630; x_wconf 86' lang='lat' dir='ltr'><strong>quod</strong></span> 
     </span>
    </p>
   </div>
   <div class='ocr_carea' id='block_1_64' title="bbox 1893 1913 3492 1991">
    <p class='ocr_par' dir='ltr' id='par_1_64' title="bbox 1893 1913 3492 1991">
     <span class='ocr_line' id='line_1_64' title="bbox 1893 1913 3492 1991; baseline -0.002 -19"><span class='ocrx_word' id='word_1_468' title='bbox 1893 1917 1964 1991; x_wconf 86' lang='lat' dir='ltr'><strong>(j)</strong></span> <span class='ocrx_word' id='word_1_469' title='bbox 2014 1916 2325 1972; x_wconf 75' lang='lat' dir='ltr'><strong>Theodulus</strong></span> <span class='ocrx_word' id='word_1_470' title='bbox 2352 1915 2562 1987; x_wconf 87' lang='lat' dir='ltr'><strong>fugiens</strong></span> <span class='ocrx_word' id='word_1_471' title='bbox 2590 1917 2826 1986; x_wconf 89' lang='lat' dir='ltr'><strong>ipsorum</strong></span> <span class='ocrx_word' id='word_1_472' title='bbox 2850 1913 3268 1970; x_wconf 86' lang='lat' dir='ltr'><strong>infestationem.</strong></span> <span class='ocrx_word' id='word_1_473' title='bbox 3300 1913 3492 1969; x_wconf 85' lang='lat' dir='ltr'><strong>Jussus</strong></span> 
     </span>
    </p>
   </div>
   <div class='ocr_carea' id='block_1_65' title="bbox 1892 2006 3488 2078">
    <p class='ocr_par' dir='ltr' id='par_1_65' title="bbox 1892 2006 3488 2078">
     <span class='ocr_line' id='line_1_65' title="bbox 1892 2006 3488 2078; baseline -0.002 -14"><span class='ocrx_word' id='word_1_474' title='bbox 1892 2021 1969 2064; x_wconf 87' lang='lat' dir='ltr'><strong>est</strong></span> <span class='ocrx_word' id='word_1_475' title='bbox 1999 2010 2142 2063; x_wconf 89' lang='lat' dir='ltr'><strong>enim</strong></span> <span class='ocrx_word' id='word_1_476' title='bbox 2177 2025 2241 2062; x_wconf 83' lang='lat' dir='ltr'><strong>cx</strong></span> <span class='ocrx_word' id='word_1_477' title='bbox 2269 2010 2506 2078; x_wconf 81' lang='lat' dir='ltr'><strong>ipSnrum</strong></span> <span class='ocrx_word' id='word_1_478' title='bbox 2539 2008 2940 2063; x_wconf 88' lang='lat' dir='ltr'><strong>insimulatione</strong></span> <span class='ocrx_word' id='word_1_479' title='bbox 2981 2007 3140 2062; x_wconf 92' lang='lat' dir='ltr'><strong>mori.</strong></span> <span class='ocrx_word' id='word_1_480' title='bbox 3177 2006 3276 2062; x_wconf 84' lang='lat' dir='ltr'><strong>Alii</strong></span> <span class='ocrx_word' id='word_1_481' title='bbox 3308 2016 3488 2062; x_wconf 89' lang='lat' dir='ltr'><strong>autem</strong></span> 
     </span>
    </p>
   </div>
   <div class='ocr_carea' id='block_1_66' title="bbox 1889 2101 3484 2174">
    <p class='ocr_par' dir='ltr' id='par_1_66' title="bbox 1889 2101 3484 2174">
     <span class='ocr_line' id='line_1_66' title="bbox 1889 2101 3484 2174; baseline 0 -17"><span class='ocrx_word' id='word_1_482' title='bbox 1889 2103 2189 2173; x_wconf 82' lang='lat' dir='ltr'><strong>gladiorum</strong></span> <span class='ocrx_word' id='word_1_483' title='bbox 2223 2105 2394 2174; x_wconf 88' lang='lat' dir='ltr'><strong>signa,</strong></span> <span class='ocrx_word' id='word_1_484' title='bbox 2442 2104 2626 2174; x_wconf 81' lang='lat' dir='ltr'><strong>plagas</strong></span> <span class='ocrx_word' id='word_1_485' title='bbox 2674 2112 2730 2156; x_wconf 86' lang='lat' dir='ltr'><strong>et</strong></span> <span class='ocrx_word' id='word_1_486' title='bbox 2765 2101 3051 2158; x_wconf 89' lang='lat' dir='ltr'><strong>cicatrices</strong></span> <span class='ocrx_word' id='word_1_487' title='bbox 3099 2101 3484 2157; x_wconf 82' lang='lat' dir='ltr'><strong>ostendebant.</strong></span> 
     </span>
    </p>
   </div>
   <div class='ocr_carea' id='block_1_67' title="bbox 1889 2196 3491 2268">
    <p class='ocr_par' dir='ltr' id='par_1_67' title="bbox 1889 2196 3491 2268">
     <span class='ocr_line' id='line_1_67' title="bbox 1889 2196 3491 2268; baseline -0.001 -16"><span class='ocrx_word' id='word_1_488' title='bbox 1889 2197 1994 2252; x_wconf 82' lang='lat' dir='ltr'><strong>Alii</strong></span> <span class='ocrx_word' id='word_1_489' title='bbox 2027 2213 2086 2252; x_wconf 89' lang='lat' dir='ltr'><strong>se</strong></span> <span class='ocrx_word' id='word_1_490' title='bbox 2119 2197 2260 2252; x_wconf 90' lang='lat' dir='ltr'><strong>fame</strong></span> <span class='ocrx_word' id='word_1_491' title='bbox 2301 2199 2366 2252; x_wconf 90' lang='lat' dir='ltr'><strong>ab</strong></span> <span class='ocrx_word' id='word_1_492' title='bbox 2414 2198 2544 2267; x_wconf 86' lang='lat' dir='ltr'><strong>ipsis</strong></span> <span class='ocrx_word' id='word_1_493' title='bbox 2593 2197 2932 2254; x_wconf 80' lang='lat' dir='ltr'><strong>excruciatos</strong></span> <span class='ocrx_word' id='word_1_494' title='bbox 2986 2197 3370 2268; x_wconf 90' lang='lat' dir='ltr'><strong>querebantur.</strong></span> <span class='ocrx_word' id='word_1_495' title='bbox 3423 2196 3491 2251; x_wconf 88' lang='lat' dir='ltr'><strong>Et</strong></span> 
     </span>
    </p>
   </div>
   <div class='ocr_carea' id='block_1_68' title="bbox 1892 2287 3491 2357">
    <p class='ocr_par' dir='ltr' id='par_1_68' title="bbox 1892 2287 3491 2357">
     <span class='ocr_line' id='line_1_68' title="bbox 1892 2287 3491 2357; baseline -0.002 -12"><span class='ocrx_word' id='word_1_496' title='bbox 1892 2289 2009 2347; x_wconf 65' lang='lat' dir='ltr'><strong>haec</strong></span> <span class='ocrx_word' id='word_1_497' title='bbox 2033 2306 2138 2345; x_wconf 90' lang='lat' dir='ltr'><strong>non</strong></span> <span class='ocrx_word' id='word_1_498' title='bbox 2164 2289 2427 2357; x_wconf 83' lang='lat' dir='ltr'><strong>ignobiles</strong></span> <span class='ocrx_word' id='word_1_499' title='bbox 2467 2289 2894 2344; x_wconf 84' lang='lat' dir='ltr'><strong>testificabantnr</strong></span> <span class='ocrx_word' id='word_1_500' title='bbox 2920 2288 3019 2344; x_wconf 91' lang='lat' dir='ltr'><strong>viri</strong></span> <span class='ocrx_word' id='word_1_501' title='bbox 3055 2307 3067 2341; x_wconf 89' lang='lat'><strong>:</strong></span> <span class='ocrx_word' id='word_1_502' title='bbox 3101 2287 3194 2343; x_wconf 89' lang='lat' dir='ltr'><strong>sed</strong></span> <span class='ocrx_word' id='word_1_503' title='bbox 3216 2288 3284 2343; x_wconf 91' lang='lat' dir='ltr'><strong>de</strong></span> <span class='ocrx_word' id='word_1_504' title='bbox 3314 2289 3491 2344; x_wconf 88' lang='lat' dir='ltr'><strong>eccle-</strong></span> 
     </span>
    </p>
   </div>
   <div class='ocr_carea' id='block_1_69' title="bbox 1889 2382 3486 2454">
    <p class='ocr_par' dir='ltr' id='par_1_69' title="bbox 1889 2382 3486 2454">
     <span class='ocr_line' id='line_1_69' title="bbox 1889 2382 3486 2454; baseline 0.001 -17"><span class='ocrx_word' id='word_1_505' title='bbox 1889 2383 1983 2438; x_wconf 81' lang='lat' dir='ltr'><strong>siis</strong></span> <span class='ocrx_word' id='word_1_506' title='bbox 2013 2382 2265 2437; x_wconf 89' lang='lat' dir='ltr'><strong>omnibus</strong></span> <span class='ocrx_word' id='word_1_507' title='bbox 2295 2382 2478 2448; x_wconf 88' lang='lat' dir='ltr'><strong>electi,</strong></span> <span class='ocrx_word' id='word_1_508' title='bbox 2529 2389 2752 2454; x_wconf 87' lang='lat' dir='ltr'><strong>propter</strong></span> <span class='ocrx_word' id='word_1_509' title='bbox 2777 2398 2911 2454; x_wconf 91' lang='lat' dir='ltr'><strong>quas</strong></span> <span class='ocrx_word' id='word_1_510' title='bbox 2947 2385 3049 2438; x_wconf 92' lang='lat' dir='ltr'><strong>huc</strong></span> <span class='ocrx_word' id='word_1_511' title='bbox 3073 2393 3445 2438; x_wconf 80' lang='lat' dir='ltr'><strong>convenerunt</strong></span> <span class='ocrx_word' id='word_1_512' title='bbox 3470 2425 3486 2450; x_wconf 95' lang='lat'><strong>,</strong></span> 
     </span>
    </p>
   </div>
   <div class='ocr_carea' id='block_1_70' title="bbox 1892 2475 3488 2547">
    <p class='ocr_par' dir='ltr' id='par_1_70' title="bbox 1892 2475 3488 2547">
     <span class='ocr_line' id='line_1_70' title="bbox 1892 2475 3488 2547; baseline 0 -17"><span class='ocrx_word' id='word_1_513' title='bbox 1892 2490 1980 2532; x_wconf 88' lang='lat' dir='ltr'><strong>res</strong></span> <span class='ocrx_word' id='word_1_514' title='bbox 2011 2483 2193 2546; x_wconf 87' lang='lat' dir='ltr'><strong>gestas</strong></span> <span class='ocrx_word' id='word_1_515' title='bbox 2223 2475 2543 2538; x_wconf 84' lang='lat' dir='ltr'><strong>educebant.</strong></span> <span class='ocrx_word' id='word_1_516' title='bbox 2582 2476 2782 2531; x_wconf 86' lang='lat' dir='ltr'><strong>milites</strong></span> <span class='ocrx_word' id='word_1_517' title='bbox 2806 2485 3067 2543; x_wconf 87' lang='lat' dir='ltr'><strong>armatos,</strong></span> <span class='ocrx_word' id='word_1_518' title='bbox 3115 2476 3340 2547; x_wconf 91' lang='lat' dir='ltr'><strong>populos</strong></span> <span class='ocrx_word' id='word_1_519' title='bbox 3365 2491 3488 2532; x_wconf 91' lang='lat' dir='ltr'><strong>cum</strong></span> 
     </span>
    </p>
   </div>
   <div class='ocr_carea' id='block_1_71' title="bbox 1890 2568 3492 2640">
    <p class='ocr_par' dir='ltr' id='par_1_71' title="bbox 1890 2568 3492 2640">
     <span class='ocr_line' id='line_1_71' title="bbox 1890 2568 3492 2640; baseline -0.002 -16"><span class='ocrx_word' id='word_1_520' title='bbox 1890 2570 2142 2636; x_wconf 85' lang='lat' dir='ltr'><strong>fustibus,</strong></span> <span class='ocrx_word' id='word_1_521' title='bbox 2165 2569 2411 2624; x_wconf 68' lang='lat' dir='ltr'><strong>Iudicum</strong></span> <span class='ocrx_word' id='word_1_522' title='bbox 2441 2571 2631 2633; x_wconf 83' lang='lat' dir='ltr'><strong>minas,</strong></span> <span class='ocrx_word' id='word_1_523' title='bbox 2655 2569 2905 2624; x_wconf 83' lang='lat' dir='ltr'><strong>falsarqu</strong></span> <span class='ocrx_word' id='word_1_524' title='bbox 2944 2570 3243 2625; x_wconf 87' lang='lat' dir='ltr'><strong>litterarum</strong></span> <span class='ocrx_word' id='word_1_525' title='bbox 3263 2568 3340 2640; x_wconf 70' lang='grc' dir='ltr'><strong>(Ις)</strong></span> <span class='ocrx_word' id='word_1_526' title='bbox 3365 2583 3492 2638; x_wconf 86' lang='lat' dir='ltr'><strong>sup-</strong></span> 
     </span>
    </p>
   </div>
   <div class='ocr_carea' id='block_1_72' title="bbox 1889 2662 3490 2735">
    <p class='ocr_par' dir='ltr' id='par_1_72' title="bbox 1889 2662 3490 2735">
     <span class='ocr_line' id='line_1_72' title="bbox 1889 2662 3490 2735; baseline -0.002 -16"><span class='ocrx_word' id='word_1_527' title='bbox 1889 2667 2205 2735; x_wconf 88' lang='lat' dir='ltr'><strong>positiones.</strong></span> <span class='ocrx_word' id='word_1_528' title='bbox 2254 2665 2430 2720; x_wconf 79' lang='lat' dir='ltr'><strong>Lectze</strong></span> <span class='ocrx_word' id='word_1_529' title='bbox 2483 2675 2606 2719; x_wconf 91' lang='lat' dir='ltr'><strong>sunt</strong></span> <span class='ocrx_word' id='word_1_530' title='bbox 2651 2666 2791 2718; x_wconf 89' lang='lat' dir='ltr'><strong>enim</strong></span> <span class='ocrx_word' id='word_1_531' title='bbox 2845 2664 3040 2720; x_wconf 74' lang='lat' dir='ltr'><strong>littera:</strong></span> <span class='ocrx_word' id='word_1_532' title='bbox 3078 2662 3490 2719; x_wconf 67' lang='lat' dir='ltr'><strong>factaeaTheo-</strong></span> 
     </span>
    </p>
   </div>
   <div class='ocr_carea' id='block_1_73' title="bbox 1887 2755 3492 2830">
    <p class='ocr_par' dir='ltr' id='par_1_73' title="bbox 1887 2755 3492 2830">
     <span class='ocr_line' id='line_1_73' title="bbox 1887 2755 3492 2830; baseline -0.002 -18"><span class='ocrx_word' id='word_1_533' title='bbox 1887 2760 2042 2830; x_wconf 89' lang='lat' dir='ltr'><strong>gnito</strong></span> <span class='ocrx_word' id='word_1_534' title='bbox 2074 2758 2224 2813; x_wconf 80' lang='lat' dir='ltr'><strong>falste</strong></span> <span class='ocrx_word' id='word_1_535' title='bbox 2271 2759 2556 2813; x_wconf 84' lang='lat' dir='ltr'><strong>adversum</strong></span> <span class='ocrx_word' id='word_1_536' title='bbox 2601 2758 2954 2827; x_wconf 89' lang='lat' dir='ltr'><strong>coepiscopos</strong></span> <span class='ocrx_word' id='word_1_537' title='bbox 2995 2766 3212 2812; x_wconf 82' lang='lat' dir='ltr'><strong>uestros</strong></span> <span class='ocrx_word' id='word_1_538' title='bbox 3254 2755 3492 2811; x_wconf 85' lang='lat' dir='ltr'><strong>Athana-</strong></span> 
     </span>
    </p>
   </div>
   <div class='ocr_carea' id='block_1_74' title="bbox 1887 2850 3490 2922">
    <p class='ocr_par' dir='ltr' id='par_1_74' title="bbox 1887 2850 3490 2922">
     <span class='ocr_line' id='line_1_74' title="bbox 1887 2850 3490 2922; baseline -0.002 -14"><span class='ocrx_word' id='word_1_539' title='bbox 1887 2853 2025 2908; x_wconf 90' lang='lat' dir='ltr'><strong>sium</strong></span> <span class='ocrx_word' id='word_1_540' title='bbox 2058 2860 2113 2907; x_wconf 92' lang='lat' dir='ltr'><strong>et</strong></span> <span class='ocrx_word' id='word_1_541' title='bbox 2141 2851 2450 2907; x_wconf 82' lang='lat' dir='ltr'><strong>Marcellum</strong></span> <span class='ocrx_word' id='word_1_542' title='bbox 2485 2853 2579 2922; x_wconf 83' lang='grc' dir='ltr'><strong>(Ι),</strong></span> <span class='ocrx_word' id='word_1_543' title='bbox 2628 2865 2683 2906; x_wconf 91' lang='grc' dir='ltr'><strong>ιιι</strong></span> <span class='ocrx_word' id='word_1_544' title='bbox 2710 2862 2765 2907; x_wconf 88' lang='lat' dir='ltr'><strong>et</strong></span> <span class='ocrx_word' id='word_1_545' title='bbox 2793 2853 3089 2922; x_wconf 89' lang='lat' dir='ltr'><strong>imperator</strong></span> <span class='ocrx_word' id='word_1_546' title='bbox 3119 2850 3378 2906; x_wconf 88' lang='lat' dir='ltr'><strong>adversus</strong></span> <span class='ocrx_word' id='word_1_547' title='bbox 3407 2851 3490 2920; x_wconf 83' lang='lat' dir='ltr'><strong>ip-</strong></span> 
     </span>
    </p>
   </div>
   <div class='ocr_carea' id='block_1_75' title="bbox 1890 2943 3491 3013">
    <p class='ocr_par' dir='ltr' id='par_1_75' title="bbox 1890 2943 3491 3013">
     <span class='ocr_line' id='line_1_75' title="bbox 1890 2943 3491 3013; baseline -0.002 -13"><span class='ocrx_word' id='word_1_548' title='bbox 1890 2959 1980 3000; x_wconf 85' lang='lat' dir='ltr'><strong>sns</strong></span> <span class='ocrx_word' id='word_1_549' title='bbox 2007 2955 2461 3000; x_wconf 88' lang='lat' dir='ltr'><strong>commoveretur.</strong></span> <span class='ocrx_word' id='word_1_550' title='bbox 2495 2944 2561 2998; x_wconf 86' lang='lat' dir='ltr'><strong>Et</strong></span> <span class='ocrx_word' id='word_1_551' title='bbox 2591 2943 2706 2999; x_wconf 71' lang='grc' dir='ltr'><strong>ιιωο</strong></span> <span class='ocrx_word' id='word_1_552' title='bbox 2735 2943 3126 2998; x_wconf 87' lang='lat' dir='ltr'><strong>convincebant</strong></span> <span class='ocrx_word' id='word_1_553' title='bbox 3152 2944 3204 3007; x_wconf 92' lang='lat' dir='ltr'><strong>ii,</strong></span> <span class='ocrx_word' id='word_1_554' title='bbox 3250 2943 3339 3013; x_wconf 88' lang='lat' dir='ltr'><strong>qui</strong></span> <span class='ocrx_word' id='word_1_555' title='bbox 3366 2952 3491 2997; x_wconf 91' lang='lat' dir='ltr'><strong>tunc</strong></span> 
     </span>
    </p>
   </div>
   <div class='ocr_carea' id='block_1_76' title="bbox 1889 3035 3487 3109">
    <p class='ocr_par' dir='ltr' id='par_1_76' title="bbox 1889 3035 3487 3109">
     <span class='ocr_line' id='line_1_76' title="bbox 1889 3035 3487 3109; baseline -0.002 -16"><span class='ocrx_word' id='word_1_556' title='bbox 1889 3038 2058 3108; x_wconf 90' lang='lat' dir='ltr'><strong>ipsius</strong></span> <span class='ocrx_word' id='word_1_557' title='bbox 2085 3037 2370 3109; x_wconf 91' lang='lat' dir='ltr'><strong>Theogniti</strong></span> <span class='ocrx_word' id='word_1_558' title='bbox 2413 3037 2670 3093; x_wconf 89' lang='lat' dir='ltr'><strong>diacones</strong></span> <span class='ocrx_word' id='word_1_559' title='bbox 2704 3038 2942 3091; x_wconf 88' lang='lat' dir='ltr'><strong>fuerunt.</strong></span> <span class='ocrx_word' id='word_1_560' title='bbox 2971 3037 3048 3092; x_wconf 89' lang='lat' dir='ltr'><strong>Ad</strong></span> <span class='ocrx_word' id='word_1_561' title='bbox 3075 3038 3188 3090; x_wconf 68' lang='lat' dir='ltr'><strong>haec</strong></span> <span class='ocrx_word' id='word_1_562' title='bbox 3220 3035 3487 3105; x_wconf 81' lang='lat' dir='ltr'><strong>virginqu</strong></span> 
     </span>
    </p>
   </div>
   <div class='ocr_carea' id='block_1_77' title="bbox 1891 3127 3487 3197">
    <p class='ocr_par' dir='ltr' id='par_1_77' title="bbox 1891 3127 3487 3197">
     <span class='ocr_line' id='line_1_77' title="bbox 1891 3127 3487 3197; baseline -0.002 -11"><span class='ocrx_word' id='word_1_563' title='bbox 1891 3131 2211 3186; x_wconf 86' lang='lat' dir='ltr'><strong>nudationes</strong></span> <span class='ocrx_word' id='word_1_564' title='bbox 2235 3173 2248 3197; x_wconf 94' lang='lat'><strong>,</strong></span> <span class='ocrx_word' id='word_1_565' title='bbox 2297 3131 2541 3186; x_wconf 84' lang='lat' dir='ltr'><strong>incendia</strong></span> <span class='ocrx_word' id='word_1_566' title='bbox 2587 3130 2976 3196; x_wconf 86' lang='lat' dir='ltr'><strong>ecclesiarum,</strong></span> <span class='ocrx_word' id='word_1_567' title='bbox 3009 3143 3259 3184; x_wconf 88' lang='lat' dir='ltr'><strong>carceres</strong></span> <span class='ocrx_word' id='word_1_568' title='bbox 3291 3127 3487 3183; x_wconf 88' lang='lat' dir='ltr'><strong>adver-</strong></span> 
     </span>
    </p>
   </div>
   <div class='ocr_carea' id='block_1_78' title="bbox 2541 3221 3485 3292">
    <p class='ocr_par' dir='ltr' id='par_1_78' title="bbox 2541 3221 3485 3292">
     <span class='ocr_line' id='line_1_78' title="bbox 2541 3221 3485 3292; baseline -0.004 -12"><span class='ocrx_word' id='word_1_569' title='bbox 2541 3237 2593 3280; x_wconf 91' lang='lat' dir='ltr'><strong>et</strong></span> <span class='ocrx_word' id='word_1_570' title='bbox 2626 3225 2741 3280; x_wconf 59' lang='lat' dir='ltr'><strong>haec</strong></span> <span class='ocrx_word' id='word_1_571' title='bbox 2771 3223 2948 3279; x_wconf 88' lang='lat' dir='ltr'><strong>omnia</strong></span> <span class='ocrx_word' id='word_1_572' title='bbox 2995 3231 3214 3292; x_wconf 87' lang='lat' dir='ltr'><strong>propter</strong></span> <span class='ocrx_word' id='word_1_573' title='bbox 3247 3221 3485 3291; x_wconf 89' lang='lat' dir='ltr'><strong>iniquam</strong></span> 
     </span>
    </p>
   </div>
   <div class='ocr_carea' id='block_1_79' title="bbox 1886 3313 3486 3390">
    <p class='ocr_par' dir='ltr' id='par_1_79' title="bbox 1886 3313 3486 3390">
     <span class='ocr_line' id='line_1_79' title="bbox 1886 3313 3486 3390; baseline -0.003 -16"><span class='ocrx_word' id='word_1_574' title='bbox 1886 3330 2052 3390; x_wconf 90' lang='lat' dir='ltr'><strong>atque</strong></span> <span class='ocrx_word' id='word_1_575' title='bbox 2100 3318 2491 3375; x_wconf 85' lang='lat' dir='ltr'><strong>exsecrabilem</strong></span> <span class='ocrx_word' id='word_1_576' title='bbox 2544 3316 2795 3374; x_wconf 87' lang='lat' dir='ltr'><strong>haeresim</strong></span> <span class='ocrx_word' id='word_1_577' title='bbox 2859 3317 3336 3372; x_wconf 75' lang='lat' dir='ltr'><strong>Arioiuanitarum.</strong></span> <span class='ocrx_word' id='word_1_578' title='bbox 3382 3313 3486 3383; x_wconf 87' lang='lat' dir='ltr'><strong>Qui</strong></span> 
     </span>
    </p>
   </div>
   <div class='ocr_carea' id='block_1_80' title="bbox 1885 3409 3486 3476">
    <p class='ocr_par' dir='ltr' id='par_1_80' title="bbox 1885 3409 3486 3476">
     <span class='ocr_line' id='line_1_80' title="bbox 1885 3409 3486 3476; baseline -0.002 -8"><span class='ocrx_word' id='word_1_579' title='bbox 1885 3413 2029 3469; x_wconf 92' lang='lat' dir='ltr'><strong>enim</strong></span> <span class='ocrx_word' id='word_1_580' title='bbox 2067 3413 2431 3468; x_wconf 91' lang='lat' dir='ltr'><strong>communioni</strong></span> <span class='ocrx_word' id='word_1_581' title='bbox 2483 3426 2670 3468; x_wconf 92' lang='lat' dir='ltr'><strong>eorum</strong></span> <span class='ocrx_word' id='word_1_582' title='bbox 2717 3411 3126 3476; x_wconf 87' lang='lat' dir='ltr'><strong>renuntiabant,</strong></span> <span class='ocrx_word' id='word_1_583' title='bbox 3163 3409 3486 3464; x_wconf 81' lang='lat' dir='ltr'><strong>neceSsitate</strong></span> 
     </span>
    </p>
   </div>
   <div class='ocr_carea' id='block_1_81' title="bbox 1886 3503 3136 3578">
    <p class='ocr_par' dir='ltr' id='par_1_81' title="bbox 1886 3503 3136 3578">
     <span class='ocr_line' id='line_1_81' title="bbox 1886 3503 3136 3578; baseline -0.002 -18"><span class='ocrx_word' id='word_1_584' title='bbox 1886 3507 2226 3578; x_wconf 89' lang='lat' dir='ltr'><strong>patiebantur</strong></span> <span class='ocrx_word' id='word_1_585' title='bbox 2255 3505 2319 3578; x_wconf 72' lang='grc' dir='ltr'><strong>(ι’.</strong></span> <span class='ocrx_word' id='word_1_586' title='bbox 2350 3503 2704 3576; x_wconf 85' lang='lat' dir='ltr'><strong>cogebantur)</strong></span> <span class='ocrx_word' id='word_1_587' title='bbox 2738 3505 2835 3559; x_wconf 87' lang='lat' dir='ltr'><strong>ista</strong></span> <span class='ocrx_word' id='word_1_588' title='bbox 2881 3506 3136 3559; x_wconf 81' lang='lat' dir='ltr'><strong>tolerare.</strong></span> 
     </span>
    </p>
   </div>
   <div class='ocr_carea' id='block_1_82' title="bbox 1955 3597 3488 3673">
    <p class='ocr_par' dir='ltr' id='par_1_82' title="bbox 1955 3597 3488 3673">
     <span class='ocr_line' id='line_1_82' title="bbox 1955 3597 3488 3673; baseline -0.003 -17"><span class='ocrx_word' id='word_1_589' title='bbox 1955 3603 2008 3656; x_wconf 75' lang='lat'><strong>4.</strong></span> <span class='ocrx_word' id='word_1_590' title='bbox 2060 3600 2336 3656; x_wconf 86' lang='lat' dir='ltr'><strong>Sardicam</strong></span> <span class='ocrx_word' id='word_1_591' title='bbox 2399 3599 2617 3673; x_wconf 85' lang='lat' dir='ltr'><strong>ingressi</strong></span> <span class='ocrx_word' id='word_1_592' title='bbox 2663 3599 3078 3654; x_wconf 77' lang='lat' dir='ltr'><strong>adversariorum</strong></span> <span class='ocrx_word' id='word_1_593' title='bbox 3145 3597 3488 3670; x_wconf 75' lang='lat' dir='ltr'><strong>reformidant</strong></span> 
     </span>
    </p>
   </div>
   <div class='ocr_carea' id='block_1_83' title="bbox 1887 3691 3485 3764">
    <p class='ocr_par' dir='ltr' id='par_1_83' title="bbox 1887 3691 3485 3764">
     <span class='ocr_line' id='line_1_83' title="bbox 1887 3691 3485 3764; baseline -0.001 -16"><span class='ocrx_word' id='word_1_594' title='bbox 1887 3694 2234 3764; x_wconf 71' lang='lat' dir='ltr'><strong>prazsentiam.</strong></span> <span class='ocrx_word' id='word_1_595' title='bbox 2263 3724 2334 3734; x_wconf 94' lang='lat'><strong>—</strong></span> <span class='ocrx_word' id='word_1_596' title='bbox 2366 3693 2488 3748; x_wconf 63' lang='lat' dir='ltr'><strong>Herc</strong></span> <span class='ocrx_word' id='word_1_597' title='bbox 2512 3694 2672 3764; x_wconf 89' lang='lat' dir='ltr'><strong>igitur</strong></span> <span class='ocrx_word' id='word_1_598' title='bbox 2693 3691 3104 3747; x_wconf 88' lang='lat' dir='ltr'><strong>considerantes</strong></span> <span class='ocrx_word' id='word_1_599' title='bbox 3127 3734 3142 3757; x_wconf 90' lang='lat'><strong>,</strong></span> <span class='ocrx_word' id='word_1_600' title='bbox 3174 3693 3224 3744; x_wconf 91' lang='lat' dir='ltr'><strong>in</strong></span> <span class='ocrx_word' id='word_1_601' title='bbox 3253 3702 3485 3758; x_wconf 83' lang='lat' dir='ltr'><strong>angusto</strong></span> 
     </span>
    </p>
   </div>
   <div class='ocr_carea' id='block_1_84' title="bbox 1890 3782 3482 3856">
    <p class='ocr_par' dir='ltr' id='par_1_84' title="bbox 1890 3782 3482 3856">
     <span class='ocr_line' id='line_1_84' title="bbox 1890 3782 3482 3856; baseline -0.003 -15"><span class='ocrx_word' id='word_1_602' title='bbox 1890 3801 1947 3841; x_wconf 86' lang='lat' dir='ltr'><strong>se</strong></span> <span class='ocrx_word' id='word_1_603' title='bbox 1979 3787 2147 3841; x_wconf 89' lang='lat' dir='ltr'><strong>teneri</strong></span> <span class='ocrx_word' id='word_1_604' title='bbox 2179 3785 2548 3856; x_wconf 84' lang='lat' dir='ltr'><strong>pervidebaut.</strong></span> <span class='ocrx_word' id='word_1_605' title='bbox 2578 3784 2970 3839; x_wconf 87' lang='lat' dir='ltr'><strong>Erubescentes</strong></span> <span class='ocrx_word' id='word_1_606' title='bbox 3001 3782 3215 3854; x_wconf 90' lang='lat' dir='ltr'><strong>quidem</strong></span> <span class='ocrx_word' id='word_1_607' title='bbox 3239 3782 3482 3838; x_wconf 88' lang='lat' dir='ltr'><strong>confiteri</strong></span> 
     </span>
    </p>
   </div>
   <div class='ocr_carea' id='block_1_85' title="bbox 1889 3877 3486 3952">
    <p class='ocr_par' dir='ltr' id='par_1_85' title="bbox 1889 3877 3486 3952">
     <span class='ocr_line' id='line_1_85' title="bbox 1889 3877 3486 3952; baseline -0.003 -16"><span class='ocrx_word' id='word_1_608' title='bbox 1889 3896 1951 3936; x_wconf 90' lang='lat' dir='ltr'><strong>ea</strong></span> <span class='ocrx_word' id='word_1_609' title='bbox 1983 3896 2104 3952; x_wconf 75' lang='lat' dir='ltr'><strong>qua:</strong></span> <span class='ocrx_word' id='word_1_610' title='bbox 2131 3880 2540 3946; x_wconf 89' lang='lat' dir='ltr'><strong>commiserunt,</strong></span> <span class='ocrx_word' id='word_1_611' title='bbox 2567 3894 2632 3933; x_wconf 92' lang='lat' dir='ltr'><strong>eo</strong></span> <span class='ocrx_word' id='word_1_612' title='bbox 2656 3878 2797 3948; x_wconf 90' lang='lat' dir='ltr'><strong>quod</strong></span> <span class='ocrx_word' id='word_1_613' title='bbox 2821 3877 2889 3933; x_wconf 90' lang='lat' dir='ltr'><strong>de</strong></span> <span class='ocrx_word' id='word_1_614' title='bbox 2912 3886 3108 3932; x_wconf 59' lang='grc' dir='ltr'>(πριιιιδο</span> <span class='ocrx_word' id='word_1_615' title='bbox 3138 3891 3243 3931; x_wconf 91' lang='lat' dir='ltr'><strong>non</strong></span> <span class='ocrx_word' id='word_1_616' title='bbox 3265 3885 3486 3948; x_wconf 89' lang='lat' dir='ltr'><strong>possent</strong></span> 
     </span>
    </p>
   </div>
   <div class='ocr_carea' id='block_1_86' title="bbox 1885 4052 3482 4131">
    <p class='ocr_par' dir='ltr' id='par_1_86' title="bbox 1885 4052 3482 4131">
     <span class='ocr_line' id='line_1_86' title="bbox 1885 4052 3482 4131; baseline -0.002 -18"><span class='ocrx_word' id='word_1_617' title='bbox 1885 4074 2061 4131; x_wconf 75' lang='lat' dir='ltr'><strong>grtece</strong></span> <span class='ocrx_word' id='word_1_618' title='bbox 2108 4058 2326 4112; x_wconf 87' lang='lat' dir='ltr'><strong>unicum</strong></span> <span class='ocrx_word' id='word_1_619' title='bbox 2368 4055 2695 4131; x_wconf 69' lang='lat' dir='ltr'><strong>respondet,</strong></span> <span class='ocrx_word' id='word_1_620' title='bbox 2729 4055 2964 4118; x_wconf 77' lang='grc' dir='ltr'><strong>θάνατονς</strong></span> <span class='ocrx_word' id='word_1_621' title='bbox 2997 4052 3140 4131; x_wconf 74' lang='lat' dir='ltr'><strong>quod</strong></span> <span class='ocrx_word' id='word_1_622' title='bbox 3171 4068 3326 4131; x_wconf 82' lang='lat' dir='ltr'><strong>_non_</strong></span> <span class='ocrx_word' id='word_1_623' title='bbox 3350 4057 3482 4131; x_wconf 85' lang='lat' dir='ltr'><strong>satis</strong></span> 
     </span>
    </p>
   </div>
   <div class='ocr_carea' id='block_1_87' title="bbox 1886 4124 3482 4197">
    <p class='ocr_par' dir='ltr' id='par_1_87' title="bbox 1886 4124 3482 4197">
     <span class='ocr_line' id='line_1_87' title="bbox 1886 4124 3482 4197; baseline -0.001 -11"><span class='ocrx_word' id='word_1_624' title='bbox 1886 4124 2272 4186; x_wconf 67' lang='lat' dir='ltr'><strong>convenienter</strong></span> <span class='ocrx_word' id='word_1_625' title='bbox 2291 4128 2429 4197; x_wconf 91' lang='lat' dir='ltr'><strong>apud</strong></span> <span class='ocrx_word' id='word_1_626' title='bbox 2464 4124 2790 4181; x_wconf 73' lang='lat' dir='ltr'><strong>&#39;l‘heodoret.</strong></span> <span class='ocrx_word' id='word_1_627' title='bbox 2819 4135 2896 4197; x_wconf 15' lang='lat' dir='ltr'><strong>ret</strong></span> <span class='ocrx_word' id='word_1_628' title='bbox 2927 4124 3279 4197; x_wconf 75' lang='lat' dir='ltr'><strong>Athanasium</strong></span> <span class='ocrx_word' id='word_1_629' title='bbox 3313 4125 3482 4185; x_wconf 85' lang='lat' dir='ltr'><strong>latine</strong></span> 
     </span>
    </p>
   </div>
   <div class='ocr_carea' id='block_1_88' title="bbox 1888 4195 3481 4270">
    <p class='ocr_par' dir='ltr' id='par_1_88' title="bbox 1888 4195 3481 4270">
     <span class='ocr_line' id='line_1_88' title="bbox 1888 4195 3481 4270; baseline -0.008 -13"><span class='ocrx_word' id='word_1_630' title='bbox 1888 4203 2153 4257; x_wconf 89' lang='lat' dir='ltr'><strong>redditum</strong></span> <span class='ocrx_word' id='word_1_631' title='bbox 2181 4210 2285 4264; x_wconf 89' lang='lat' dir='ltr'><strong>est,</strong></span> <span class='ocrx_word' id='word_1_632' title='bbox 2310 4195 2520 4253; x_wconf 84' lang='lat' dir='ltr'><strong>mortem</strong></span> <span class='ocrx_word' id='word_1_633' title='bbox 2545 4199 2766 4253; x_wconf 88' lang='lat' dir='ltr'><strong>illatam.</strong></span> <span class='ocrx_word' id='word_1_634' title='bbox 2787 4196 2901 4251; x_wconf 85' lang='lat' dir='ltr'><strong>Non</strong></span> <span class='ocrx_word' id='word_1_635' title='bbox 2933 4197 3077 4270; x_wconf 84' lang='lat' dir='ltr'><strong>enim</strong></span> <span class='ocrx_word' id='word_1_636' title='bbox 3110 4195 3194 4249; x_wconf 92' lang='lat' dir='ltr'><strong>hic</strong></span> <span class='ocrx_word' id='word_1_637' title='bbox 3217 4211 3481 4270; x_wconf 84' lang='lat' dir='ltr'><strong>conques-</strong></span> 
     </span>
    </p>
   </div>
   <div class='ocr_carea' id='block_1_89' title="bbox 1891 4267 3482 4344">
    <p class='ocr_par' dir='ltr' id='par_1_89' title="bbox 1891 4267 3482 4344">
     <span class='ocr_line' id='line_1_89' title="bbox 1891 4267 3482 4344; baseline 0.001 -18"><span class='ocrx_word' id='word_1_638' title='bbox 1891 4275 1963 4328; x_wconf 89' lang='lat' dir='ltr'><strong>tio</strong></span> <span class='ocrx_word' id='word_1_639' title='bbox 1990 4283 2096 4334; x_wconf 84' lang='lat' dir='ltr'><strong>est,</strong></span> <span class='ocrx_word' id='word_1_640' title='bbox 2125 4272 2267 4344; x_wconf 82' lang='lat' dir='ltr'><strong>quod</strong></span> <span class='ocrx_word' id='word_1_641' title='bbox 2305 4271 2484 4344; x_wconf 80' lang='lat' dir='ltr'><strong>Ariani</strong></span> <span class='ocrx_word' id='word_1_642' title='bbox 2519 4281 2746 4326; x_wconf 87' lang='lat' dir='ltr'><strong>mortem</strong></span> <span class='ocrx_word' id='word_1_643' title='bbox 2777 4267 3072 4334; x_wconf 86' lang='lat' dir='ltr'><strong>intulerint,</strong></span> <span class='ocrx_word' id='word_1_644' title='bbox 3109 4271 3201 4322; x_wconf 84' lang='lat' dir='ltr'><strong>sed</strong></span> <span class='ocrx_word' id='word_1_645' title='bbox 3225 4267 3367 4339; x_wconf 83' lang='lat' dir='ltr'><strong>quod</strong></span> <span class='ocrx_word' id='word_1_646' title='bbox 3401 4273 3482 4328; x_wconf 88' lang='lat' dir='ltr'><strong>itt-</strong></span> 
     </span>
    </p>
   </div>
   <div class='ocr_carea' id='block_1_90' title="bbox 1890 4343 2402 4398">
    <p class='ocr_par' dir='ltr' id='par_1_90' title="bbox 1890 4343 2402 4398">
     <span class='ocr_line' id='line_1_90' title="bbox 1890 4343 2402 4398; baseline -0.004 0"><span class='ocrx_word' id='word_1_647' title='bbox 1890 4346 2029 4398; x_wconf 82' lang='lat' dir='ltr'><strong>ferre</strong></span> <span class='ocrx_word' id='word_1_648' title='bbox 2057 4343 2402 4398; x_wconf 79' lang='lat' dir='ltr'><strong>tentaverint.</strong></span> 
     </span>
    </p>
   </div>
   <div class='ocr_carea' id='block_1_91' title="bbox 1963 4410 3480 4485">
    <p class='ocr_par' dir='ltr' id='par_1_91' title="bbox 1963 4410 3480 4485">
     <span class='ocr_line' id='line_1_91' title="bbox 1963 4410 3480 4485; baseline 0.001 -17"><span class='ocrx_word' id='word_1_649' title='bbox 1963 4417 2022 4485; x_wconf 90' lang='lat' dir='ltr'><strong>(i)</strong></span> <span class='ocrx_word' id='word_1_650' title='bbox 2055 4418 2127 4470; x_wconf 79' lang='lat' dir='ltr'><strong>Ex</strong></span> <span class='ocrx_word' id='word_1_651' title='bbox 2172 4416 2402 4470; x_wconf 88' lang='lat' dir='ltr'><strong>lectione</strong></span> <span class='ocrx_word' id='word_1_652' title='bbox 2433 4429 2603 4481; x_wconf 64' lang='lat' dir='ltr'><strong>grieca</strong></span> <span class='ocrx_word' id='word_1_653' title='bbox 2637 4413 2994 4482; x_wconf 73' lang='lat' dir='ltr'><strong>supplendum</strong></span> <span class='ocrx_word' id='word_1_654' title='bbox 3045 4410 3164 4473; x_wconf 87' lang='lat' dir='ltr'><strong>hic.</strong></span> <span class='ocrx_word' id='word_1_655' title='bbox 3194 4413 3480 4484; x_wconf 78' lang='lat' dir='ltr'><strong>interﬁcere</strong></span> 
     </span>
    </p>
   </div>
   <div class='ocr_carea' id='block_1_92' title="bbox 1889 4485 3482 4560">
    <p class='ocr_par' dir='ltr' id='par_1_92' title="bbox 1889 4485 3482 4560">
     <span class='ocr_line' id='line_1_92' title="bbox 1889 4485 3482 4560; baseline 0.002 -20"><span class='ocrx_word' id='word_1_656' title='bbox 1889 4497 2172 4560; x_wconf 85' lang='lat' dir='ltr'><strong>tentarent.</strong></span> <span class='ocrx_word' id='word_1_657' title='bbox 2203 4498 2316 4560; x_wconf 71' lang='lat' dir='ltr'><strong>etc.</strong></span> <span class='ocrx_word' id='word_1_658' title='bbox 2337 4486 2508 4541; x_wconf 80' lang='lat' dir='ltr'><strong>Antea</strong></span> <span class='ocrx_word' id='word_1_659' title='bbox 2532 4495 2716 4560; x_wconf 82' lang='lat' dir='ltr'><strong>autem</strong></span> <span class='ocrx_word' id='word_1_660' title='bbox 2748 4492 3080 4560; x_wconf 54' lang='lat' dir='ltr'><strong>campestri:</strong></span> <span class='ocrx_word' id='word_1_661' title='bbox 3117 4485 3321 4540; x_wconf 85' lang='lat' dir='ltr'><strong>Hilario</strong></span> <span class='ocrx_word' id='word_1_662' title='bbox 3353 4491 3482 4560; x_wconf 82' lang='lat' dir='ltr'><strong>legit</strong></span> 
     </span>
    </p>
   </div>
   <div class='ocr_carea' id='block_1_93' title="bbox 1890 4555 3476 4630">
    <p class='ocr_par' dir='ltr' id='par_1_93' title="bbox 1890 4555 3476 4630">
     <span class='ocr_line' id='line_1_93' title="bbox 1890 4555 3476 4630; baseline -0.004 -18"><span class='ocrx_word' id='word_1_663' title='bbox 1890 4559 2216 4613; x_wconf 75' lang='lat' dir='ltr'><strong>Athanasius</strong></span> <span class='ocrx_word' id='word_1_664' title='bbox 2237 4559 2502 4628; x_wconf 80' lang='lat' dir='ltr'><strong>episwpos</strong></span> <span class='ocrx_word' id='word_1_665' title='bbox 2528 4558 2579 4630; x_wconf 87' lang='lat' dir='ltr'><strong>in</strong></span> <span class='ocrx_word' id='word_1_666' title='bbox 2609 4557 2820 4625; x_wconf 83' lang='lat' dir='ltr'><strong>plurali,</strong></span> <span class='ocrx_word' id='word_1_667' title='bbox 2840 4555 3167 4630; x_wconf 80' lang='lat' dir='ltr'><strong>T_lteodoret.</strong></span> <span class='ocrx_word' id='word_1_668' title='bbox 3205 4573 3334 4612; x_wconf 88' lang='lat' dir='ltr'><strong>vero</strong></span> <span class='ocrx_word' id='word_1_669' title='bbox 3363 4555 3476 4630; x_wconf 67' lang='lat' dir='ltr'><strong>cpi-</strong></span> 
     </span>
    </p>
   </div>
   <div class='ocr_carea' id='block_1_94' title="bbox 177 4625 3477 4699">
    <p class='ocr_par' dir='ltr' id='par_1_94' title="bbox 177 4625 3477 4699">
     <span class='ocr_line' id='line_1_94' title="bbox 177 4625 3477 4699; baseline 0.002 -17"><span class='ocrx_word' id='word_1_670' title='bbox 177 4647 205 4682; x_wconf 89' lang='lat' dir='ltr'><strong>a</strong></span> <span class='ocrx_word' id='word_1_671' title='bbox 233 4625 568 4684; x_wconf 73' lang='lat' dir='ltr'><strong>dilectissimo</strong></span> <span class='ocrx_word' id='word_1_672' title='bbox 591 4627 737 4682; x_wconf 84' lang='lat' dir='ltr'><strong>Julia</strong></span> <span class='ocrx_word' id='word_1_673' title='bbox 755 4629 951 4698; x_wconf 83' lang='lat' dir='ltr'><strong>collega</strong></span> <span class='ocrx_word' id='word_1_674' title='bbox 980 4639 1151 4682; x_wconf 83' lang='lat' dir='ltr'><strong>nostra</strong></span> <span class='ocrx_word' id='word_1_675' title='bbox 1175 4631 1334 4682; x_wconf 85' lang='lat' dir='ltr'><strong>vocali</strong></span> <span class='ocrx_word' id='word_1_676' title='bbox 1356 4646 1456 4682; x_wconf 91' lang='lat' dir='ltr'><strong>non</strong></span> <span class='ocrx_word' id='word_1_677' title='bbox 1473 4625 1772 4699; x_wconf 76' lang='lat' dir='ltr'><strong>adfuerunt,</strong></span> <span class='ocrx_word' id='word_1_678' title='bbox 1804 4625 1857 4685; x_wconf 74' lang='grc' dir='ltr'>Β</span> <span class='ocrx_word' id='word_1_679' title='bbox 1882 4647 2092 4699; x_wconf 83' lang='lat' dir='ltr'><strong>scopum</strong></span> <span class='ocrx_word' id='word_1_680' title='bbox 2149 4632 2200 4684; x_wconf 91' lang='lat' dir='ltr'><strong>in</strong></span> <span class='ocrx_word' id='word_1_681' title='bbox 2229 4625 2508 4699; x_wconf 80' lang='lat' dir='ltr'><strong>singulari.</strong></span> <span class='ocrx_word' id='word_1_682' title='bbox 2553 4629 2604 4681; x_wconf 91' lang='lat' dir='ltr'><strong>In</strong></span> <span class='ocrx_word' id='word_1_683' title='bbox 2657 4630 2841 4697; x_wconf 80' lang='lat' dir='ltr'><strong>plures</strong></span> <span class='ocrx_word' id='word_1_684' title='bbox 2878 4626 2994 4699; x_wconf 63' lang='lat' dir='ltr'><strong>hate</strong></span> <span class='ocrx_word' id='word_1_685' title='bbox 3033 4627 3230 4682; x_wconf 87' lang='lat' dir='ltr'><strong>cadere</strong></span> <span class='ocrx_word' id='word_1_686' title='bbox 3276 4625 3477 4688; x_wconf 79' lang='lat' dir='ltr'><strong>indicat</strong></span> 
     </span>
    </p>
   </div>
   <div class='ocr_carea' id='block_1_95' title="bbox 180 4699 1777 4772">
    <p class='ocr_par' dir='ltr' id='par_1_95' title="bbox 180 4699 1777 4772">
     <span class='ocr_line' id='line_1_95' title="bbox 180 4699 1777 4772; baseline 0.003 -18"><span class='ocrx_word' id='word_1_687' title='bbox 180 4713 222 4754; x_wconf 86' lang='lat' dir='ltr'><strong>et</strong></span> <span class='ocrx_word' id='word_1_688' title='bbox 238 4704 400 4764; x_wconf 70' lang='lat' dir='ltr'><strong>exiis,</strong></span> <span class='ocrx_word' id='word_1_689' title='bbox 421 4717 540 4772; x_wconf 73' lang='lat' dir='ltr'><strong>qua:</strong></span> <span class='ocrx_word' id='word_1_690' title='bbox 565 4702 626 4754; x_wconf 87' lang='lat' dir='ltr'><strong>ab</strong></span> <span class='ocrx_word' id='word_1_691' title='bbox 655 4702 831 4754; x_wconf 84' lang='lat' dir='ltr'><strong>eodem</strong></span> <span class='ocrx_word' id='word_1_692' title='bbox 857 4700 1098 4772; x_wconf 83' lang='lat' dir='ltr'><strong>episcopo</strong></span> <span class='ocrx_word' id='word_1_693' title='bbox 1121 4699 1268 4753; x_wconf 82' lang='lat' dir='ltr'><strong>Julia</strong></span> <span class='ocrx_word' id='word_1_694' title='bbox 1291 4701 1480 4768; x_wconf 87' lang='lat' dir='ltr'><strong>scripta</strong></span> <span class='ocrx_word' id='word_1_695' title='bbox 1504 4713 1643 4765; x_wconf 85' lang='lat' dir='ltr'><strong>sunt,</strong></span> <span class='ocrx_word' id='word_1_696' title='bbox 1670 4720 1777 4758; x_wconf 84' lang='lat' dir='ltr'><strong>nta-</strong></span> 
     </span>
    </p>
   </div>
   <div class='ocr_carea' id='block_1_96' title="bbox 181 4770 1772 4843">
    <p class='ocr_par' dir='ltr' id='par_1_96' title="bbox 181 4770 1772 4843">
     <span class='ocr_line' id='line_1_96' title="bbox 181 4770 1772 4843; baseline 0.003 -19"><span class='ocrx_word' id='word_1_697' title='bbox 181 4776 355 4843; x_wconf 79' lang='lat' dir='ltr'><strong>nifeste</strong></span> <span class='ocrx_word' id='word_1_698' title='bbox 389 4770 559 4842; x_wconf 83' lang='lat' dir='ltr'><strong>patuit</strong></span> <span class='ocrx_word' id='word_1_699' title='bbox 593 4774 825 4843; x_wconf 78' lang='lat' dir='ltr'><strong>ipsorum</strong></span> <span class='ocrx_word' id='word_1_700' title='bbox 860 4770 1118 4825; x_wconf 73' lang='lat' dir='ltr'><strong>calumnia</strong></span> <span class='ocrx_word' id='word_1_701' title='bbox 1141 4789 1158 4824; x_wconf 93' lang='grc'><strong>.·</strong></span> <span class='ocrx_word' id='word_1_702' title='bbox 1189 4773 1440 4825; x_wconf 78' lang='lat' dir='ltr'><strong>venissent</strong></span> <span class='ocrx_word' id='word_1_703' title='bbox 1470 4775 1624 4840; x_wconf 84' lang='lat' dir='ltr'><strong>enim,</strong></span> <span class='ocrx_word' id='word_1_704' title='bbox 1667 4786 1772 4829; x_wconf 90' lang='lat' dir='ltr'><strong>etc.</strong></span> 
     </span>
    </p>
   </div>
   <div class='ocr_carea' id='block_1_97' title="bbox 183 4841 1381 4909">
    <p class='ocr_par' dir='ltr' id='par_1_97' title="bbox 183 4841 1381 4909">
     <span class='ocr_line' id='line_1_97' title="bbox 183 4841 1381 4909; baseline -0.003 -11"><span class='ocrx_word' id='word_1_705' title='bbox 183 4841 332 4909; x_wconf 79' lang='lat' dir='ltr'><strong>Apud</strong></span> <span class='ocrx_word' id='word_1_706' title='bbox 372 4841 732 4898; x_wconf 75' lang='lat' dir='ltr'><strong>Alltattasittttt</strong></span> <span class='ocrx_word' id='word_1_707' title='bbox 763 4841 852 4896; x_wconf 91' lang='lat' dir='ltr'><strong>hic</strong></span> <span class='ocrx_word' id='word_1_708' title='bbox 881 4845 1136 4898; x_wconf 85' lang='lat' dir='ltr'><strong>nonnulla</strong></span> <span class='ocrx_word' id='word_1_709' title='bbox 1167 4843 1381 4897; x_wconf 84' lang='lat' dir='ltr'><strong>desunt.</strong></span> 
     </span>
    </p>
   </div>
   <div class='ocr_carea' id='block_1_98' title="bbox 248 4914 1772 4988">
    <p class='ocr_par' dir='ltr' id='par_1_98' title="bbox 248 4914 1772 4988">
     <span class='ocr_line' id='line_1_98' title="bbox 248 4914 1772 4988; baseline 0 -17"><span class='ocrx_word' id='word_1_710' title='bbox 248 4918 328 4988; x_wconf 80' lang='grc' dir='ltr'><strong>(ά)</strong></span> <span class='ocrx_word' id='word_1_711' title='bbox 375 4917 482 4970; x_wconf 90' lang='lat' dir='ltr'><strong>Per</strong></span> <span class='ocrx_word' id='word_1_712' title='bbox 527 4915 807 4988; x_wconf 86' lang='lat' dir='ltr'><strong>epistolam</strong></span> <span class='ocrx_word' id='word_1_713' title='bbox 840 4928 961 4982; x_wconf 68' lang='lat' dir='ltr'><strong>quae</strong></span> <span class='ocrx_word' id='word_1_714' title='bbox 1005 4923 1183 4970; x_wconf 73' lang='lat' dir='ltr'><strong>exstat</strong></span> <span class='ocrx_word' id='word_1_715' title='bbox 1226 4914 1772 4984; x_wconf 85' lang='lat' dir='ltr'><strong>apudAthanasium,</strong></span> 
     </span>
    </p>
   </div>
   <div class='ocr_carea' id='block_1_99' title="bbox 180 4987 683 5057">
    <p class='ocr_par' dir='ltr' id='par_1_99' title="bbox 180 4987 683 5057">
     <span class='ocr_line' id='line_1_99' title="bbox 180 4987 683 5057; baseline -0.004 -17"><span class='ocrx_word' id='word_1_716' title='bbox 180 4987 302 5040; x_wconf 77' lang='lat' dir='ltr'><strong>toni.</strong></span> <span class='ocrx_word' id='word_1_717' title='bbox 335 5006 372 5050; x_wconf 87' lang='grc' dir='ltr'>ι,</span> <span class='ocrx_word' id='word_1_718' title='bbox 412 5003 532 5057; x_wconf 79' lang='lat' dir='ltr'><strong>pag.</strong></span> <span class='ocrx_word' id='word_1_719' title='bbox 560 4987 683 5042; x_wconf 77' lang='lat'><strong>759.</strong></span> 
     </span>
    </p>
   </div>
   <div class='ocr_carea' id='block_1_100' title="bbox 246 5059 1768 5133">
    <p class='ocr_par' dir='ltr' id='par_1_100' title="bbox 246 5059 1768 5133">
     <span class='ocr_line' id='line_1_100' title="bbox 246 5059 1768 5133; baseline 0.003 -20"><span class='ocrx_word' id='word_1_720' title='bbox 246 5059 319 5133; x_wconf 80' lang='grc' dir='ltr'><strong>(ε)</strong></span> <span class='ocrx_word' id='word_1_721' title='bbox 354 5060 423 5116; x_wconf 89' lang='lat' dir='ltr'><strong>Ut</strong></span> <span class='ocrx_word' id='word_1_722' title='bbox 450 5062 654 5128; x_wconf 83' lang='lat' dir='ltr'><strong>integra</strong></span> <span class='ocrx_word' id='word_1_723' title='bbox 675 5060 828 5133; x_wconf 85' lang='lat' dir='ltr'><strong>fieret</strong></span> <span class='ocrx_word' id='word_1_724' title='bbox 845 5059 1202 5133; x_wconf 85' lang='lat' dir='ltr'><strong>oratio,esset</strong></span> <span class='ocrx_word' id='word_1_725' title='bbox 1227 5059 1315 5113; x_wconf 90' lang='lat' dir='ltr'><strong>hic</strong></span> <span class='ocrx_word' id='word_1_726' title='bbox 1339 5059 1621 5129; x_wconf 88' lang='lat' dir='ltr'><strong>legendum</strong></span> <span class='ocrx_word' id='word_1_727' title='bbox 1645 5078 1768 5133; x_wconf 85' lang='lat' dir='ltr'><strong>qua.</strong></span> 
     </span>
    </p>
   </div>
   <div class='ocr_carea' id='block_1_101' title="bbox 178 5130 1771 5202">
    <p class='ocr_par' dir='ltr' id='par_1_101' title="bbox 178 5130 1771 5202">
     <span class='ocr_line' id='line_1_101' title="bbox 178 5130 1771 5202; baseline 0 -17"><span class='ocrx_word' id='word_1_728' title='bbox 178 5146 278 5185; x_wconf 90' lang='lat' dir='ltr'><strong>non</strong></span> <span class='ocrx_word' id='word_1_729' title='bbox 300 5130 400 5201; x_wconf 39' lang='lat' dir='ltr'><strong>’qui</strong></span> <span class='ocrx_word' id='word_1_730' title='bbox 429 5149 443 5185; x_wconf 76' lang='grc' dir='ltr'>ε</span> <span class='ocrx_word' id='word_1_731' title='bbox 480 5142 533 5185; x_wconf 91' lang='lat' dir='ltr'><strong>et</strong></span> <span class='ocrx_word' id='word_1_732' title='bbox 562 5141 705 5202; x_wconf 78' lang='lat' dir='ltr'><strong>past,</strong></span> <span class='ocrx_word' id='word_1_733' title='bbox 741 5130 1030 5186; x_wconf 88' lang='lat' dir='ltr'><strong>delendum</strong></span> <span class='ocrx_word' id='word_1_734' title='bbox 1063 5141 1138 5198; x_wconf 86' lang='lat' dir='ltr'><strong>ut,</strong></span> <span class='ocrx_word' id='word_1_735' title='bbox 1168 5141 1292 5186; x_wconf 91' lang='lat' dir='ltr'><strong>ante</strong></span> <span class='ocrx_word' id='word_1_736' title='bbox 1315 5133 1472 5184; x_wconf 82' lang='lat' dir='ltr'><strong>omni.</strong></span> <span class='ocrx_word' id='word_1_737' title='bbox 1503 5133 1556 5186; x_wconf 89' lang='lat' dir='ltr'><strong>In</strong></span> <span class='ocrx_word' id='word_1_738' title='bbox 1579 5130 1771 5202; x_wconf 61' lang='lat' dir='ltr'><strong>gra&#39;cis</strong></span> 
     </span>
    </p>
   </div>
   <div class='ocr_carea' id='block_1_102' title="bbox 178 5201 1772 5273">
    <p class='ocr_par' dir='ltr' id='par_1_102' title="bbox 178 5201 1772 5273">
     <span class='ocr_line' id='line_1_102' title="bbox 178 5201 1772 5273; baseline 0.001 -17"><span class='ocrx_word' id='word_1_739' title='bbox 178 5202 584 5273; x_wconf 79' lang='lat' dir='ltr'><strong>exemplaribus</strong></span> <span class='ocrx_word' id='word_1_740' title='bbox 625 5201 754 5256; x_wconf 90' lang='lat' dir='ltr'><strong>nihil</strong></span> <span class='ocrx_word' id='word_1_741' title='bbox 785 5211 898 5265; x_wconf 88' lang='lat' dir='ltr'><strong>est,</strong></span> <span class='ocrx_word' id='word_1_742' title='bbox 931 5202 1074 5270; x_wconf 89' lang='lat' dir='ltr'><strong>quod</strong></span> <span class='ocrx_word' id='word_1_743' title='bbox 1119 5204 1443 5270; x_wconf 84' lang='lat' dir='ltr'><strong>reSpondeat</strong></span> <span class='ocrx_word' id='word_1_744' title='bbox 1478 5201 1772 5273; x_wconf 86' lang='lat' dir='ltr'><strong>superiori-</strong></span> 
     </span>
    </p>
   </div>
   <div class='ocr_carea' id='block_1_103' title="bbox 177 5273 1517 5345">
    <p class='ocr_par' dir='ltr' id='par_1_103' title="bbox 177 5273 1517 5345">
     <span class='ocr_line' id='line_1_103' title="bbox 177 5273 1517 5345; baseline 0.001 -19"><span class='ocrx_word' id='word_1_745' title='bbox 177 5273 273 5327; x_wconf 88' lang='lat' dir='ltr'><strong>bus</strong></span> <span class='ocrx_word' id='word_1_746' title='bbox 306 5276 514 5345; x_wconf 79' lang='lat' dir='ltr'><strong>verbis,</strong></span> <span class='ocrx_word' id='word_1_747' title='bbox 546 5282 592 5327; x_wconf 86' lang='lat' dir='ltr'><strong>et</strong></span> <span class='ocrx_word' id='word_1_748' title='bbox 617 5275 746 5327; x_wconf 86' lang='lat' dir='ltr'><strong>tanti</strong></span> <span class='ocrx_word' id='word_1_749' title='bbox 777 5274 1021 5345; x_wconf 86' lang='lat' dir='ltr'><strong>temporis</strong></span> <span class='ocrx_word' id='word_1_750' title='bbox 1049 5273 1314 5344; x_wconf 83' lang='lat' dir='ltr'><strong>probatam</strong></span> <span class='ocrx_word' id='word_1_751' title='bbox 1343 5274 1517 5342; x_wconf 75' lang='lat' dir='ltr'><strong>fidem.</strong></span> 
     </span>
    </p>
   </div>
   <div class='ocr_carea' id='block_1_104' title="bbox 247 5344 1766 5416">
    <p class='ocr_par' dir='ltr' id='par_1_104' title="bbox 247 5344 1766 5416">
     <span class='ocr_line' id='line_1_104' title="bbox 247 5344 1766 5416; baseline 0.001 -17"><span class='ocrx_word' id='word_1_752' title='bbox 247 5344 318 5416; x_wconf 70' lang='grc' dir='ltr'><strong>(ί)</strong></span> <span class='ocrx_word' id='word_1_753' title='bbox 355 5344 585 5400; x_wconf 87' lang='lat' dir='ltr'><strong>Brevius</strong></span> <span class='ocrx_word' id='word_1_754' title='bbox 605 5361 668 5399; x_wconf 83' lang='lat' dir='ltr'><strong>ex</strong></span> <span class='ocrx_word' id='word_1_755' title='bbox 693 5344 886 5414; x_wconf 58' lang='lat' dir='ltr'><strong>graeco</strong></span> <span class='ocrx_word' id='word_1_756' title='bbox 911 5353 1080 5399; x_wconf 91' lang='lat' dir='ltr'><strong>totum</strong></span> <span class='ocrx_word' id='word_1_757' title='bbox 1129 5345 1256 5400; x_wconf 88' lang='lat' dir='ltr'><strong>illud</strong></span> <span class='ocrx_word' id='word_1_758' title='bbox 1285 5345 1360 5400; x_wconf 84' lang='lat' dir='ltr'><strong>sic</strong></span> <span class='ocrx_word' id='word_1_759' title='bbox 1394 5346 1619 5400; x_wconf 90' lang='lat' dir='ltr'><strong>reddere</strong></span> <span class='ocrx_word' id='word_1_760' title='bbox 1643 5355 1726 5401; x_wconf 89' lang='lat' dir='ltr'><strong>est</strong></span> <span class='ocrx_word' id='word_1_761' title='bbox 1755 5365 1766 5400; x_wconf 92' lang='lat'>:</span> 
     </span>
    </p>
   </div>
   <div class='ocr_carea' id='block_1_105' title="bbox 180 5416 1773 5488">
    <p class='ocr_par' dir='ltr' id='par_1_105' title="bbox 180 5416 1773 5488">
     <span class='ocr_line' id='line_1_105' title="bbox 180 5416 1773 5488; baseline 0.002 -19"><span class='ocrx_word' id='word_1_762' title='bbox 180 5416 324 5471; x_wconf 78' lang='lat' dir='ltr'><strong>Missi</strong></span> <span class='ocrx_word' id='word_1_763' title='bbox 353 5416 575 5470; x_wconf 74' lang='lat' dir='ltr'><strong>aderant</strong></span> <span class='ocrx_word' id='word_1_764' title='bbox 604 5416 958 5470; x_wconf 87' lang='lat' dir='ltr'><strong>comministri.</strong></span> <span class='ocrx_word' id='word_1_765' title='bbox 1011 5416 1329 5470; x_wconf 77' lang='lat' dir='ltr'><strong>Aduenerunt</strong></span> <span class='ocrx_word' id='word_1_766' title='bbox 1372 5418 1525 5488; x_wconf 67' lang='lat' dir='ltr'><strong>etiam</strong></span> <span class='ocrx_word' id='word_1_767' title='bbox 1569 5419 1773 5488; x_wconf 85' lang='lat' dir='ltr'><strong>cognati</strong></span> 
     </span>
    </p>
   </div>
   <div class='ocr_carea' id='block_1_106' title="bbox 175 5486 1771 5562">
    <p class='ocr_par' dir='ltr' id='par_1_106' title="bbox 175 5486 1771 5562">
     <span class='ocr_line' id='line_1_106' title="bbox 175 5486 1771 5562; baseline 0.002 -21"><span class='ocrx_word' id='word_1_768' title='bbox 175 5499 218 5541; x_wconf 84' lang='lat' dir='ltr'><strong>et</strong></span> <span class='ocrx_word' id='word_1_769' title='bbox 244 5490 400 5541; x_wconf 88' lang='lat' dir='ltr'><strong>amici</strong></span> <span class='ocrx_word' id='word_1_770' title='bbox 420 5503 618 5555; x_wconf 88' lang='lat' dir='ltr'><strong>eorum,</strong></span> <span class='ocrx_word' id='word_1_771' title='bbox 644 5489 729 5556; x_wconf 87' lang='lat' dir='ltr'><strong>qui</strong></span> <span class='ocrx_word' id='word_1_772' title='bbox 749 5504 838 5559; x_wconf 77' lang='lat' dir='ltr'><strong>per</strong></span> <span class='ocrx_word' id='word_1_773' title='bbox 863 5505 948 5543; x_wconf 86' lang='lat' dir='ltr'><strong>eos</strong></span> <span class='ocrx_word' id='word_1_774' title='bbox 976 5489 1268 5558; x_wconf 84' lang='lat' dir='ltr'><strong>interempti</strong></span> <span class='ocrx_word' id='word_1_775' title='bbox 1292 5497 1430 5543; x_wconf 85' lang='lat' dir='ltr'><strong>sunt.</strong></span> <span class='ocrx_word' id='word_1_776' title='bbox 1460 5486 1527 5556; x_wconf 77' lang='lat' dir='ltr'><strong>Et</strong></span> <span class='ocrx_word' id='word_1_777' title='bbox 1543 5486 1681 5562; x_wconf 85' lang='lat' dir='ltr'><strong>quod</strong></span> <span class='ocrx_word' id='word_1_778' title='bbox 1699 5500 1771 5546; x_wconf 86' lang='lat' dir='ltr'><strong>est</strong></span> 
     </span>
    </p>
   </div>
   <div class='ocr_carea' id='block_1_107' title="bbox 175 5562 607 5622">
    <p class='ocr_par' dir='ltr' id='par_1_107' title="bbox 175 5562 607 5622">
     <span class='ocr_line' id='line_1_107' title="bbox 175 5562 607 5622; baseline 0.002 -11"><span class='ocrx_word' id='word_1_779' title='bbox 175 5562 311 5614; x_wconf 70' lang='grc' dir='ltr'>πριιπί</span> <span class='ocrx_word' id='word_1_780' title='bbox 317 5576 457 5613; x_wconf 87' lang='lat' dir='ltr'><strong>mum</strong></span> <span class='ocrx_word' id='word_1_781' title='bbox 467 5599 489 5622; x_wconf 59' lang='grc' dir='ltr'><em>φ</em></span> <span class='ocrx_word' id='word_1_782' title='bbox 505 5568 607 5613; x_wconf 87' lang='lat' dir='ltr'><strong>etc.</strong></span> 
     </span>
    </p>
   </div>
   <div class='ocr_carea' id='block_1_108' title="bbox 247 5630 1770 5704">
    <p class='ocr_par' dir='ltr' id='par_1_108' title="bbox 247 5630 1770 5704">
     <span class='ocr_line' id='line_1_108' title="bbox 247 5630 1770 5704; baseline 0.001 -18"><span class='ocrx_word' id='word_1_783' title='bbox 247 5631 324 5704; x_wconf 88' lang='lat' dir='ltr'><strong>(g)</strong></span> <span class='ocrx_word' id='word_1_784' title='bbox 353 5631 514 5704; x_wconf 73' lang='lat' dir='ltr'><strong>Apud</strong></span> <span class='ocrx_word' id='word_1_785' title='bbox 546 5631 803 5686; x_wconf 79' lang='lat' dir='ltr'><strong>Athanas.</strong></span> <span class='ocrx_word' id='word_1_786' title='bbox 829 5641 883 5687; x_wconf 88' lang='lat' dir='ltr'><strong>et</strong></span> <span class='ocrx_word' id='word_1_787' title='bbox 903 5630 1230 5686; x_wconf 84' lang='lat' dir='ltr'><strong>Theodoret.</strong></span> <span class='ocrx_word' id='word_1_788' title='bbox 1261 5631 1642 5687; x_wconf 79' lang='lat' dir='ltr'><strong>desiderantur</strong></span> <span class='ocrx_word' id='word_1_789' title='bbox 1672 5649 1770 5688; x_wconf 84' lang='lat' dir='ltr'><strong>vo-</strong></span> 
     </span>
    </p>
   </div>
   <div class='ocr_carea' id='block_1_109' title="bbox 175 5701 1773 5775">
    <p class='ocr_par' dir='ltr' id='par_1_109' title="bbox 175 5701 1773 5775">
     <span class='ocr_line' id='line_1_109' title="bbox 175 5701 1773 5775; baseline 0.002 -19"><span class='ocrx_word' id='word_1_790' title='bbox 175 5701 569 5775; x_wconf 49' lang='lat' dir='ltr'><strong>ces&#39;cervicjbus</strong></span> <span class='ocrx_word' id='word_1_791' title='bbox 591 5706 697 5757; x_wconf 86' lang='lat' dir='ltr'><strong>suis</strong></span> <span class='ocrx_word' id='word_1_792' title='bbox 724 5719 735 5755; x_wconf 80' lang='grc' dir='ltr'><strong><em>τ</em></strong></span> <span class='ocrx_word' id='word_1_793' title='bbox 763 5719 990 5772; x_wconf 88' lang='lat' dir='ltr'><strong>quarum</strong></span> <span class='ocrx_word' id='word_1_794' title='bbox 1019 5705 1297 5758; x_wconf 85' lang='lat' dir='ltr'><strong>veritatem</strong></span> <span class='ocrx_word' id='word_1_795' title='bbox 1339 5705 1623 5759; x_wconf 87' lang='lat' dir='ltr'><strong>confirmat</strong></span> <span class='ocrx_word' id='word_1_796' title='bbox 1657 5708 1773 5775; x_wconf 88' lang='lat' dir='ltr'><strong>epi-</strong></span> 
     </span>
    </p>
   </div>
   <div class='ocr_carea' id='block_1_110' title="bbox 175 5772 1523 5831">
    <p class='ocr_par' dir='ltr' id='par_1_110' title="bbox 175 5772 1523 5831">
     <span class='ocr_line' id='line_1_110' title="bbox 175 5772 1523 5831; baseline 0.002 -5"><span class='ocrx_word' id='word_1_797' title='bbox 175 5777 315 5828; x_wconf 88' lang='lat' dir='ltr'><strong>stula</strong></span> <span class='ocrx_word' id='word_1_798' title='bbox 341 5776 409 5826; x_wconf 89' lang='lat' dir='ltr'><strong>ad</strong></span> <span class='ocrx_word' id='word_1_799' title='bbox 437 5772 635 5828; x_wconf 86' lang='lat' dir='ltr'><strong>Julium</strong></span> <span class='ocrx_word' id='word_1_800' title='bbox 664 5775 800 5831; x_wconf 88' lang='lat' dir='ltr'><strong>infra</strong></span> <span class='ocrx_word' id='word_1_801' title='bbox 826 5792 972 5829; x_wconf 91' lang='lat' dir='ltr'><strong>num.</strong></span> <span class='ocrx_word' id='word_1_802' title='bbox 1000 5775 1088 5830; x_wconf 75' lang='lat' dir='ltr'><strong>il.</strong></span> <span class='ocrx_word' id='word_1_803' title='bbox 1519 5809 1523 5813; x_wconf 67' lang='grc' dir='ltr'><strong>ι</strong></span> 
     </span>
    </p>
   </div>
   <div class='ocr_carea' id='block_1_111' title="bbox 247 5844 1766 5918">
    <p class='ocr_par' dir='ltr' id='par_1_111' title="bbox 247 5844 1766 5918">
     <span class='ocr_line' id='line_1_111' title="bbox 247 5844 1766 5918; baseline 0.005 -23"><span class='ocrx_word' id='word_1_804' title='bbox 247 5844 329 5914; x_wconf 73' lang='lat' dir='ltr'><strong>th)</strong></span> <span class='ocrx_word' id='word_1_805' title='bbox 359 5844 560 5900; x_wconf 83' lang='lat' dir='ltr'><strong>Tribus</strong></span> <span class='ocrx_word' id='word_1_806' title='bbox 584 5845 716 5918; x_wconf 82' lang='lat' dir='ltr'><strong>._it|is</strong></span> <span class='ocrx_word' id='word_1_807' title='bbox 768 5847 984 5914; x_wconf 59' lang='lat' dir='ltr'><strong>verbis,</strong></span> <span class='ocrx_word' id='word_1_808' title='bbox 1043 5855 1254 5900; x_wconf 79' lang='lat' dir='ltr'><strong>mortem</strong></span> <span class='ocrx_word' id='word_1_809' title='bbox 1309 5845 1406 5900; x_wconf 77' lang='lat' dir='ltr'><strong>sibi</strong></span> <span class='ocrx_word' id='word_1_810' title='bbox 1446 5849 1766 5918; x_wconf 81' lang='lat' dir='ltr'><strong>intentatam,</strong></span> 
     </span>
    </p>
   </div>
   <div class='ocr_carea' id='block_1_112' title="bbox 1883 4698 3473 4771">
    <p class='ocr_par' dir='ltr' id='par_1_112' title="bbox 1883 4698 3473 4771">
     <span class='ocr_line' id='line_1_112' title="bbox 1883 4698 3473 4771; baseline 0.002 -16"><span class='ocrx_word' id='word_1_811' title='bbox 1883 4701 2208 4756; x_wconf 75' lang='lat' dir='ltr'><strong>Athanasius</strong></span> <span class='ocrx_word' id='word_1_812' title='bbox 2242 4698 2439 4755; x_wconf 81' lang='lat' dir='ltr'><strong>relatus</strong></span> <span class='ocrx_word' id='word_1_813' title='bbox 2463 4716 2492 4754; x_wconf 88' lang='lat' dir='ltr'><strong>a</strong></span> <span class='ocrx_word' id='word_1_814' title='bbox 2519 4699 2886 4764; x_wconf 87' lang='lat' dir='ltr'><strong>Theodoreto,</strong></span> <span class='ocrx_word' id='word_1_815' title='bbox 2917 4698 3011 4753; x_wconf 90' lang='lat' dir='ltr'><strong>lib.</strong></span> <span class='ocrx_word' id='word_1_816' title='bbox 3045 4713 3084 4771; x_wconf 74' lang='grc' dir='ltr'><strong>ιι</strong></span> <span class='ocrx_word' id='word_1_817' title='bbox 3132 4699 3266 4754; x_wconf 88' lang='lat' dir='ltr'><strong>llist.</strong></span> <span class='ocrx_word' id='word_1_818' title='bbox 3297 4701 3473 4771; x_wconf 86' lang='lat' dir='ltr'><strong>Eccl.,</strong></span> 
     </span>
    </p>
   </div>
   <div class='ocr_carea' id='block_1_113' title="bbox 1882 4769 3477 4847">
    <p class='ocr_par' dir='ltr' id='par_1_113' title="bbox 1882 4769 3477 4847">
     <span class='ocr_line' id='line_1_113' title="bbox 1882 4769 3477 4847; baseline 0.001 -22"><span class='ocrx_word' id='word_1_819' title='bbox 1882 4787 1930 4825; x_wconf 91' lang='lat' dir='ltr'><strong>c.</strong></span> <span class='ocrx_word' id='word_1_820' title='bbox 1965 4773 2052 4838; x_wconf 81' lang='grc'><strong>15,</strong></span> <span class='ocrx_word' id='word_1_821' title='bbox 2085 4773 2170 4847; x_wconf 83' lang='lat' dir='ltr'><strong>u_bi</strong></span> <span class='ocrx_word' id='word_1_822' title='bbox 2201 4771 2312 4847; x_wconf 77' lang='lat' dir='ltr'><strong>ait:</strong></span> <span class='ocrx_word' id='word_1_823' title='bbox 2354 4772 2669 4824; x_wconf 83' lang='lat' dir='ltr'><strong>Theodulnm</strong></span> <span class='ocrx_word' id='word_1_824' title='bbox 2702 4787 2817 4824; x_wconf 85' lang='lat' dir='ltr'><strong>vero</strong></span> <span class='ocrx_word' id='word_1_825' title='bbox 2845 4781 2996 4847; x_wconf 73' lang='lat' dir='ltr'><strong>atque</strong></span> <span class='ocrx_word' id='word_1_826' title='bbox 3047 4769 3345 4840; x_wconf 79' lang='lat' dir='ltr'><strong>Olympium</strong></span> <span class='ocrx_word' id='word_1_827' title='bbox 3369 4769 3477 4847; x_wconf 75' lang='lat' dir='ltr'><strong>epi-</strong></span> 
     </span>
    </p>
   </div>
   <div class='ocr_carea' id='block_1_114' title="bbox 1880 4842 3478 4914">
    <p class='ocr_par' dir='ltr' id='par_1_114' title="bbox 1880 4842 3478 4914">
     <span class='ocr_line' id='line_1_114' title="bbox 1880 4842 3478 4914; baseline 0.004 -17"><span class='ocrx_word' id='word_1_828' title='bbox 1880 4861 2063 4914; x_wconf 86' lang='lat' dir='ltr'><strong>scopos</strong></span> <span class='ocrx_word' id='word_1_829' title='bbox 2094 4844 2350 4905; x_wconf 76' lang='lat' dir='ltr'><strong>Tltracite,</strong></span> <span class='ocrx_word' id='word_1_830' title='bbox 2390 4859 2482 4896; x_wconf 89' lang='lat' dir='ltr'><strong>nos</strong></span> <span class='ocrx_word' id='word_1_831' title='bbox 2510 4859 2708 4912; x_wconf 86' lang='lat' dir='ltr'><strong>quoque</strong></span> <span class='ocrx_word' id='word_1_832' title='bbox 2751 4855 2796 4895; x_wconf 83' lang='lat' dir='ltr'><strong>et</strong></span> <span class='ocrx_word' id='word_1_833' title='bbox 2827 4842 3145 4912; x_wconf 82' lang='lat' dir='ltr'><strong>presbyteros</strong></span> <span class='ocrx_word' id='word_1_834' title='bbox 3173 4855 3372 4900; x_wconf 84' lang='lat' dir='ltr'><strong>nostros</strong></span> <span class='ocrx_word' id='word_1_835' title='bbox 3399 4842 3478 4904; x_wconf 77' lang='lat' dir='ltr'><strong>ita</strong></span> 
     </span>
    </p>
   </div>
   <div class='ocr_carea' id='block_1_115' title="bbox 1879 4915 3478 4987">
    <p class='ocr_par' dir='ltr' id='par_1_115' title="bbox 1879 4915 3478 4987">
     <span class='ocr_line' id='line_1_115' title="bbox 1879 4915 3478 4987; baseline 0.004 -19"><span class='ocrx_word' id='word_1_836' title='bbox 1879 4917 2112 4984; x_wconf 85' lang='lat' dir='ltr'><strong>conquiri</strong></span> <span class='ocrx_word' id='word_1_837' title='bbox 2140 4919 2392 4986; x_wconf 83' lang='lat' dir='ltr'><strong>fecerunt,</strong></span> <span class='ocrx_word' id='word_1_838' title='bbox 2417 4925 2469 4966; x_wconf 86' lang='lat' dir='ltr'><strong>nt</strong></span> <span class='ocrx_word' id='word_1_839' title='bbox 2499 4915 2540 4966; x_wconf 88' lang='lat' dir='ltr'><strong>si</strong></span> <span class='ocrx_word' id='word_1_840' title='bbox 2562 4915 2750 4987; x_wconf 76' lang='lat' dir='ltr'><strong>reperti</strong></span> <span class='ocrx_word' id='word_1_841' title='bbox 2779 4931 3021 4987; x_wconf 78' lang='lat' dir='ltr'><strong>essemus,</strong></span> <span class='ocrx_word' id='word_1_842' title='bbox 3048 4916 3258 4987; x_wconf 72' lang='lat' dir='ltr'><strong>capitali</strong></span> <span class='ocrx_word' id='word_1_843' title='bbox 3278 4922 3478 4987; x_wconf 86' lang='lat' dir='ltr'><strong>suppli-</strong></span> 
     </span>
    </p>
   </div>
   <div class='ocr_carea' id='block_1_116' title="bbox 1877 4985 3475 5059">
    <p class='ocr_par' dir='ltr' id='par_1_116' title="bbox 1877 4985 3475 5059">
     <span class='ocr_line' id='line_1_116' title="bbox 1877 4985 3475 5059; baseline 0.003 -20"><span class='ocrx_word' id='word_1_844' title='bbox 1877 4988 1956 5040; x_wconf 90' lang='lat' dir='ltr'><strong>cio</strong></span> <span class='ocrx_word' id='word_1_845' title='bbox 1979 4985 2402 5059; x_wconf 55' lang='lat' dir='ltr'><strong>a/ﬁceremuget</strong></span> <span class='ocrx_word' id='word_1_846' title='bbox 2431 4987 2588 5059; x_wconf 80' lang='lat' dir='ltr'><strong>epist.</strong></span> <span class='ocrx_word' id='word_1_847' title='bbox 2621 4985 2684 5038; x_wconf 86' lang='lat' dir='ltr'><strong>ad</strong></span> <span class='ocrx_word' id='word_1_848' title='bbox 2709 4986 2889 5059; x_wconf 73' lang='lat' dir='ltr'><strong>§_o|i_t.,</strong></span> <span class='ocrx_word' id='word_1_849' title='bbox 2923 5001 2975 5053; x_wconf 91' lang='lat' dir='ltr'><strong>p.</strong></span> <span class='ocrx_word' id='word_1_850' title='bbox 3008 4985 3106 5059; x_wconf 71' lang='grc'><strong>821</strong></span> <span class='ocrx_word' id='word_1_851' title='bbox 3138 5003 3149 5036; x_wconf 92' lang='lat'><strong>:</strong></span> <span class='ocrx_word' id='word_1_852' title='bbox 3179 4985 3475 5059; x_wconf 79' lang='lat' dir='ltr'><strong>Olympium</strong></span> 
     </span>
    </p>
   </div>
   <div class='ocr_carea' id='block_1_117' title="bbox 1878 5055 3476 5128">
    <p class='ocr_par' dir='ltr' id='par_1_117' title="bbox 1878 5055 3476 5128">
     <span class='ocr_line' id='line_1_117' title="bbox 1878 5055 3476 5128; baseline 0.002 -16"><span class='ocrx_word' id='word_1_853' title='bbox 1878 5074 1941 5112; x_wconf 79' lang='lat' dir='ltr'><strong>ea:</strong></span> <span class='ocrx_word' id='word_1_854' title='bbox 1979 5055 2156 5114; x_wconf 59' lang='lat' dir='ltr'><strong>Afnis.</strong></span> <span class='ocrx_word' id='word_1_855' title='bbox 2189 5068 2237 5111; x_wconf 82' lang='lat' dir='ltr'><strong>et</strong></span> <span class='ocrx_word' id='word_1_856' title='bbox 2268 5055 2590 5110; x_wconf 83' lang='lat' dir='ltr'><strong>Theodalum</strong></span> <span class='ocrx_word' id='word_1_857' title='bbox 2619 5073 2682 5110; x_wconf 75' lang='lat' dir='ltr'><strong>ea:</strong></span> <span class='ocrx_word' id='word_1_858' title='bbox 2713 5056 3047 5128; x_wconf 80' lang='lat' dir='ltr'><strong>TrajunOpoli</strong></span> <span class='ocrx_word' id='word_1_859' title='bbox 3073 5055 3253 5110; x_wconf 84' lang='lat' dir='ltr'><strong>ambos</strong></span> <span class='ocrx_word' id='word_1_860' title='bbox 3277 5055 3476 5128; x_wconf 75' lang='lat' dir='ltr'><strong>episco-</strong></span> 
     </span>
    </p>
   </div>
   <div class='ocr_carea' id='block_1_118' title="bbox 1877 5130 3471 5198">
    <p class='ocr_par' dir='ltr' id='par_1_118' title="bbox 1877 5130 3471 5198">
     <span class='ocr_line' id='line_1_118' title="bbox 1877 5130 3471 5198; baseline 0.003 -15"><span class='ocrx_word' id='word_1_861' title='bbox 1877 5147 1968 5198; x_wconf 87' lang='lat' dir='ltr'><strong>pos</strong></span> <span class='ocrx_word' id='word_1_862' title='bbox 2015 5130 2252 5185; x_wconf 78' lang='lat' dir='ltr'><strong>leracia:</strong></span> <span class='ocrx_word' id='word_1_863' title='bbox 2291 5130 2449 5183; x_wconf 83' lang='lat' dir='ltr'><strong>bonos</strong></span> <span class='ocrx_word' id='word_1_864' title='bbox 2497 5132 2766 5185; x_wconf 82' lang='lat' dir='ltr'><strong>calumniis</strong></span> <span class='ocrx_word' id='word_1_865' title='bbox 2811 5131 3185 5195; x_wconf 77' lang='lat' dir='ltr'><strong>impetiverunt.</strong></span> <span class='ocrx_word' id='word_1_866' title='bbox 3243 5131 3471 5190; x_wconf 73' lang='lat' dir='ltr'><strong>Eosdem</strong></span> 
     </span>
    </p>
   </div>
   <div class='ocr_carea' id='block_1_119' title="bbox 1876 5199 3468 5270">
    <p class='ocr_par' dir='ltr' id='par_1_119' title="bbox 1876 5199 3468 5270">
     <span class='ocr_line' id='line_1_119' title="bbox 1876 5199 3468 5270; baseline 0.001 -14"><span class='ocrx_word' id='word_1_867' title='bbox 1876 5203 1995 5257; x_wconf 87' lang='lat' dir='ltr'><strong>neci</strong></span> <span class='ocrx_word' id='word_1_868' title='bbox 2021 5201 2329 5270; x_wconf 84' lang='lat' dir='ltr'><strong>tradijubet</strong></span> <span class='ocrx_word' id='word_1_869' title='bbox 2348 5199 2696 5256; x_wconf 85' lang='lat' dir='ltr'><strong>Constantius</strong></span> <span class='ocrx_word' id='word_1_870' title='bbox 2713 5199 2853 5269; x_wconf 90' lang='lat' dir='ltr'><strong>apud</strong></span> <span class='ocrx_word' id='word_1_871' title='bbox 2875 5202 3082 5254; x_wconf 85' lang='lat' dir='ltr'><strong>Sucrat.</strong></span> <span class='ocrx_word' id='word_1_872' title='bbox 3107 5200 3198 5253; x_wconf 90' lang='lat' dir='ltr'><strong>lib.</strong></span> <span class='ocrx_word' id='word_1_873' title='bbox 3229 5217 3286 5264; x_wconf 87' lang='lat' dir='ltr'><strong>Il,</strong></span> <span class='ocrx_word' id='word_1_874' title='bbox 3315 5218 3363 5256; x_wconf 91' lang='lat' dir='ltr'><strong>c.</strong></span> <span class='ocrx_word' id='word_1_875' title='bbox 3380 5207 3468 5262; x_wconf 73' lang='lat'><strong>26.</strong></span> 
     </span>
    </p>
   </div>
   <div class='ocr_carea' id='block_1_120' title="bbox 1947 5271 3474 5347">
    <p class='ocr_par' dir='ltr' id='par_1_120' title="bbox 1947 5271 3474 5347">
     <span class='ocr_line' id='line_1_120' title="bbox 1947 5271 3474 5347; baseline 0.003 -20"><span class='ocrx_word' id='word_1_876' title='bbox 1947 5274 2020 5347; x_wconf 84' lang='lat' dir='ltr'><strong>(j)</strong></span> <span class='ocrx_word' id='word_1_877' title='bbox 2054 5273 2227 5347; x_wconf 78' lang='lat' dir='ltr'><strong>Faber</strong></span> <span class='ocrx_word' id='word_1_878' title='bbox 2251 5288 2370 5326; x_wconf 91' lang='lat' dir='ltr'><strong>cum</strong></span> <span class='ocrx_word' id='word_1_879' title='bbox 2402 5286 2502 5326; x_wconf 89' lang='lat' dir='ltr'><strong>ms.</strong></span> <span class='ocrx_word' id='word_1_880' title='bbox 2537 5273 2704 5347; x_wconf 85' lang='lat' dir='ltr'><strong>Pith.,</strong></span> <span class='ocrx_word' id='word_1_881' title='bbox 2736 5271 3055 5347; x_wconf 52' lang='lat' dir='ltr'><strong>Theodorus.</strong></span> <span class='ocrx_word' id='word_1_882' title='bbox 3085 5271 3224 5347; x_wconf 86' lang='lat' dir='ltr'><strong>Sirm</strong></span> <span class='ocrx_word' id='word_1_883' title='bbox 3257 5315 3272 5338; x_wconf 86' lang='lat'><strong>,</strong></span> <span class='ocrx_word' id='word_1_884' title='bbox 3308 5273 3474 5331; x_wconf 79' lang='lat' dir='ltr'><strong>Thea-</strong></span> 
     </span>
    </p>
   </div>
   <div class='ocr_carea' id='block_1_121' title="bbox 1876 5343 3476 5413">
    <p class='ocr_par' dir='ltr' id='par_1_121' title="bbox 1876 5343 3476 5413">
     <span class='ocr_line' id='line_1_121' title="bbox 1876 5343 3476 5413; baseline 0.003 -16"><span class='ocrx_word' id='word_1_885' title='bbox 1876 5343 2054 5400; x_wconf 73' lang='lat' dir='ltr'><strong>dosiis.</strong></span> <span class='ocrx_word' id='word_1_886' title='bbox 2099 5345 2174 5400; x_wconf 83' lang='lat' dir='ltr'><strong>Ex</strong></span> <span class='ocrx_word' id='word_1_887' title='bbox 2219 5359 2348 5399; x_wconf 79' lang='lat' dir='ltr'><strong>mox</strong></span> <span class='ocrx_word' id='word_1_888' title='bbox 2399 5345 2670 5400; x_wconf 87' lang='lat' dir='ltr'><strong>aunutatis</strong></span> <span class='ocrx_word' id='word_1_889' title='bbox 2715 5346 2880 5413; x_wconf 90' lang='lat' dir='ltr'><strong>liquet</strong></span> <span class='ocrx_word' id='word_1_890' title='bbox 2920 5343 3309 5411; x_wconf 63' lang='lat' dir='ltr'><strong>praeferendum</strong></span> <span class='ocrx_word' id='word_1_891' title='bbox 3354 5364 3476 5405; x_wconf 83' lang='lat' dir='ltr'><strong>esse</strong></span> 
     </span>
    </p>
   </div>
   <div class='ocr_carea' id='block_1_122' title="bbox 1879 5415 2199 5471">
    <p class='ocr_par' dir='ltr' id='par_1_122' title="bbox 1879 5415 2199 5471">
     <span class='ocr_line' id='line_1_122' title="bbox 1879 5415 2199 5471; baseline 0 -2"><span class='ocrx_word' id='word_1_892' title='bbox 1879 5415 2199 5471; x_wconf 82' lang='lat' dir='ltr'><strong>Tlteodulus.</strong></span> 
     </span>
    </p>
   </div>
   <div class='ocr_carea' id='block_1_123' title="bbox 1947 5487 3470 5563">
    <p class='ocr_par' dir='ltr' id='par_1_123' title="bbox 1947 5487 3470 5563">
     <span class='ocr_line' id='line_1_123' title="bbox 1947 5487 3470 5563; baseline 0.003 -20"><span class='ocrx_word' id='word_1_893' title='bbox 1947 5487 2130 5563; x_wconf 77' lang='lat' dir='ltr'><strong>(k)_lt_a</strong></span> <span class='ocrx_word' id='word_1_894' title='bbox 2175 5503 2298 5544; x_wconf 88' lang='lat' dir='ltr'><strong>cum</strong></span> <span class='ocrx_word' id='word_1_895' title='bbox 2332 5487 2632 5563; x_wconf 85' lang='lat' dir='ltr'><strong>Athanasio</strong></span> <span class='ocrx_word' id='word_1_896' title='bbox 2667 5502 2731 5542; x_wconf 89' lang='lat' dir='ltr'><strong>ac</strong></span> <span class='ocrx_word' id='word_1_897' title='bbox 2778 5487 3119 5563; x_wconf 56' lang='lat' dir='ltr'><strong>[itemfor-etp</strong></span> <span class='ocrx_word' id='word_1_898' title='bbox 3149 5490 3320 5563; x_wconf 53' lang='lat' dir='ltr'><strong>viter</strong></span> <span class='ocrx_word' id='word_1_899' title='bbox 3351 5491 3470 5547; x_wconf 85' lang='lat' dir='ltr'><strong>Sir-</strong></span> 
     </span>
    </p>
   </div>
   <div class='ocr_carea' id='block_1_124' title="bbox 1879 5555 3469 5632">
    <p class='ocr_par' dir='ltr' id='par_1_124' title="bbox 1879 5555 3469 5632">
     <span class='ocr_line' id='line_1_124' title="bbox 1879 5555 3469 5632; baseline 0.004 -18"><span class='ocrx_word' id='word_1_900' title='bbox 1879 5555 2060 5614; x_wconf 80' lang='lat' dir='ltr'><strong>mondi</strong></span> <span class='ocrx_word' id='word_1_901' title='bbox 2094 5561 2378 5616; x_wconf 87' lang='lat' dir='ltr'><strong>lectiones.</strong></span> <span class='ocrx_word' id='word_1_902' title='bbox 2408 5559 2478 5616; x_wconf 87' lang='lat' dir='ltr'><strong>At</strong></span> <span class='ocrx_word' id='word_1_903' title='bbox 2499 5574 2624 5613; x_wconf 89' lang='lat' dir='ltr'><strong>cum</strong></span> <span class='ocrx_word' id='word_1_904' title='bbox 2657 5573 2768 5614; x_wconf 89' lang='lat' dir='ltr'><strong>mss</strong></span> <span class='ocrx_word' id='word_1_905' title='bbox 2795 5558 2939 5613; x_wconf 91' lang='lat' dir='ltr'><strong>Pith.</strong></span> <span class='ocrx_word' id='word_1_906' title='bbox 2974 5567 3027 5613; x_wconf 90' lang='lat' dir='ltr'><strong>et</strong></span> <span class='ocrx_word' id='word_1_907' title='bbox 3066 5555 3220 5613; x_wconf 82' lang='lat' dir='ltr'><strong>Culb.</strong></span> <span class='ocrx_word' id='word_1_908' title='bbox 3256 5557 3428 5620; x_wconf 81' lang='lat' dir='ltr'><strong>Faber</strong></span> <span class='ocrx_word' id='word_1_909' title='bbox 3454 5607 3469 5632; x_wconf 89' lang='lat'><strong>,</strong></span> 
     </span>
    </p>
   </div>
   <div class='ocr_carea' id='block_1_125' title="bbox 1875 5633 2213 5704">
    <p class='ocr_par' dir='ltr' id='par_1_125' title="bbox 1875 5633 2213 5704">
     <span class='ocr_line' id='line_1_125' title="bbox 1875 5633 2213 5704; baseline 0 -18"><span class='ocrx_word' id='word_1_910' title='bbox 1875 5633 2213 5704; x_wconf 85' lang='lat' dir='ltr'><strong>suspiciones.</strong></span> 
     </span>
    </p>
   </div>
   <div class='ocr_carea' id='block_1_126' title="bbox 1948 5701 3468 5777">
    <p class='ocr_par' dir='ltr' id='par_1_126' title="bbox 1948 5701 3468 5777">
     <span class='ocr_line' id='line_1_126' title="bbox 1948 5701 3468 5777; baseline 0.003 -18"><span class='ocrx_word' id='word_1_911' title='bbox 1948 5701 2016 5775; x_wconf 79' lang='grc' dir='ltr'><strong>(ἰ)</strong></span> <span class='ocrx_word' id='word_1_912' title='bbox 2063 5704 2317 5759; x_wconf 85' lang='lat' dir='ltr'><strong>Marcello</strong></span> <span class='ocrx_word' id='word_1_913' title='bbox 2359 5712 2412 5777; x_wconf 83' lang='lat' dir='ltr'><strong>et</strong></span> <span class='ocrx_word' id='word_1_914' title='bbox 2460 5701 2765 5777; x_wconf 70' lang='lat' dir='ltr'><strong>Athanasio</strong></span> <span class='ocrx_word' id='word_1_915' title='bbox 2811 5703 3068 5777; x_wconf 81' lang='lat' dir='ltr'><strong>Asclepas</strong></span> <span class='ocrx_word' id='word_1_916' title='bbox 3125 5704 3370 5777; x_wconf 80' lang='lat' dir='ltr'><strong>jungitur</strong></span> <span class='ocrx_word' id='word_1_917' title='bbox 3417 5710 3468 5765; x_wconf 91' lang='lat' dir='ltr'><strong>in</strong></span> 
     </span>
    </p>
   </div>
   <div class='ocr_carea' id='block_1_127' title="bbox 1875 5774 3476 5847">
    <p class='ocr_par' dir='ltr' id='par_1_127' title="bbox 1875 5774 3476 5847">
     <span class='ocr_line' id='line_1_127' title="bbox 1875 5774 3476 5847; baseline 0.004 -16"><span class='ocrx_word' id='word_1_918' title='bbox 1875 5774 2070 5844; x_wconf 65' lang='lat' dir='ltr'><strong>gramis</strong></span> <span class='ocrx_word' id='word_1_919' title='bbox 2094 5775 2503 5847; x_wconf 84' lang='lat' dir='ltr'><strong>exemplaribus</strong></span> <span class='ocrx_word' id='word_1_920' title='bbox 2537 5776 2630 5847; x_wconf 89' lang='lat' dir='ltr'><strong>:_in</strong></span> <span class='ocrx_word' id='word_1_921' title='bbox 2660 5775 2856 5847; x_wconf 61' lang='lat' dir='ltr'><strong>(litibus</strong></span> <span class='ocrx_word' id='word_1_922' title='bbox 2885 5774 3081 5831; x_wconf 86' lang='lat' dir='ltr'><strong>deinde</strong></span> <span class='ocrx_word' id='word_1_923' title='bbox 3103 5774 3301 5847; x_wconf 71' lang='lat' dir='ltr'><strong>exstat,</strong></span> <span class='ocrx_word' id='word_1_924' title='bbox 3336 5793 3390 5835; x_wconf 88' lang='lat' dir='ltr'><strong>ut</strong></span> <span class='ocrx_word' id='word_1_925' title='bbox 3426 5793 3476 5838; x_wconf 84' lang='lat' dir='ltr'><strong>et</strong></span> 
     </span>
    </p>
   </div>
   <div class='ocr_carea' id='block_1_128' title="bbox 1876 5845 2727 5919">
    <p class='ocr_par' dir='ltr' id='par_1_128' title="bbox 1876 5845 2727 5919">
     <span class='ocr_line' id='line_1_128' title="bbox 1876 5845 2727 5919; baseline -0.005 -18"><span class='ocrx_word' id='word_1_926' title='bbox 1876 5847 2232 5919; x_wconf 80' lang='lat' dir='ltr'><strong>imperatores,</strong></span> <span class='ocrx_word' id='word_1_927' title='bbox 2263 5845 2400 5913; x_wconf 85' lang='lat' dir='ltr'><strong>etc.,</strong></span> <span class='ocrx_word' id='word_1_928' title='bbox 2428 5846 2479 5900; x_wconf 90' lang='lat' dir='ltr'><strong>in</strong></span> <span class='ocrx_word' id='word_1_929' title='bbox 2515 5845 2727 5915; x_wconf 87' lang='lat' dir='ltr'><strong>plurali.</strong></span> 
     </span>
    </p>
   </div>
  </div>
