4062 6332
554 295 659 350 635

1755 290 2002 354 SANC'I'I
2040 288 2300 350 HILARII
2343 286 2649 353 EPISCOPI

3740 297 3834 353 656

553 428 616 468 ea
644 411 846 467 diutius
876 413 1172 480 occultare,
1212 422 1481 471 venerunt
1511 414 1730 471 tandem
1755 415 1807 470 in
1845 414 2156 471 Sardicensi
2182 414 2234 480 Α
2264 428 2565 489 terrogatus
2585 415 2799 489 dicebat
2824 460 2839 485 ,
2862 418 3005 473 intus
3034 429 3092 472 se
3120 415 3286 472 fuisse
3310 414 3527 487 quando
3548 429 3837 487 superven-

553 504 792 571 civitate;
817 513 876 561 ut
890 515 1116 578 propter
1134 507 1502 578 praesentiam,
1526 509 1890 580 suspicionem
1907 508 1986 583 (α)
2003 510 2159 581 quasi

554 601 681 657 mali
703 606 856 658 actus
869 602 1185 660 viderentur
1201 604 1778 661 exelttdere.Videutes
1797 605 1940 661 enim
1958 614 2054 659 eos
2065 603 2157 674 qui

551 710 583 750 a
627 707 687 749 se
717 693 922 750 fuerant
975 695 1125 752 falsis
1171 697 1415 766 oppressi
1464 695 1816 764 testimoniis,
1866 709 1963 752 eos
1991 694 2157 751 etiam

555 785 631 860 (ὁ)
665 803 800 858 quos
826 788 1305 846 vehementissime
1329 796 1740 863 oppugnarunt;
1772 803 1838 846 ex
1873 788 1977 844 alia
2008 796 2159 859 parte

553 889 898 937 accusatores
949 884 1320 949 conscientiae,
1379 885 1543 937 etiam
1593 896 1813 938 suorum
1870 880 2156 937 criminum

557 973 856 1042 proditores
889 989 1000 1042 pne
1025 974 1200 1029 oculis
1230 974 1493 1031 habentes
1506 974 1638 1042 suis,
1661 973 1845 1029 venire
1858 975 2031 1028 vocati
2049 985 2156 1028 non

557 1075 844 1137 potuerunt
867 1066 1058 1140 (erc.
1093 1069 1426 1139 noluerunt),
1456 1069 1689 1123 maxime
1713 1066 2158 1123 consacerdotqu

564 1168 870 1213 nostrorum
889 1156 1190 1227 Athanasii,
1217 1160 1452 1215 Marcelli
1480 1171 1533 1215 et
1562 1160 1799 1231 Asclepii
1828 1158 2158 1214 conscientia

558 1252 853 1320 perturbati
898 1254 1032 1321 :qui
1082 1262 1135 1308 et
1181 1252 1545 1323 implorabant
1588 1251 1849 1321 judicium
1884 1250 2006 1322 (et)
2037 1264 2151 1320 pro-

556 1340 824 1395 vocabunt
861 1350 1205 1398 accusatores
1230 1382 1245 1409 ,
1294 1352 1353 1398 ut
1378 1357 1473 1399 eos
1511 1358 1617 1399 non
1667 1344 1841 1399 solum
1870 1341 2161 1398 convince-

558 1444 681 1492 rent
703 1435 777 1492 de
803 1438 866 1492 iis
908 1452 1030 1509 quae
1070 1438 1356 1494 adversum
1404 1453 1526 1495 sese
1570 1438 1702 1493 falsa
1741 1439 2156 1502 conﬂuxerant,

557 1545 745 1586 verum
770 1532 933 1585 etiam
958 1547 1077 1603 qua:
1098 1532 1356 1588 adversus
1389 1533 1660 1589 Ecclesias
1683 1532 1755 1606 (c)
1788 1534 1949 1603 impia
1977 1545 2040 1586 ac
2067 1546 2160 1587 ne—

559 1621 691 1676 faria
716 1623 1116 1689 commiserant,
1140 1623 1452 1680 educerent.
1474 1623 1670 1679 Verum
1694 1624 1767 1678 illi
1787 1630 1935 1678 tanto
1952 1632 2160 1678 terrore

555 1717 720 1790 035
752 1716 1131 1788 comprehensi
1161 1729 1309 1786 sunt,
1343 1728 1402 1773 ut
1431 1717 1609 1788 iugata
1661 1715 1939 1783 facerent;
1973 1725 2029 1771 et
2068 1730 2161 1786 per

2259 521 2371 567 tum
2402 486 2527 564 fecit
2558 486 2859 564 Macbarins
2881 551 2897 576 ,
2929 509 3293 578 interregatns
3330 486 3575 572 dicebat,
3603 486 3836 564 famosis-

2255 606 2451 662 simum
2484 605 2633 660 iilnm
2659 604 2888 676 Scyrum
2913 603 3272 660 infirmantem
3295 604 3349 658 itt
3379 602 3611 659 ecclesia
3637 604 3709 675 (ἐν
3737 606 3837 660 aui-

2255 698 2369 773 λεῳ)
2395 698 2632 770 iacuisse
2674 715 2689 754 :
2722 705 2782 753 ut
2814 704 2881 753 ex
2911 696 3016 753 hoc
3046 704 3338 768 appareat,
3385 710 3450 752 es
3490 701 3606 751 toto
3648 703 3839 768 my~tea

2256 793 2399 849 riam
2448 805 2553 846 non
2595 789 2762 847 fuisse
2790 791 3120 846 celebratum
3144 832 3160 856 ,
3208 805 3277 844 eo
3301 790 3447 860 quod
3477 790 3838 847 catecbnnteni

2259 886 2404 940 intus
2444 883 2661 949 iuerint,
2696 884 2772 956 (g)
2800 883 2894 939 sed
2926 883 3067 938 male
3098 882 3358 938 habentes
3381 882 3676 951 jacuerint.
3719 882 3838 937 Nam

2257 986 2313 1033 et
2342 977 2456 1046 ipse
2487 978 2649 1032 totius
2670 976 2889 1031 malitiae
2906 976 3107 1049 Scyrus
3130 982 3543 1040 commentator,
3579 978 3843 1034 exussisse

2262 1071 2616 1127 Athanasium
2653 1071 2941 1140 quemdam
2972 1071 3040 1127 de
3069 1071 3268 1126 divinis
3313 1070 3613 1141 Scripturis
3657 1071 3843 1126 libram

2260 1165 2494 1221 dicebat.
2529 1164 2607 1219 Ad
2652 1163 2757 1219 hoc
2797 1163 3075 1218 convictus
3098 1163 3343 1219 conﬁteri
3385 1168 3584 1233 ctepit,
3614 1164 3848 1218 infirma»

2262 1267 2371 1314 tum
2400 1273 2458 1312 se
2487 1256 2651 1312 inisse
2679 1256 2894 1326 quando
2928 1255 3230 1311 Diacharins
3265 1270 3501 1324 praesens
3532 1255 3667 1320 fuit;
3698 1264 3757 1309 ttt
3781 1270 3844 1311 ex

2263 1356 2364 1409 hoc
2395 1356 2552 1410 etiam
2599 1352 2791 1409 falsum
2826 1361 3017 1407 testem
3048 1351 3200 1407 illum
3247 1349 3325 1423 (It)
3371 1364 3493 1407 esse
3543 1358 3846 1420 appareret.

2262 1448 2506 1517 Denique
2536 1446 2788 1502 falsitatis
2816 1445 3098 1518 praemium
3150 1444 3324 1500 eidem
3375 1443 3546 1518 Scyro
3592 1445 3847 1501 honorem

2263 1541 2455 1617 (Gneo.
2490 1539 2681 1616 ὄνομα,
2712 1540 2934 1611 nomen)
2961 1541 3307 1611 episcopatus
3335 1539 3624 1605 dederunt,
3648 1539 3850 1596 homini

2262 1638 2351 1709 qui
2385 1651 2558 1707 neque
2595 1634 2762 1708 626
2803 1633 3086 1707 presbyter
3128 1633 3344 1704 quidem
3390 1633 3511 1688 fuit.
3563 1632 3850 1688 Venientes

2263 1731 2407 1785 enim
2440 1728 2546 1784 duo
2572 1728 2873 1800 presbyteri
2898 1741 3042 1783 nunc
3068 1726 3134 1782 ad
3161 1725 3449 1783 concilium
3481 1724 3594 1799 (qui
3634 1738 3704 1780 eo
3728 1735 3853 1780 tem-

557 1813 704 1867 illam
733 1812 912 1881 fugam
944 1811 1234 1868 falsitatem
1258 1827 1411 1869 suam
1440 1813 1754 1884 detegerent
1774 1826 1839 1867 ac
1867 1810 2152 1867 nudarent.
2184 1820 2231 1883 Β
2262 1822 2409 1894 poris
2447 1836 2567 1877 cum
2601 1820 2803 1876 Μριίιίο
2851 1816 3061 1876 fueram
3083 1861 3097 1887 ,
3133 1818 3475 1889 postmodum
3519 1819 3590 1875 ab
3617 1819 3852 1876 Αιειεηι-

629 1906 685 1961 5.
726 1903 999 1960 Athanasii
1032 1907 1322 1961 innocentia
1366 1905 1749 1978 comprobatur.
1799 1934 1870 1946 —
1913 1904 2154 1960 Tametsi

560 2014 667 2053 non
699 1998 875 2054 solum
927 2014 996 2054 ex
1046 1999 1316 2070 prioribus
1336 2041 1352 2069 ,
1384 2000 1479 2055 sed
1511 2002 1673 2055 etiam
1708 2015 1773 2055 ex
1806 1999 1923 2054 istis
1953 1998 2155 2053 malitia

560 2111 747 2151 eorum
799 2103 854 2149 et
906 2092 1116 2149 falsitas
1145 2094 1525 2151 ostenderetur
1556 2112 1572 2154 ;
1606 2106 1664 2150 ut
1712 2108 1812 2150 nec
1850 2094 2155 2149 existimata

561 2186 685 2258 fuga
715 2186 842 2263 (leg.
878 2195 1060 2244 tamen
1084 2197 1139 2242 ut
1168 2202 1268 2243 nec
1293 2202 1355 2243 es
1382 2187 1483 2243 ista
1518 2186 1662 2259 iuga)
1692 2187 2036 2242 occasionem
2058 2184 2155 2240 aii-

559 2295 721 2352 quam
748 2282 972 2337 alterius
996 2281 1153 2337 malae
1179 2284 1314 2336 artis
1354 2281 1601 2336 invenire
1645 2287 1906 2352 possent;
1957 2277 2156 2349 proba-

560 2375 769 2440 vimus,
816 2375 1116 2431 secundum
1150 2375 1432 2430 veritatem
1473 2384 1528 2430 et
1573 2375 1839 2430 rationem
1885 2373 2158 2444 (veritatis

562 2466 853 2541 rationem)
882 2483 944 2524 ea
971 2509 986 2533 ,
1018 2483 1141 2539 qua:
1175 2469 1246 2523 ab
1278 2469 1383 2522 illis
1422 2468 1712 2522 commissa
1760 2474 1888 2521 sunt
1908 2502 1926 2531 ,
1959 2466 2160 2536 inquiri

560 2562 870 2633 oportuisse
906 2578 919 2616 :
952 2571 1009 2618 et
1037 2563 1341 2617 invenimus
1386 2576 1482 2617 eos
1526 2561 1688 2616 etiam
1733 2561 1803 2617 de
1855 2559 1942 2616 his
1994 2560 2163 2618 fuisse

563 2652 855 2710 mendaces
876 2690 893 2722 ,
937 2663 993 2711 et
1038 2653 1174 2710 nihil
1203 2656 1350 2710 alintl
1381 2669 1541 2726 quam
1572 2654 2029 2726 impugnationem
2058 2653 2159 2709 ad-

562 2763 755 2805 versus
782 2749 1202 2807 consacerdotes
1221 2761 1438 2807 nostros
1460 2750 1789 2806 exercuisse.
1816 2750 1985 2816 Quem
2015 2750 2157 2805 enim

563 2842 813 2899 dicebant
862 2846 930 2900 ab
984 2843 1282 2899 Athanasio
1329 2843 1673 2899 interiectum
1730 2841 1898 2898 fuisse
1940 2839 2160 2896 nomine

563 2936 854 2994 Arsenium
881 2979 896 3005 ,
931 2937 1164 2996 habetur
1211 2940 1264 2993 in
1311 2953 1538 2994 numero
1567 2937 1834 2993 vivorum.
1893 2935 2046 2993 Unde
2092 2951 2159 2992 es

564 3031 667 3088 hoc
691 3031 855 3088 etiam
894 3042 1088 3089 caetera
1109 3072 1124 3100 ,
1153 3048 1275 3104 quae
1306 3032 1375 3088 ab
1426 3033 1557 3103 ipsis
1579 3032 1958 3103 jactabautur,
1989 3030 2162 3102 patuit

563 3138 687 3181 esse
716 3125 872 3197 plena
910 3126 1177 3182 mendacii
1204 3135 1260 3181 et
1286 3124 1558 3181 falsitatis.
1585 3125 1738 3192 Quod
1761 3132 1940 3180 autem
1971 3123 2038 3180 de
2068 3138 2161 3179 ca-

2259 1917 2358 1972 dro
2386 1917 2643 1987 episcopo
2674 1913 3016 1972 Alexandria:
3053 1914 3224 1971 beatrc
3274 1914 3547 1969 memoriae
3574 1916 3697 1969 viro
3744 1930 3854 1971 sus-

2258 2008 2397 2076 cepti
2427 2016 2552 2063 sunt
2572 2048 2586 2072 ,
2615 2021 2757 2061 nunc
2786 2022 2908 2061 cum
2948 2005 3242 2062 Athanasio
3282 2005 3504 2077 agunt),
3535 2009 3718 2061 testati
3739 2016 3855 2064 sunt

2261 2118 2525 2174 nusquam
2555 2101 2779 2157 omnino
2818 2102 2976 2155 istum
3016 2099 3201 2156 Melitii
3244 2100 3411 2155 fuisse
3440 2099 3853 2171 presbyterum,

2261 2213 2434 2267 neque
2465 2194 2686 2251 omnino
2716 2192 2970 2250 habuisse
3004 2204 3129 2249 eum
3162 2190 3419 2247 Melitium
3466 2191 3531 2264 (ἕ)
3573 2193 3627 2246 in
3667 2192 3853 2248 eodem

2260 2290 2381 2347 loco
2406 2332 2421 2356 ,
2453 2288 2594 2361 apud
2625 2287 2917 2343 Marcotem
2942 2327 2957 2352 ,
3004 2285 3290 2342 ecclesiam
3312 2327 3326 2349 ,
3370 2299 3471 2341 nec
3498 2284 3809 2340 ministrum
3839 2303 3852 2340 :

2263 2397 2424 2455 quem
2454 2390 2636 2438 tamen
2666 2395 2809 2435 nunc
2837 2378 2984 2434 velut
3014 2377 3329 2449 episcopum
3362 2376 3514 2432 illum
3551 2391 3741 2433 secum
3768 2378 3857 2432 ad-

2260 2474 2548 2541 duxerunt,
2563 2473 2788 2545 quiante
2803 2487 2901 2527 nec
2915 2471 3300 2544 presbytertuit
3320 2477 3407 2527 :ut
3423 2471 3641 2526 nomine
3654 2472 3858 2542 episeo-

2263 2578 2417 2639 patus
2431 2566 2714 2622 videantur
2731 2564 3017 2622 falsitatem
3040 2579 3189 2619 suam
3209 2573 3388 2633 tegere
3399 2563 3536 2634 apud
3555 2565 3849 2622 audientes.

2334 2662 2389 2716 6.
2433 2660 2715 2716 Marcellus
2750 2670 2796 2715 et
2834 2657 3076 2730 Asclepas
3106 2658 3596 2730 irrepreheusibiles.
3630 2690 3704 2701 —
3731 2659 3855 2716 Lec-

2267 2765 2352 2808 tus
2378 2763 2557 2808 autem
2586 2761 2669 2808 est
2711 2760 2764 2806 et
2808 2750 2982 2813 iiber.
3024 2764 3184 2821 quem
3214 2751 3543 2820 conscripsit
3588 2748 3759 2807 frater
3804 2761 3855 2808 et

2262 2848 2615 2918 coepiscopus
2644 2854 2825 2902 uoster
2856 2845 3139 2900 Marcellus
3165 2862 3181 2900 :
3212 2854 3268 2900 et
3296 2846 3511 2900 iuventa
3533 2856 3619 2901 ρει
3648 2845 3729 2919 (j)
3757 2845 3854 2901 Ett-

2264 2940 2400 2997 sebii
2424 2949 2475 2995 et
2506 2938 2597 3010 qui
2626 2955 2748 2993 cum
2786 2938 2904 3009 ipso
2936 2937 3150 2992 fuerant
3177 2937 3441 3007 exquisita
3471 2937 3702 2992 malitia.
3733 2937 3852 3006 Qua:

2263 3035 2409 3089 enim
2461 3043 2519 3088 ut
2570 3047 2878 3103 proponens
2934 3029 3218 3086 Marcellus
3266 3029 3474 3101 posuit,
3521 3029 3642 3086 h:rc
3671 3031 3851 3085 cadent

2264 3128 2416 3198 quasi
2473 3128 2586 3197 jam
2636 3124 2994 3197 comprobans
3062 3123 3369 3194 proferret,
3439 3122 3845 3179 adsimttlarnnt.

565 3220 668 3275 lice
693 3219 864 3275 fracto
903 3219 1079 3291 aliqua
1112 3218 1471 3290 loquebantur
1502 3218 1633 3292 (leg.
1669 3228 1940 3289 tamquam
1987 3215 2159 3272 fracto
2188 3225 2235 3290 ρ
2266 3224 2428 3279 Lecta
2461 3231 2587 3276 sunt
2619 3234 2750 3291 ergo
2783 3233 2903 3290 quas
2932 3219 3298 3289 sequebantur
3322 3260 3335 3283 ,
3365 3217 3504 3273 lecta
3529 3216 3694 3273 etiam
3743 3232 3857 3288 quas

566 3312 966 3383 loquebantur)
1017 3327 1047 3366 a
1124 3312 1396 3367 Macbario
1464 3312 1781 3383 presbytero
1845 3308 2163 3375 Athanasii;

564 3404 646 3478 (d)
677 3407 951 3462 testiﬁcati
979 3407 1069 3478 qui
1094 3417 1389 3477 pratsentes
1415 3404 1635 3461 fuerunt
1657 3420 1724 3462 ex
1753 3405 2077 3461 Alexandria
2098 3404 2168 3461 de

564 3500 757 3556 eodem
788 3501 908 3555 loco
927 3542 942 3568 ,
971 3515 1039 3556 eo
1062 3500 1206 3570 quod
1236 3500 1371 3555 nihil
1394 3501 1500 3555 tale
1530 3511 1678 3557 esset
1716 3498 1941 3556 factum.
1971 3499 2080 3555 Sed
2111 3508 2168 3557 et

463 3616 468 3622 ~
568 3595 807 3665 episcOpi
846 3595 1147 3651 scribentes
1187 3609 1250 3652 es
1282 3594 1520 3668 )Egypm
1556 3596 1622 3651 ad
1645 3594 1847 3651 Iulium
1877 3608 2169 3651 consacer-

566 3692 749 3750 dotem
782 3702 1025 3749 nostrum
1045 3736 1058 3759 ,
1089 3693 1304 3751 abunde
1333 3703 1741 3760 asseveraruut,
1774 3708 1874 3749 nec
1894 3692 2162 3762 suspicio-

566 3802 688 3843 nem
722 3787 1031 3857 hujusutodi
1079 3787 1279 3844 ibidem
1331 3786 1496 3844 fuisse
1527 3785 1748 3859 (Exstat
1796 3786 1905 3841 hac
1944 3786 2163 3859 epistola

564 3882 707 3952 apud
733 3880 1010 3950 Λήμνιαι,
1041 3891 1077 3937 t.
1115 3898 1153 3947 ι,
1188 3899 1240 3951 p.
1272 3882 1425 3952 ΗΞ).
1477 3882 1672 3938 Dicunt
1698 3887 1879 3937 autem
1921 3880 1995 3953 (ε)
2042 3889 2160 3935 acta

564 3977 722 4032 etiam
746 3992 805 4032 se
835 3977 1034 4033 habere
1055 3978 1316 4034 adversus
1340 3979 1513 4048 ipsum
1548 3996 1561 4033 :
1587 3993 1707 4049 qua:
1735 3976 1934 4032 habent
1954 3986 2157 4041 autem,

564 4068 789 4126 absente
820 4080 972 4141 parte
1013 4072 1181 4128 altera
1214 4082 1424 4128 constat
1456 4071 1620 4129 fuisse
1664 4070 1933 4129 confecta.
1971 4069 2049 4142 (f)
2079 4069 2164 4127 Si-

566 4162 678 4220 mul
729 4173 908 4221 tamen
940 4166 1069 4236 ipsis
1114 4167 1254 4223 actis
1290 4165 1505 4239 gentilis
1534 4176 1587 4221 et
1611 4166 2035 4223 catechumenos
2077 4164 2161 4221 iu-

577 4401 590 4419 ’
637 4328 726 4419 (tl),
744 4328 934 4419 Graece
956 4373 970 4397 ,
1002 4331 1242 4389 ὑπόνοιαν
1262 4331 1331 4394 ὡς
1357 4334 1427 4404 μὴ
1453 4328 1907 4403 πλημμελήσαντα
1951 4324 2164 4394 δόξωσιν

567 4405 919 4527 ἀποῖφεσθαι.
1959 4470 1970 4481 .

642 4476 659 4543 (
698 4472 717 4544 )
742 4474 1049 4545 Legendum
1072 4488 1195 4529 esse
1214 4489 1364 4545 quos,
1398 4485 1506 4529 non
1531 4480 1589 4527 ut
1619 4471 1673 4526 iu
1698 4478 1825 4527 ante
1843 4469 2003 4526 editts
2025 4476 2160 4541 post,

569 4546 758 4600 suadet
782 4558 991 4614 graecus
1018 4560 1219 4601 sermo.

2268 3314 2566 3387 anteposita
2601 3320 2758 3368 erant
2783 3309 3103 3384 quaestioni;
3135 3317 3190 3365 et
3230 3317 3378 3365 recta
3423 3309 3558 3364 fides
3612 3308 3729 3379 ejus
3775 3310 3853 3362 in-

2269 3422 2427 3467 venta
2462 3419 2562 3465 est.
2597 3407 2781 3479 Neque
2804 3407 2950 3462 enim
2986 3421 3016 3461 a
3044 3414 3234 3459 sancta
3257 3402 3476 3474 Virgine
3504 3401 3696 3470 Maria,
3727 3404 3856 3457 sicut

2267 3506 2369 3576 ipsi
2399 3502 2798 3571 contingebant,
2829 3499 3038 3555 initium
3070 3496 3148 3571 (It)
3184 3498 3348 3552 dabat
3373 3496 3483 3552 Deo
3519 3494 3738 3561 Verbo;
3766 3512 3855 3551 ne-

2267 3614 2372 3671 que
2395 3600 2556 3652 finem
2582 3594 2783 3650 habere
2804 3609 3030 3664 regnum
3054 3592 3173 3663 ejus
3193 3634 3207 3657 ,
3237 3590 3332 3647 sed
3357 3600 3578 3660 regnum
3602 3590 3725 3661 ejus
3748 3592 3858 3647 sine

2275 3693 2540 3766 principio
2562 3708 2626 3748 ac
2647 3692 2766 3747 sine
2796 3692 2902 3746 line
2922 3705 3045 3746 esse
3070 3687 3413 3758 conscripsit.
3453 3684 3560 3743 Sed
3586 3687 3861 3757 Asclepios

2271 3790 2628 3859 coepiscopus
2658 3793 2844 3841 uoster
2873 3794 2988 3838 acta
3019 3781 3272 3855 pretuiit,
3318 3795 3440 3852 quae
3464 3778 3713 3835 confecta
3743 3789 3863 3835 sunt

2273 3885 2413 3959 apud
2439 3881 2777 3940 Antiochiam
2809 3879 3169 3952 praesentibus
3197 3875 3522 3931 adversariis
3544 3883 3600 3930 ct
3634 3872 3862 3930 Eusebio

2266 3998 2331 4036 ex
2359 3980 2628 4043 Ctesarea,
2652 3983 2706 4030 et
2731 3989 2795 4030 ex
2827 3973 3112 4030 sententiis
3140 3970 3207 4043 (Ι)
3233 3968 3532 4040 judicatum
3554 3966 3861 4039 episcopum

2264 4070 2570 4131 ostendisse
2599 4078 2722 4124 esse
2745 4063 3310 4138 inreprehensibilem.

2338 4168 2392 4221 7.
2449 4164 2859 4219 Ensebiauorum
2895 4162 3088 4217 scelera
3109 4201 3124 4228 ,
3158 4160 3365 4215 nomina
3396 4167 3441 4214 et
3469 4166 3630 4212 artes.
3664 4185 3734 4196 —
3760 4151 3865 4210 lle-

2344 4324 2423 4395 (It)
2465 4322 2725 4379 Additnus
2751 4335 2953 4395 esseea
2976 4318 3135 4395 variis
3158 4317 3479 4395 let-tionibus
3501 4315 3670 4371 Sirtn.

2343 4389 2413 4466 (ii-
2443 4395 2631 4451 Grazce
2671 4395 2825 4448 abest
2860 4394 2932 4466 in_
2956 4392 3131 4466 eodem
3171 4391 3285 4444 loco
3316 4407 3334 4445 :
3365 4389 3611 4458 adeoque
3643 4389 3859 4466 signia.

2272 4460 2444 4529 catur.
2480 4467 2746 4523 Melctium
2792 4480 2897 4518 non
2924 4464 2973 4516 itt
3006 4460 3241 4534 Ischyrat
3284 4470 3489 4534 tantum
3520 4460 3731 4534 patria,
3769 4461 3859 4517 sed

2275 4555 2374 4594 nec
2407 4540 2461 4594 in
2490 4539 2634 4593 omni
2663 4535 2883 4590 omnino
2914 4531 3152 4589 Mareote
3194 4532 3355 4588 ullam
3396 4531 3656 4585 habuisse
3694 4535 3860 4588 eccle-

639 4619 712 4686 (c)
739 4602 960 4695 Gnaeus
994 4631 1184 4695 sermo
1226 4618 1311 4672 bic
1353 4615 1590 4695 postulat
1632 4613 1755 4670 addi
1794 4615 2025 4687 ipsorum
2057 4653 2072 4680 ,
2108 4621 2161 4668 et
2188 4632 2244 4695 Ι)
2273 4613 2408 4695 siam
2456 4611 2535 4695 rei
2587 4607 2935 4695 ministrum.
2958 4605 3561 4695 Exﬂqguouseqtl'tttta,"
3586 4602 3860 4695 iscbyrarn

567 4704 695 4743 mox
724 4690 1073 4756 conscientiae,
1110 4698 1229 4751 post
1259 4689 1580 4744 vocabulum
1605 4696 1818 4741 terrore.

641 4759 721 4830 (ά)
764 4762 842 4816 Ex
877 4754 1172 4816 Athanasio
1210 4771 1265 4816 et
1303 4759 1647 4816 Theodoreto
1689 4760 1767 4814 sic
1805 4754 2161 4830 corrigendns

568 4840 653 4887 est
683 4828 772 4888 hic
798 4837 946 4887 locus
973 4850 987 4888 :
1012 4834 1268 4902 testiﬁcati
1292 4841 1439 4900 sunt,
1468 4834 1551 4900 qui
1581 4841 1825 4886 venerunt
1846 4846 1909 4902 ea:
1938 4828 2162 4882 Alexan-

569 4905 684 4959 dria
708 4916 753 4959 et
784 4902 1015 4960 Mareote
1050 4915 1097 4959 et
1125 4901 1244 4960 aliis
1276 4906 1402 4960 locis
1427 4945 1440 4968 ,
1477 4904 1617 4976 quod
1648 4902 1782 4958 nihil
1827 4901 1929 4957 tale
1964 4902 2162 4969 factum

568 4987 661 5033 eu.

644 5049 717 5121 (e)
759 5048 835 5105 De
875 5048 983 5104 illis
1012 5050 1149 5105 actis
1173 5048 1349 5106 Julius
1378 5048 1517 5119 apud
1558 5048 1817 5103 Athanas.
1852 5058 1975 5121 pag.
2010 5042 2117 5098 742
2141 5084 2158 5109 ,

568 5120 634 5175 ad
655 5118 996 5176 Eusebianos
1023 5123 1274 5177 rescribit
1302 5139 1314 5175 :
1347 5118 1503 5176 Scitis
1524 5132 1693 5174 autem
1724 5118 2037 5172 monimenta
2074 5131 2162 5167 ac-

566 5201 752 5257 torum,
783 5193 870 5247 ubi
894 5211 997 5247 una
1029 5193 1299 5248 dumtaxat
1341 5209 1461 5261 pars
1501 5193 1755 5264 adfuerit,
1783 5188 2050 5243 nullarum
2076 5186 2156 5239 tti-

566 5265 702 5318 rium
728 5282 856 5333 esse,
879 5272 986 5320 etc.

641 5333 709 5405 (Ῑ)
749 5328 901 5404 Quod
925 5336 1012 5390 hic
1042 5334 1229 5399 deest,
1261 5336 1339 5390 sic
1361 5351 1425 5390 ex
1453 5333 1716 5390 Athanas.
1745 5341 1801 5387 et
1827 5328 2159 5405 Theod.-po-

570 5400 673 5460 test
690 5400 935 5476 suppleri
958 5406 1159 5461 :Simul
1181 5418 1349 5460 tamen
1392 5408 1445 5460 in
1465 5406 1589 5473 ipsis
1617 5405 1746 5457 actis
1769 5400 2161 5476 interrogaban-

577 5488 661 5530 tur
683 5470 894 5548 gentiles
919 5488 966 5533 et
995 5480 1347 5533 catechument'
1372 5494 1389 5532 :
1413 5470 1676 5548 exquibus
1699 5490 1831 5529 unus
1851 5470 2169 5548 catechume-

572 5564 668 5601 nus
685 5544 1035 5619 interrogatus
1061 5549 1296 5613 dicebat,
1338 5550 1477 5604 intus
1505 5544 1560 5601 se
1588 5547 1776 5619 fuisse,
1824 5544 2031 5611 quando
2075 5558 2165 5595 su-

572 5631 866 5685 perveniunt
891 5618 1018 5692 fecit
1053 5622 1390 5687 Macharius;
1422 5630 1466 5673 et
1496 5618 1631 5673 alius
1656 5618 2032 5685 interrogatus,
2067 5623 2165 5668 etc.

656 5709 735 5784 (9)
776 5711 985 5792 Grmce,
1013 5718 1102 5792 uati
1121 5717 1356 5792 ἰσχύραν
1386 5720 1455 5788 μή
1477 5720 1740 5792 παρεῖναι,
1774 5708 1896 5792 una
1921 5712 2159 5792 γοςοὶξντσ

2276 5705 2474 5761 eet-les.
2522 5719 2573 5792 _c.

2270 4683 2639 4754 presbyterum
2668 4697 2774 4736 non
2810 4679 3007 4754 fuisse,
3040 4674 3347 4754 qnineque
3380 4690 3410 4730 a
3445 4674 3679 4754 _Mei_etio
3718 4674 3860 4732 ordi-

2268 4746 2574 4811 natns'est.
2608 4766 2781 4821 neque
2820 4750 2887 4805 ab
2917 4746 3656 4821 Alexandrino_Patriarclia.

2337 4825 2410 4900 (j)
2449 4818 2714 4900 ltajSirtn.
2762 4821 2925 4900 {Uias
2951 4834 3119 4900 vero1
3153 4818 3361 4900 Eusebii
3403 4829 3469 4900 et.
3491 4818 3579 4900 qui
3614 4834 3730 4900 cum
3757 4818 3860 4899 istis

2266 4889 2493 4970 fuci-aut.
2527 4898 2707 4970 Graec.
2736 4894 2783 4949 oi
2809 4896 2931 4970 περὶ
2952 4891 3218 4970 Edos’ﬁtos.
3255 4889 3472 4970 Eusebii
3514 4889 3858 4970 tia-sariensis

2266 4960 2482 5025 exuant
2503 4969 2796 5021 etiamnum
2820 4960 3055 5035 qtiinqne
3084 4963 3204 5017 libri
3229 4961 3490 5035 adversus
3514 4960 3817 5035 Marcellum
3843 4974 3856 5009 :

2266 5057 2425 5111 quem
2462 5040 2705 5111 Romano
2748 5031 3079 5111 ἰη-ὀρηρὶιὶο
3107 5036 3349 5111 auditum
3392 5032 3461 5111 ab
3501 5031 3651 5086 omni
3679 5045 3857 5111 erraro

2266 5099 2504 5168 alienum
2544 5110 2751 5181 iudicat
2802 5107 2974 5163 Julius
3001 5105 3141 5175 apud
3187 5104 3548 5161 Athanasium
3580 5119 3703 5174 pag.
3736 5099 3854 5156 750.

2339 5204 2415 5278 (It)
2459 5202 2904 5278 Aliaspdabatur
2938 5215 2955 5253 :
2988 5204 3042 5278 et
3100 5210 3248 5278 mox__
3275 5198 3464 5278 deerat
3520 5197 3854 5278 sedaregnttm

2265 5265 2376 5350 eju‘s
2397 5265 2425 5331 ἰ
2455 5276 2593 5350 facili
2625 5274 2965 5350 librariorum
2995 5271 3170 5350 lapsu.
3204 5269 3491 5350 Marcellus
3509 5267 3579 5350 ab
3610 5265 3852 5350 Eusebio2

2266 5333 2360 5404 tib.
2397 5364 2413 5401 ι
2444 5348 2509 5401 tle
2532 5349 2726 5401 eccies.
2774 5333 3070 5413 Thettlngiti
3101 5354 3220 5413 cap.
3258 5339 3324 5413 ts
3352 5381 3366 5400 .
3398 5340 3641 5413 arguitur
3664 5333 3852 5413 ,rqtzod

2266 5420 2540 5474 Citt‘isttittt
2575 5423 2698 5472 ante
2723 5416 2941 5471 Mariam
2980 5410 3115 5467 nihil
3144 5412 3290 5465 aliud
3322 5412 3599 5465 exstitisse
3623 5410 3850 5465 aflirma-

2268 5492 2331 5547 rit
2361 5533 2372 5553 ,
2406 5506 2563 5558 qnam
2590 5490 2811 5543 verbum
2838 5492 3035 5558 nostro
3065 5483 3428 5558 simillimum.
3458 5481 3556 5536 Cui
3590 5481 3845 5558 Hilarius,

2272 5563 2315 5618 si
2356 5552 2434 5616 ab
2468 5561 2796 5630 Hieronymo
2839 5555 3334 5630 benehintelleetus
3381 5563 3499 5630 est,
3533 5552 3852 5630 _5tti_fragatur

2274 5634 2368 5689 lib.
2398 5648 2471 5688 vn
2500 5633 2567 5687 de
2601 5624 2748 5687 Trin.
2786 5649 2839 5685 n.
2883 5630 2936 5684 5.
2968 5624 3103 5683 Hinc
3138 5641 3167 5680 a
3208 5625 3488 5682 Gennadio
3514 5626 3582 5678 de
3622 5625 3846 5691 llogmat.

2629 5703 2692 5767 '5,
2741 5718 2861 5758 eum
2916 5699 3132 5769 Beryllu
3174 5707 3228 5752 et
3258 5695 3556 5753 Artemone
3592 5695 3847 5752 Christum

586 5768 921 5863 gaianas...
947 5768 1679 5863 ι’ετνέιίῄὲἶιῖᾗὸιῖίᾶάῖυὲήι,
1706 5768 1794 5839 sed
1830 5779 1962 5836 male
1985 5778 2177 5833 habent
2279 5793 2496 5863 mel-tm;
2522 5776 2796 5833 hominem
2828 5768 3185 5863 sgittietililitts
3210 5769 3581 5863 ‘conjuhgitu:

568 5855 817 5923 jacuerit.

2353 5846 2421 5921 (ι)
2456 5847 2645 5904 Graece
2667 5891 2686 5919 ,
2709 5856 2812 5906 τῶν
2853 5843 3169 5904 δικασάντων
3209 5832 3504 5902 iniudicatis
3538 5832 3847 5906 ἴδιιξινήν
