4062 6332
240 328 351 387 657

1182 330 1278 391 EX
1319 332 1550 393 OPERE
1591 326 1961 393 HISTORICO
1998 326 2473 397 FRAGMENTUM
2516 340 2580 395 ll.

3436 340 3541 396 633

245 449 356 505 ritu
382 462 511 520 ergo
540 449 698 507 acciti
744 449 1084 523 frequenter,
1133 469 1241 510 non
1272 455 1388 510 ausi
1436 464 1562 511 sunt
1611 454 1798 512 venire
1829 473 1841 509 :
1872 454 1926 518 Α
1951 457 2113 529 igitur
2139 470 2299 513 causa
2332 458 2384 513 in
2411 472 2517 515 uno
2546 459 2665 515 loco
2698 450 2887 531 (Grece.
2918 457 3060 533 οἴκῳ)
3091 470 3279 514 omnes
3326 475 3544 516 manere

242 541 446 599 merito
484 540 737 613 fugerunt
767 545 1118 602 conscientiae
1156 563 1270 604 sua
1322 547 1554 619 impulsu
1603 548 1851 619 praecipi-

246 637 368 693 tati.
425 635 572 708 Fuga
617 639 762 695 enim
810 637 1075 696 ialsitates
1103 656 1230 698 suas
1255 643 1720 699 conﬁrmaverunt
1747 652 1851 709 ,et

240 729 395 787 credi
426 746 491 787 ea
514 731 794 801 repetunt,
827 750 949 807 qum
972 748 1270 806 praesentes
1294 744 1640 794 accusatores
1660 750 1850 795 eorum

242 824 505 885 dixerunt
554 834 611 883 et
665 829 1040 886 ostenderunt.
1070 831 1210 899 Quid
1254 832 1453 903 igitur?
1501 833 1673 901 Supra
1732 832 1851 889 inec

242 920 429 976 omnia
459 920 624 976 etiam
666 921 801 978 olim
826 923 1106 993 depositos
1150 933 1313 997 atque
1357 927 1561 999 eiectos
1605 926 1847 983 Ecclesia

246 1021 474 1083 propter
517 1015 767 1072 haeresim
803 1018 922 1073 Arii
951 1034 1056 1073 non
1088 1020 1263 1075 solum
1304 1029 1664 1093 susceperunt
1687 1063 1700 1085 ,
1752 1022 1849 1078 sed

245 1104 415 1160 etiam
452 1105 506 1159 iu
553 1106 814 1177 majorem
865 1122 1226 1178 proveserunt
1276 1112 1535 1183 gradum,
1593 1113 1849 1170 diaconos

242 1197 465 1265 quidem
511 1198 565 1253 in
600 1200 1017 1272 presbyterium,
1065 1202 1143 1275 (ιι)
1192 1203 1261 1260 de
1294 1205 1628 1278 presbyterio
1667 1214 1848 1263 autem

245 1292 302 1349 in
336 1293 743 1363 episcopatum,
776 1305 997 1365 propter
1032 1297 1164 1352 nihil
1193 1297 1373 1365 aliud,
1416 1299 1518 1353 nisi
1546 1307 1602 1354 ut
1629 1300 1846 1370 impiam

242 1386 551 1444 doctrinam
574 1388 803 1445 dilatare
831 1405 895 1446 ac
924 1390 1281 1448 disseminare
1310 1402 1569 1463 possent,
1600 1400 1656 1450 et
1682 1394 1848 1469 627

242 1481 395 1551 piam
461 1493 874 1551 corrumperent
929 1484 1111 1539 tidem.
1186 1485 1324 1541 Sunt
1382 1494 1560 1542 autem
1620 1486 1847 1544 istorum

245 1574 324 1649 (ὁ)
380 1583 503 1645 post
528 1576 817 1633 Eusebium
844 1577 954 1633 duo
975 1587 1226 1637 auctores
1246 1582 1409 1637 etiam
1430 1581 1752 1639 Theodorus
1780 1582 1850 1639 ab

244 1668 495 1725 Heraclia
514 1710 530 1737 ,
558 1668 843 1727 Narcissus
867 1685 895 1726 tt
940 1671 1241 1728 Neroniade
1277 1672 1849 1745 Ciliciaz,'8tephanus

245 1775 317 1817 ex
339 1759 654 1827 Antiochia,
680 1760 945 1835 Georgius
968 1778 1040 1820 ex
1072 1764 1350 1833 Laodicia,
1386 1764 1462 1840 (c)
1500 1767 1624 1822 licet
1652 1770 1849 1823 timens

1949 552 2291 619 sategetunt,
2322 558 2376 606 et
2407 565 2505 606 nec
2545 567 2732 623 parum
2774 553 3055 622 temporis,
3090 550 3162 627 (Ῑ)
3212 566 3312 609 nec
3344 550 3544 612 habere

1955 657 2051 699 eos
2078 643 2301 699 liberam
2330 644 2638 701 facultatem
2662 648 3047 718 permiserunt.

2022 732 2078 791 8.
2122 736 2325 809 Synod!
2368 741 2636 794 sententia.
2681 769 2752 781 -—
2798 739 2932 809 Quia
2975 744 3101 813 ergo
3152 756 3258 797 non
3308 741 3547 815 Oportnit

1949 828 2339 897 conticescere,
2371 834 2471 885 nec
2503 830 2668 886 inulta
2701 832 2777 903 (g)
2809 832 3065 897 retinere,
3097 831 3356 889 falsitatcs
3380 875 3395 902 ,
3430 835 3545 889 vin-

1949 920 2095 988 cata,
2130 914 2442 989 homicidia,
2485 936 2721 993 pugnas,
2759 923 2917 979 falsas
2956 926 3213 995 epistolas
3236 968 3250 988 ,
3294 929 3547 984 verbera-

1952 1015 2128 1070 tiones
2148 1055 2163 1082 ,
2193 1014 2516 1072 nudationes
2542 1018 2829 1088 virginum,
2860 1020 3046 1074 exsilia
3065 1063 3079 1088 ,
3114 1022 3425 1078 eversiones
3448 1040 3539 1079 ec-

1946 1107 2265 1175 clesiarum,
2298 1107 2379 1182 (It)
2406 1109 2673 1171 incendia.
2710 1112 3094 1169 translationes
3121 1114 3187 1170 de
3218 1114 3447 1171 ecclesia
3480 1110 3546 1171 ad

1952 1200 2217 1272 majores,
2261 1210 2313 1257 et
2344 1210 2468 1257 ante
2496 1203 2674 1259 omnia
2715 1216 2901 1260 contra
2937 1212 3137 1261 rectam
3182 1204 3340 1263 iidem
3370 1208 3547 1263 insur-

1950 1302 2142 1367 gentes
2173 1296 2388 1351 Arianae
2422 1296 2646 1353 hzcresis
2675 1299 2948 1354 doctrinas
2989 1319 3001 1354 :
3035 1316 3101 1355 ex
3149 1301 3249 1355 hac
3272 1318 3432 1356 causa
3458 1319 3547 1357 ca-

1950 1390 2200 1448 rissimos
2226 1391 2441 1463 quidem
2469 1393 2661 1449 fratres
2687 1405 2740 1450 et
2769 1397 3119 1468 coepiscopos
3148 1405 3362 1451 nostros
3386 1400 3549 1454 Atha-

1953 1484 2160 1539 nasium
2196 1484 2557 1553 Alexandriae,
2586 1498 2640 1543 et
2665 1487 2974 1544 Marcellum
3010 1490 3460 1564 Ancyrogalatite,
3494 1497 3551 1546 et

1951 1576 2260 1649 Asclepium
2290 1578 2480 1646 Gazae,
2514 1591 2566 1636 et
2610 1595 2704 1636 eos
2730 1582 2820 1653 qui
2851 1598 2970 1637 cum
3004 1583 3137 1653 ipsis
3169 1595 3323 1639 erant
3354 1584 3544 1639 minis-

1954 1678 2163 1727 trantes
2218 1672 2361 1738 Deo,
2417 1673 2733 1730 innocentes
2779 1686 2832 1731 et
2878 1692 3040 1747 puros
3096 1677 3543 1747 pronuntiamus,

1951 1764 2119 1838 028
2147 1765 2449 1823 scribentes
2499 1768 2563 1823 ad
2611 1781 3043 1842 unamqua‘mQue
3093 1786 3280 1826 eorum
3329 1772 3550 1843 provin-

247 1870 359 1912 non
385 1855 619 1912 adfuerit
643 1856 712 1913 de
739 1857 983 1926 Oriente,
1009 1861 1237 1914 Aeacius
1262 1874 1327 1916 ex
1359 1858 1608 1918 Caesarea
1640 1862 1840 1918 Palaes-
1875 1850 1924 1914 B
1949 1860 2087 1913 ciam
2110 1901 2124 1924 ,
2158 1871 2216 1913 ut
2244 1860 2629 1932 cognoscerent
2670 1861 3000 1933 singularum
3043 1862 3394 1919 ecclesiarum
3440 1863 3552 1935 plc-

247 1952 401 2017 tintc,
431 1949 826 2021 Menophantns
851 1966 915 2008 es
941 1952 1159 2022 Epheso
1187 1953 1354 2022 Asiae,
1390 1954 1641 2011 Ursacius
1663 1970 1692 2010 a
1722 1954 1846 2012 Sin-

240 2042 450 2114 gidnno
477 2041 678 2100 Imsiae
698 2082 713 2110 ,
742 2043 941 2100 Valens
967 2060 1032 2100 ex
1076 2046 1252 2101 Mursa
1282 2047 1595 2104 Pannoniae.
1627 2049 1840 2104 Etenim

245 2135 496 2209 praedicti
525 2136 689 2193 etiam
717 2136 926 2211 (supple
951 2137 1040 2209 iis)
1072 2139 1162 2209 qui
1194 2140 1262 2196 ab
1289 2139 1512 2197 Oriente
1538 2155 1726 2198 secum
1751 2159 1847 2197 ve-

243 2238 468 2297 nerunt,
491 2247 599 2288 non
626 2232 989 2304 permiserunt
1016 2245 1261 2290 sanctum
1290 2235 1592 2292 Cottcillum
1615 2237 1842 2305 intrare,

244 2342 427 2398 neque
469 2328 692 2383 omnino
723 2329 775 2383 in
809 2327 1106 2385 Ecciesiam
1158 2329 1253 2385 Dei
1284 2339 1527 2387 sanctam
1560 2330 1842 2389 accedere.

243 2419 551 2477 Venientes
578 2421 782 2477 etenim
806 2421 1084 2477 Serdicam
1113 2438 1208 2493 per
1230 2423 1440 2495 singula
1469 2424 1585 2480 loca
1609 2424 1848 2498 synodos

247 2516 526 2574 faciebant
556 2517 695 2573 inter
724 2533 814 2583 se,
848 2525 901 2573 et
928 2518 1206 2588 pactiones
1233 2534 1355 2573 cum
1386 2518 1846 2575 interminatioui-

244 2617 376 2678 bus,
414 2612 470 2669 ut
500 2613 724 2669 omnino
752 2613 1034 2669 venientes
1061 2611 1339 2668 Sardicam
1365 2613 1430 2669 ad
1454 2613 1713 2685 judicium
1739 2628 1847 2670 non

240 2708 619 2771 accederent,
669 2712 842 2777 neque
870 2706 921 2762 in
967 2720 1131 2761 unum
1163 2721 1285 2761 cum
1332 2716 1513 2763 sancta
1558 2706 1762 2780 (Gneo.
1796 2717 1851 2764 et

245 2802 473 2873 magna)
496 2799 705 2873 synodo
734 2798 1087 2855 convenirent
1118 2815 1131 2851 :
1167 2796 1248 2871 (d)
1278 2807 1333 2854 et
1358 2798 1424 2854 ad
1459 2799 1513 2853 id
1554 2801 1727 2855 solum
1758 2811 1849 2854 vei-

242 2905 467 2958 nerunt,
489 2904 687 2950 canum
711 2893 1055 2963 praesentiam
1083 2905 1235 2947 suam
1258 2892 1347 2963 qui
1373 2892 1552 2947 statim
1578 2892 1846 2963 fugerunt.

244 2987 382 3046 lites
408 2987 551 3044 enim
584 2988 725 3042 scire
750 2986 1022 3058 potuimus
1043 2999 1071 3038 a
1114 2984 1593 3040 eonsacerdotibus
1623 2984 1846 3051 nostris,

245 3082 325 3156 (ε)
378 3083 510 3138 Ario
561 3079 774 3137 scilicet
791 3094 857 3136 ex
883 3079 1189 3145 Palaestina,
1213 3078 1488 3149 Stephano
1517 3078 1584 3134 de
1604 3078 1801 3134 Arabia
1830 3095 1843 3133 :

242 3175 347 3249 qui
375 3188 496 3231 eum
528 3174 660 3245 ipsis
690 3182 953 3229 venerunt
975 3172 1192 3243 quidem
1219 3214 1234 3237 ,
1268 3172 1364 3227 sed
1395 3171 1464 3228 ab
1502 3184 1690 3229 eorum
1723 3186 1848 3244 per-

1949 1951 2047 2009 bes
2068 1954 2366 2011 sacerdotis
2391 1956 2471 2010 sui
2505 1956 2868 2029 integritatem
2893 1999 2906 2023 ,
2938 1965 2994 2013 et
3022 1956 3223 2014 habere
3250 1950 3309 2013 se
3331 1959 3548 2028 episco-

1951 2061 2079 2119 pum
2123 2061 2281 2103 suum
2307 2088 2322 2111 ,
2351 2047 2472 2104 illos
2500 2057 2679 2104 autem
2706 2090 2723 2118 ,
2752 2050 2841 2121 qui
2868 2064 2929 2106 se
2950 2066 3139 2106 eorum
3178 2051 3425 2107 ecclesiis
3450 2051 3551 2107 itu-

1950 2148 2254 2199 merserunt
2281 2140 2531 2212 luporum
2558 2157 2730 2211 more,
2764 2143 2816 2199 id
2844 2153 2930 2201 est
2951 2186 2965 2210 ,
2999 2143 3316 2215 Gregorium
3339 2145 3391 2198 in
3417 2141 3549 2199 Alc-

1952 2232 2199 2299 xandria,
2238 2233 2489 2289 Basiliutn
2514 2236 2567 2290 in
2588 2235 2822 2308 Ancyra,
2855 2246 2910 2292 et
2933 2237 3280 2303 Quintianum
3306 2238 3360 2292 in
3380 2235 3548 2306 Gaza,

1952 2342 2128 2397 neque
2159 2324 2221 2399 (ὅ)
2276 2342 2473 2382 nomen
2527 2328 2728 2393 habere
2775 2330 3045 2400 episcOpi,
3083 2323 3269 2402 ‘neqne
3308 2344 3550 2386 commn-

1953 2421 2133 2477 nionis
2182 2421 2401 2477 omnino
2450 2428 2640 2478 eorum
2689 2410 2889 2480 habere
2922 2425 3296 2497 participatum
3323 2468 3339 2494 ,
3375 2442 3549 2498 neque

1951 2514 2229 2584 suscipere
2272 2514 2342 2570 ab
2388 2515 2568 2585 aliquo
2607 2531 2795 2572 eorum
2825 2516 3071 2587 litteras,
3107 2533 3282 2590 neque
3337 2516 3402 2572 ad
3454 2533 3549 2574 eos

1953 2606 2214 2674 scribere,
2250 2605 2370 2663 illos
2396 2616 2594 2675 autem,
2623 2605 2735 2664 hoc
2762 2619 2845 2666 est
2870 2653 2886 2677 ,
2914 2609 3259 2667 Theodorum
3285 2653 3300 2678 ,
3335 2611 3551 2668 Narcis-

1951 2715 2095 2766 sum,
2134 2702 2407 2769 Acacium,
2430 2700 2787 2773 Stephanum,
2820 2690 3097 2761 Ursacium
3135 2713 3190 2761 et
3225 2703 3505 2761 Valentem
3530 2748 3547 2777 ,

1952 2790 2395 2866 Menapltantum,
2425 2804 2479 2852 et
2506 2796 2795 2868 Georgium
2828 2796 2963 2870 (etsi
2994 2802 3209 2865 timens,
3244 2796 3315 2874 (j)
3361 2807 3419 2854 ut
3438 2799 3552 2855 dic-

1953 2897 2063 2943 tum
2098 2894 2212 2954 est,
2259 2904 2366 2944 non
2394 2887 2565 2944 adfuit
2588 2935 2602 2958 ,
2635 2889 2728 2945 sed
2758 2897 2936 2945 tamen
2969 2892 3093 2961 quia
3138 2906 3169 2947 a
3219 2891 3390 2948 beata:
3433 2909 3548 2947 tne-

1953 2981 2140 3035 mOrite
2168 2980 2476 3037 Alexandro
2506 2981 2762 3052 episcopo
2789 2983 3061 3055 quondam
3088 2980 3428 3038 Alexandria:
3452 2982 3547 3038 de-

1945 3074 2122 3145 iectus
2166 3077 2321 3146 est),
2352 3084 2407 3131 et
2446 3074 2586 3146 quod
2627 3075 2699 3131 sit
2728 3085 2832 3129 tam
2882 3077 3005 3144 ille,
3040 3090 3198 3147 quam
3241 3078 3401 3133 etiam
3443 3094 3549 3133 cxc-

1953 3167 2052 3224 teri
2103 3167 2178 3241 (lt)
2223 3168 2312 3240 qui
2355 3165 2731 3237 comprehensi
2784 3168 2944 3235 sunt,
2996 3166 3190 3223 luroris
3220 3164 3445 3236 Ariani,
3493 3174 3549 3224 et

243 3270 380 3327 ﬁdia
411 3277 775 3326 recesserunt.
809 3267 870 3323 ill
897 3266 1043 3323 enim
1072 3265 1351 3322 venientes
1382 3265 1437 3321 in
1466 3277 1707 3322 sanctam
1750 3282 1844 3339 sy-
1874 3250 1920 3316 C
1950 3269 2173 3334 propter
2202 3261 2412 3331 objecta
2437 3260 2681 3327 crimina,
2717 3259 2815 3315 hos
2842 3275 3030 3315 omnes
3061 3260 3252 3332 :rquali
3284 3273 3430 3316 sorte
3455 3260 3548 3316 de-

244 3363 473 3426 nudutn,
498 3360 808 3419 violentiam
836 3360 1076 3433 quidem,
1101 3376 1259 3430 quam
1289 3361 1430 3430 passi
1454 3359 1687 3426 fuerant,
1717 3375 1848 3417 con-i

242 3457 651 3531 querebantur;
693 3455 825 3511 nihil
856 3466 1035 3509 autem
1067 3454 1134 3507 ah
1165 3453 1295 3524 ipsis
1337 3460 1485 3509 recte
1521 3454 1605 3525 agi
1636 3468 1844 3511 assere-

248 3551 427 3605 bant:
455 3556 763 3604 asserentes
818 3549 889 3620 if.
939 3544 1278 3619 adjicientes)
1307 3547 1470 3603 etiam
1514 3546 1656 3614 hoc,
1697 3547 1843 3620 quod

240 3650 436 3699 essent
465 3641 539 3696 ibi
570 3638 786 3710 plurimi
812 3647 976 3695 rectae
1008 3637 1164 3704 titlei,
1195 3639 1285 3709 qui
1320 3639 1749 3710 prohibebantur
1776 3642 1844 3697 ait

239 3734 393 3807 ipsis.
411 3733 594 3789 venire
621 3732 686 3787 ad
711 3746 810 3789 nos
843 3732 1132 3802 propositis
1154 3730 1703 3790 intertninationibus.
1730 3735 1843 3792 Hac

240 3873 531 3929 dicentium
556 3870 912 3945 episeOporum
939 3868 1159 3945 ostendit
1180 3885 1233 3925 se
1253 3886 1365 3945 esse
1386 3913 1399 3935 ,
1426 3881 1533 3945 etc.
1569 3871 1701 3928 Acta
1737 3875 1848 3945 An-

238 3945 481 4002 tiocheni
510 3940 851 4000 conciliabuli
875 3943 999 3996 anni
1029 3940 1155 4003 530,
1182 3955 1288 4011 quo
1319 3940 1643 3998 Enstachius
1662 3958 1692 3998 e
1712 3942 1844 4001 sede

236 4033 341 4073 sua
371 4016 560 4088 pulsus
582 4014 711 4087 luit,
739 4017 829 4088 hic
850 4015 1138 4070 memorari
1166 4021 1374 4088 putant.
1409 4014 1465 4068 ln
1495 4015 1637 4088 hunc
1665 4016 1842 4072 locum

240 4084 399 4163 haud
419 4088 584 4163 dubie
625 4084 864 4163 respexit
892 4092 1227 4163 Sozomcnus
1253 4084 1347 4163 lib.
1378 4101 1468 4152 nt,
1491 4101 1544 4141 c.
1577 4086 1685 4163 ηε
1718 4103 1841 4144 eum

238 4164 317 4217 ait
373 4158 659 4229 Asclepam
692 4156 1071 4229 i'innocentem
1106 4156 1370 4229 ﬁardicae
1434 4159 1840 4228 pronuntiatum
1888 4192 1891 4195 -

235 4249 391 4297 εςςε,
423 4248 483 4287 eo
510 4224 649 4301 quod
678 4228 885 4287 Eusebii
920 4224 1185 4295 Pamphili
1215 4224 1842 4297 aliorumquemullorum

222 4306 484 4382 iudicum
518 4307 771 4382 sententia
799 4303 1152 4382 episcopatum
1182 4318 1332 4355 suum
1363 4312 1714 4382 recuperasset
1739 4345 1752 4370 ,
1794 4312 1843 4358 et

231 4371 355 4433 'Imec
384 4391 506 4431 ocra
532 4391 642 4431 esse
665 4377 792 4433 actis
806 4373 1146 4443 jndicialibns
1168 4371 1568 4443 comprobasset.

307 4444 817 4530 (a)‘Val'esius_apud
833 4444 1237 4530 Theodoretum
1261 4444 1424 4530 verba
1455 4459 1632 4530 graeca
1658 4446 1760 4502 ἀπὸ
1785 4444 1842 4530 δζ

227 4516 612 4601 «piscosa...»
654 4516 816 4574 latine
863 4516 1129 4600 reddidit,
1178 4516 1493 4598 presbyteros
1544 4526 1716 4570 autem
1752 4518 1841 4588 qui

229 4590 467 4663 depositi
501 4594 725 4663 fuerant.
759 4591 893 4663 Cum
926 4605 990 4643 ex
1025 4588 1293 4663 Htlartana
1336 4590 1597 4663 lectione,
1632 4596 1742 4643 tum
1773 4605 1841 4644 ex

230 4657 427 4720 verbis
458 4657 827 4731 superioribus
849 4658 1017 4731 liquet
1038 4702 1054 4727 ,
1084 4657 1217 4732 illud
1257 4661 1360 4716 ἀπὸ
1390 4658 1674 4732 pristinum
1714 4676 1835 4732 gra-

229 4737 373 4792 dum
405 4727 621 4805 sonare,
654 4751 757 4793 non
788 4750 816 4788 a
848 4727 956 4805 quo
978 4732 1098 4803 quis
1125 4727 1367 4787 deiectus
1392 4727 1478 4786 ’sit
1504 4773 1518 4798 ,
1550 4730 1646 4788 sed
1680 4727 1841 4802 δἐιυο

231 4806 303 4864 ad
337 4804 589 4861 altiorem
625 4804 985 4862 adscenderit.

310 4876 396 4948 (ὑ)
443 4876 712 4953 Ιιιεττιτρίε
741 4875 1170 4953 ejrentplarilnts,
1203 4876 1335 4950 μιτὰ
1368 4878 1487 4953 eoo;
1530 4877 1652 4953 πρρί
1677 4876 1842 4932 Εὐσέ-

234 4954 352 5008 ϐιον
380 4947 471 5005 νῦν
499 4947 751 5027 ἔξαρχοιη
773 4947 929 5027 Unde
952 4947 1473 5027 Sttpert‘nca‘nead‘tic
1497 4947 1708 5027 vitietur
1740 4964 1841 5027 vos

231 5024 349 5078 duo
382 5040 394 5074 :
423 5030 513 5075 aut
562 5017 708 5075 cene
742 5017 1030 5085 legendum
1071 5028 1188 5091 post
1222 5017 1470 5073 Eusebius
1528 5020 1722 5091 (luos__:
1754 5019 1841 5074 cui

232 5093 468 5151 lectioni
498 5092 637 5147 lavet
672 5092 798 5146 illttd
820 5092 911 5147 lib.
939 5092 1040 5145 tad
1071 5086 1445 5145 Constantium
1478 5107 1529 5145 n.
1550 5087 1583 5143 5
1614 5107 1626 5143 :
1660 5086 1841 5157 Nuper

233 5163 526 5222 didicimus
554 5172 837 5219 commenta
885 5166 991 5217 haec
1037 5164 1432 5235 fuisseinceuta
1481 5171 1526 5216 et
1563 5178 1595 5215 a
1644 5160 1842 5217 duobus

236 5236 507 5300 Eusebiis,
546 5246 652 5291 etc.
677 5277 691 5300 ,
718 5239 1017 5304 pra-serum
1038 5234 1167 5290 cum
1193 5234 1262 5288 ibi
1284 5276 1299 5300 ,
1330 5234 1563 5304 Georgio
1594 5243 1837 5303 excepto,

236 5310 409 5365 iidem
454 5308 544 5377 qui
592 5308 678 5363 hic
715 5307 959 5378 episcopi
992 5308 1201 5362 duobus
1246 5305 1494 5361 Eusebtis
1544 5305 1845 5376 adiungan-

235 5391 351 5438 tur.

311 5452 390 5525 (ι)
430 5448 573 5525 Nihil
604 5448 1065 5525 apttd__Atbanas.
1120 5459 1179 5505 et
1219 5448 1554 5525 Theodoret.
1607 5448 1846 5525 occurrit

236 5519 690 5595 locoqrverbortun
713 5564 728 5587 ,
762 5522 875 5576 licet
903 5524 1086 5576 timens
1121 5538 1224 5581 non
1262 5521 1491 5595 adfuerit
1522 5521 1586 5575 de
1613 5519 1840 5595 (Mente.

312 5593 418 5668 (di
445 5595 519 5668 iis
543 5593 888 5650 Theodoreto
908 5595 989 5668 sic
1007 5593 1415 5668 resarcirelicet
1448 5595 1589 5647 hunc
1608 5593 1793 5668 locum
1821 5609 1851 5645 τ’

236 5664 335 5747 sui
362 5664 419 5721 id
439 5666 626 5747 solum,
654 5674 858 5747 utrum
878 5666 1159 5747 uenissent,
1174 5665 1380 5747 es__dlsis
1400 5680 1557 5747 mea
1579 5666 1842 5747 listened

240 5743 469 5810 σώσει)
507 5740 834 5809 pressum
877 5754 1023 5794 suam
1048 5740 1422 5806 ostendissent,
1470 5740 1643 5792 statim
1688 5741 1840 5808 [υσεδ

237 5828 376 5868 rem.
1116 5860 1119 5861 ,

269 5822 394 5960 ait)
449 5884 511 5942 lli
543 5884 650 5945 duo
694 5884 936 5958 episcopi
968 5885 1022 5945 in
1049 5885 1243 5959 granis
1275 5883 1557 5945 codicibus
1582 5881 1846 5942 Macarius

1949 3355 2082 3427 iecit
2105 3358 2288 3409 sancta
2329 3352 2568 3426 synodus
2608 3353 2677 3409 de
2706 3353 3049 3425 episcopatus
3081 3355 3249 3426 gradu
3281 3373 3294 3409 :
3328 3364 3380 3411 et
3406 3354 3550 3426 judi-

1953 3449 2193 3504 carintus
2244 3462 2351 3503 non
2406 3448 2581 3503 soiutn
2638 3446 2759 3502 illos
2783 3449 3067 3519 cpiscopus
3108 3464 3211 3503 non
3264 3464 3417 3514 esse,
3452 3449 3546 3505 sed

1953 3563 2128 3617 neque
2168 3546 2602 3602 communionem
2640 3543 2852 3615 quidem
2884 3559 3005 3599 cum
3047 3542 3294 3600 lldelibus
3322 3543 3544 3602 habere.

1953 3641 2279 3713 Separantes
2329 3640 2473 3694 enim
2514 3636 2745 3701 Filium,
2800 3644 2852 3691 ct
2902 3637 3203 3693 alienantes
3253 3636 3485 3693 Verbum
3518 3655 3546 3693 a

1950 3733 2142 3803 Patre,
2184 3731 2425 3805 separati
2481 3733 2548 3787 ab
2599 3730 2840 3787 Ecclesia
2883 3724 3144 3787 catholica
3185 3739 3438 3803 oportet,
3494 3741 3549 3788 et

1948 3884 2003 3928 et
2032 3874 2277 3930 Asterius
2298 3871 2772 3941 cognominantur.
2796 3868 3168 3941 Tamenapnd
3189 3868 3544 3933 Athanasium

1947 3944 1999 4000 in
2034 3938 2521 4014 subscriptionibus
2551 3940 2961 4014 Palmstinorum
2990 3938 3184 4014 Arius,
3211 3957 3329 4014 non
3371 3941 3546 3998 Maca-

1951 4018 2060 4073 rius
2089 4002 2358 4086 reperitur
2379 4054 2395 4079 ,
2426 4025 2481 4069 et
2502 4014 2665 4086 epist.
2701 4013 2764 4065 ad
2801 4011 2959 4086 Solit.
2994 4029 3045 4079 p.
3076 4002 3181 4086 890
3210 4011 3388 4086 It‘gcrc
3420 4024 3541 4080 est,

1944 4090 2014 4144 ab
2043 4083 2257 4143 Arianis
2285 4086 2427 4141 male
2456 4083 2682 4141 aﬂ‘cctos
2703 4097 2824 4138 esse
2856 4085 3036 4137 Arium
3059 4095 3106 4137 et
3128 4085 3386 4138 Asterium
3406 4127 3419 4148 ,
3463 4088 3543 4139 al-

1946 4168 2110 4214 terum
2144 4158 2312 4214 Petra:
2338 4159 2391 4211 in
2426 4155 2707 4211 Palaestina
2729 4198 2744 4221 ,
2779 4156 2999 4210 alterum
3026 4154 3198 4211 Petra:
3232 4157 3285 4211 in
3309 4156 3501 4212 Arabia
3525 4200 3540 4222 ,

1944 4234 2028 4302 qni
2059 4232 2123 4285 ab
2144 4232 2274 4299 ipsis
2304 4230 2639 4302 desciverant.
2667 4226 3015 4302 Sed_nu|lu_m
3046 4228 3155 4302 fere
3192 4227 3410 4302 dubium
3462 4240 3545 4284 cst

1946 4299 2074 4374 quin
2099 4319 2195 4373 pro
2219 4301 2485 4374 Stephano
2504 4342 2517 4363 ,
2546 4299 2635 4374 hic
2666 4299 3059 4355 restituendum
3088 4301 3156 4353 sit
3188 4300 3420 4369 Asteria,
3451 4306 3541 4373 qtti

1946 4371 2086 4429 infra
2101 4371 2339 4429 ‘Asturus
2369 4371 2748 4427 subscribitur.

2114 4466 2246 4524 Illud
2279 4480 2368 4523 nec
2399 4464 2681 4523 redundat.
2708 4450 2851 4543 _Tum
2888 4482 2986 4536 pro
3010 4466 3194 4543 habere
3215 4484 3301 4523 eos
3333 4464 3546 4543 liberant

1945 4536 2264 4609 facultatem,
2294 4550 2460 4595 unum
2494 4549 2575 4595 est
2608 4539 2831 4594 verbum
2858 4554 3102 4612 graecum
3129 4538 3334 4607 ἰδιάζειν
3356 4582 3369 4607 ,
3401 4536 3542 4610 quod

1946 4623 2037 4683 est
2051 4652 2066 4675 ,
2100 4613 2337 4679 privatim
2368 4627 2535 4683 agere.

1870 4705 1923 4766 D
1951 4755 1964 4767 .
2018 4682 2099 4756 (g)
2124 4683 2308 4751 Forte,
2333 4682 2500 4767 sinere
2522 4684 2606 4739 vel
2630 4683 3029 4767 permitterenut
3048 4693 3225 4766 exstat
3251 4683 3304 4738 in
3329 4699 3540 4752 graeco:

1949 4755 2003 4811 in
2031 4755 2141 4827 quo
2181 4772 2302 4827 mox
2334 4756 2557 4811 habetur
2583 4757 2676 4817 τὰς
2700 4756 2919 4827 πλαγὰς,
2952 4755 3071 4810 loco
3102 4756 3250 4810 Vocis
3280 4773 3499 4825 pugnus.

2073 4773 2141 4809 tto
2181 4773 2302 4810 mox
2335 4773 2557 4811 habetur
2583 4777 2676 4817 τας
2700 4773 2919 4827 rum/aq,
2952 4773 3071 4810 loco
3102 4773 3250 4810 mets
3280 4773 3499 4825 pugnus.

2017 4773 2387 4899 (aQ-Additum
2416 4827 2653 4881 incendia
2677 4844 2739 4882 ex
2775 4827 2939 4883 Sll‘lll.
2965 4840 3013 4880 et
3042 4842 3223 4896 graeco
3245 4843 3496 4881 sermone
3525 4845 3539 4883 :

1947 4899 2000 4954 in
2045 4914 2157 4970 quo
2182 4909 2365 4969 postea
2411 4899 2714 4967 subjicitur,
2749 4900 3111 4955 translationes
3152 4899 3215 4954 de
3261 4899 3543 4955 minoribus

1947 4966 2238 5025 civitatibus
2268 4968 2335 5025 ad
2367 4966 2606 5025 eccleSias
2630 4972 2874 5041 majores.

2023 5064 2085 5133 (ἰ)
2139 5062 2819 5136 ωειίιιηθωίῖιιθιιιιοιθιί
2845 5104 2859 5126 ,
2889 5062 3110 5125 τούτους
3160 5062 3288 5136 μηδὲ
3334 5066 3541 5122 ἐπισκό-

1946 5156 2077 5213 πους
2106 5137 2363 5213 ὀνρμᾴζςιν
2389 5135 2514 5213 μηδέ
2538 5139 2924 5213 λχρισξτιανρὺςη,
2964 5135 3246 5213 conlinunt
3299 5140 3539 5213 Athanao

1947 5209 2060 5279 sius
2108 5208 2174 5261 ad
2207 5208 2362 5279 Solit.
2390 5207 2452 5277 ῆι).
2486 5207 2613 5272 820',
2642 5208 2731 5261 ubi
2761 5211 2835 5261 ait
2879 5207 3199 5278 Gregorium
3252 5223 3282 5262 a
3331 5209 3541 5279 synodo

1942 5275 2239 5346 iudicatum
2274 5275 2439 5336 fuisse
2485 5279 2763 5349 indignum
2808 5280 2898 5349 qui
2929 5275 3217 5349 episcopus
3245 5290 3336 5334 aut
3364 5275 3543 5335 'Cltri-

1946 5349 2155 5404 stianus
2183 5353 2404 5405 omnino
2433 5351 2820 5421 appellaretur.

2022 5441 2088 5513 (Ι)
2128 5441 2184 5497 1η
2211 5443 2408 5512 καθείς
2434 5442 2556 5499 cod.
2587 5451 2648 5497 ut
2687 5456 2848 5512 supra
2879 5440 3008 5496 nihil
3055 5441 3281 5497 habetur
3323 5441 3392 5497 de
3439 5443 3542 5498 hoc

1947 5510 2165 5569 Georaii
2207 5520 2432 5569 timore.
2477 5515 2548 5569 ita
2584 5529 2682 5569 nec
2705 5529 2846 5567 nunc
2874 5513 3090 5568 additur
3121 5526 3171 5566 ut
3214 5515 3410 5568 dictum
3441 5522 3537 5569 est.

1949 5527 2165 5584 ueorgtt
2207 5527 2432 5584 timore,
2477 5527 2548 5569 tta
2584 5529 2682 5569 nec
2705 5529 2846 5567 nunc
2874 5527 3090 5568 audtlur
3121 5527 3171 5566 ut
3214 5527 3410 5568 att'tnm
3441 5527 3537 5569 est.

1949 5582 2113 5642 Iidem
2143 5587 2395 5653 codices,
2438 5598 2497 5641 ut
2517 5597 2570 5642 et
2601 5586 2759 5639 lectio
2797 5586 3047 5653 superior
3085 5584 3231 5638 uuln.
3256 5589 3307 5652 7,
3333 5586 3541 5642 adden-

1948 5655 2078 5739 dum
2119 5673 2239 5715 esse
2278 5660 2512 5715 suadent
2550 5664 2613 5713 de
2653 5655 2859 5712 Oriente
2890 5666 3005 5727 pOSl
3038 5656 3259 5713 verbum
3304 5674 3409 5714 non
3448 5661 3543 5713 ada-

1947 5730 2108 5881 "in
2170 5806 2242 5861 Ita
2296 5803 2462 5881 Sirm-
2522 5803 2593 5859 M
2646 5801 2861 5881 ι”εψθνο
2915 5800 3086 5881 Μέθη
3142 5804 3541 5875 ⁸⁰”³⁹⁷⁸¹⁸⁸”³’”⁶

1957 5873 2159 5939 omisso
2199 5877 2367 5934 verbo
2403 5883 2553 5942 sunt,
2594 5873 2736 5946 quod
2776 5883 2952 5932 exstat
2996 5875 3048 5932 itt
3088 5873 3286 5951 mssa".
