4062 6332
532 267 640 331 6'59

1732 270 1975 333 SANCTI
2015 271 2268 332 HILARII
2308 272 2615 333 EPISCOPI

534 394 745 452 alienos
783 407 904 451 esse
944 407 976 448 a
1014 393 1233 451 nomine
1269 389 1601 450 Christiano.
1629 390 1752 449 Sint
1776 391 1938 463 igitur
1975 391 2129 448 vobis
2156 397 2208 455 Α

3726 272 3830 330 «τεο

2307 395 2394 451 10.
2427 392 2609 467 Legati
2633 391 2785 449 Julii.
2820 423 2889 435 —
2918 389 3183 461 Quoniam
3231 405 3364 465 ergo
3401 391 3679 459 universa,
3716 407 3831 464 qua:

535 490 855 556 anathema,
915 503 984 544 eo
1040 487 1184 560 quod
1240 489 1357 544 ausi
1397 495 1526 544 sunt
1565 487 1873 542 adulterare
1912 487 2134 544 verbum
2241 498 2391 560 geSIa
2452 497 2598 556 sunt,
2631 503 2752 559 qua:
2801 497 2940 555 acta,
2999 503 3121 558 qua:
3168 487 3483 554 constituta,
3535 495 3591 544 et
3635 485 3834 542 charta:

535 581 801 638 veritatis.
853 582 1096 652 Apostoli
1153 581 1297 637 enim
1337 590 1424 638 est
1463 589 1795 651 praeceptum
1853 598 1867 635 :
1914 580 1976 637 Si
2024 582 2140 652 quis
2241 581 2551 647 continent,
2601 590 2655 638 et
2696 582 2832 637 viva:
2877 596 3036 637 voces
3064 580 3474 637 carissimorum
3520 581 3753 635 fratrum
3784 587 3837 636 et

536 675 677 730 vobis
732 674 1161 747 euangelizaverit
1221 683 1406 744 prwter
1447 690 1602 746 quam
1639 674 1779 746 quod
1833 674 2099 747 accepistis
2123 716 2139 743 ,

537 767 810 823 anathema
846 768 910 823 sit
950 767 1094 838 (Gal.
1148 783 1196 833 ι,
1252 765 1331 837 9).
1376 767 1470 824 llis
1511 768 1785 824 neminem
1841 767 2142 824 communi—

536 874 662 918 care
698 859 1014 917 denuntiate
1043 879 1056 917 :
1088 861 1232 916 nulla
1274 860 1419 916 enim
1460 861 1878 917 communicatio
1932 860 2036 916 luci
2075 859 2143 916 ad

543 954 818 1010 tenebras.
853 953 965 1010 Hos
991 969 1185 1010 omnes
1212 954 1371 1026 longe
1398 955 1553 1010 facite
1595 971 1612 1010 :
1655 953 1798 1010 nulla
1841 953 1984 1009 enim
2024 967 2145 1024 par-

544 1047 789 1116 ticipatio
825 1046 1042 1102 Christo
1091 1046 1159 1102 ad
1213 1047 1405 1102 Belial.
1447 1046 1746 1102 Observate
1773 1088 1786 1106 .
1827 1044 2142 1113 Carissitni,

543 1151 605 1199 ut
643 1158 819 1214 neque
857 1143 1108 1199 scribatis
1153 1142 1214 1198 ad
1254 1157 1382 1208 eos,
1427 1157 1602 1212 neque
1639 1155 1829 1196 eorum
1871 1138 2148 1210 accipiatis

547 1237 776 1292 litteras.
823 1236 1020 1292 Curate
1071 1245 1250 1292 autem
1302 1236 1500 1300 etiam,
1541 1234 1881 1292 dilectissimi
1929 1233 2149 1290 Fratres

549 1337 607 1386 et
642 1329 1061 1386 consacerdotes
1087 1373 1101 1396 ,
1145 1329 1298 1402 quasi
1337 1341 1637 1400 praesentes
1675 1329 1867 1400 spiritu
1905 1329 2030 1384 huic
2070 1329 2154 1384 in-

551 1421 848 1480 terfueritis
897 1423 1146 1497 synodo,
1206 1425 1387 1479 omnia
1445 1439 1566 1496 qua:
1626 1439 1654 1477 a
1711 1423 1869 1479 nobis
1907 1421 2150 1479 instituta

551 1525 679 1572 sunt
715 1517 1042 1574 conﬁrmare
1081 1532 1177 1588 per
1217 1517 1429 1573 litteras
1466 1525 1678 1573 vestras
1707 1558 1721 1583 ,
1763 1526 1823 1571 ut
1869 1516 1937 1570 ab
1975 1515 2154 1572 omni-

555 1610 659 1667 bus
698 1611 969 1682 episcopis
1010 1611 1153 1668 idem
1193 1613 1432 1679 sentire,
1477 1620 1641 1683 atque
1683 1626 1842 1668 unam
1881 1625 2003 1668 esse
2031 1626 2154 1668 om-

551 1703 702 1759 nium
744 1703 1076 1761 voluntatem
1115 1719 1184 1762 ex
1212 1705 1516 1762 litterarum
1557 1705 1919 1761 consensione
1949 1705 2020 1760 sit
2049 1719 2156 1760 ma-

2243 676 2808 747 compresbyterorum
2848 683 3157 732 nostrorum
3184 674 3510 748 Archydami
3539 673 3610 748 (Γ)
3641 683 3698 730 et
3717 672 3840 728 Phi-

2247 768 2454 835 loxeni,
2485 778 2540 824 et
2568 768 2834 825 carissimi
2867 768 2958 824 ﬁlii
2991 769 3160 824 nostri
3199 768 3398 824 Leonis
3427 766 3646 824 diaconi
3673 766 3841 824 veris-

2247 865 2386 919 sime
2411 873 2467 920 et
2503 863 2735 919 ﬁdeliter
2759 878 3031 934 exponere
3059 872 3311 933 pcterunt
3337 878 3352 925 ;
3397 876 3536 931 pene
3582 876 3843 932 superva-

2250 972 2410 1013 cuum
2466 955 2717 1012 videatur
2765 955 2952 1011 eadem
3001 955 3086 1010 his
3130 955 3373 1011 inserere
3405 953 3622 1009 litteris.
3674 953 3846 1008 Patuit

2251 1046 2390 1117 apud
2424 1061 2638 1113 omnes,
2685 1046 2776 1118 qui
2806 1055 3180 1101 convenerunt
3210 1061 3276 1101 ex
3309 1045 3551 1114 partibus
3589 1043 3842 1110 Orientis,

2251 1142 2341 1213 qui
2373 1157 2430 1196 se
2469 1141 2742 1212 appellant
2795 1141 3078 1211 episcopos
3119 1142 3465 1211 (quamquam
3510 1140 3622 1194 sint
3652 1153 3721 1194 ex
3767 1139 3847 1195 his

2250 1234 2382 1290 certi
2430 1244 2680 1289 auctores
2722 1231 2995 1305 (superiori
3023 1233 3238 1303 epistola
3268 1249 3409 1287 num.
3462 1233 3494 1288 7
3543 1228 3841 1300 nominati),

2253 1341 2484 1396 quorum
2531 1325 2823 1397 sacrilegas
2853 1334 3065 1382 mentes
3094 1326 3293 1382 Ariana
3337 1325 3563 1381 haeresis
3590 1324 3849 1394 pestilero

2255 1409 2412 1483 tinxit
2441 1417 2674 1488 veneno)
2707 1419 2798 1474 diu
2831 1419 3212 1490 tergiversatos
3254 1427 3472 1490 propter
3497 1417 3850 1474 difﬁdentiam

2255 1511 2320 1568 ad
2349 1511 2610 1582 judicium
2631 1513 2824 1569 venire
2841 1512 3101 1579 uoluisse,
3131 1521 3387 1584 tuamque
3417 1521 3473 1567 et
3500 1520 3748 1567 nostram
3772 1525 3851 1566 re-

2257 1604 2613 1677 prehendisse
2662 1606 3100 1661 communionem
3129 1646 3143 1670 ,
3195 1620 3317 1676 quae
3366 1604 3569 1660 nullam
3626 1603 3855 1659 habebat

2258 1699 2474 1770 culpam
2506 1699 2666 1770 :quia
2697 1713 2802 1754 non
2830 1699 3002 1754 solum
3043 1698 3319 1770 octoginta
3356 1698 3631 1769 episcOpis
3666 1705 3858 1752 testan-

549 1794 824 1853 nifestum.
873 1795 952 1870 (a)
1003 1797 1295 1868 Optamus,
1358 1798 1608 1870 Fratres,
1668 1817 1766 1858 vos
1817 1801 1872 1857 in
1929 1799 2158 1857 Domino
2187 1797 2235 1859 B
2265 1793 2409 1848 tibus
2437 1791 2506 1847 de
2530 1791 2841 1847 innocentia
2874 1790 3156 1848 Athanasii
3198 1791 3403 1861 pariter
3427 1789 3760 1846 credidimus
3787 1787 3857 1862 (in

553 1887 694 1945 bene
732 1889 938 1948 valere.
980 1890 1238 1963 Explicit.

551 2026 720 2101 629
744 2027 934 2098 Incipit
958 2028 1034 2102 (b)
1064 2031 1353 2101 exemplum
1379 2032 1612 2102 epistola:
1628 2035 1782 2105 facta
1808 2032 1918 2104 (an.
1936 2031 2067 2103 547)
2092 2033 2160 2089 ad

628 2120 832 2175 Iulium
858 2123 1000 2177 urbis
1025 2120 1206 2179 Roma:
1231 2125 1546 2196 episcOpum,
1575 2123 1721 2181 Julia
1747 2127 1986 2200 episcopo
2013 2145 2045 2182 a
2070 2145 2160 2198 sy-

630 2214 767 2270 nodo
780 2215 1004 2271 directae.

633 2349 686 2404 9.
723 2349 825 2405 Cur
851 2349 1026 2405 Julius
1053 2367 1159 2406 non
1189 2352 1418 2424 adfuerit
1437 2355 1656 2426 synodo.
1690 2353 1837 2410 Petri
1871 2356 2006 2411 sedis
2031 2372 2165 2428 prta—

560 2447 814 2517 rogatiua.
856 2476 927 2488 -—
955 2447 1108 2517 Quod
1152 2462 1368 2520 semper
1409 2449 1777 2519 credidimus,
1817 2449 1980 2506 etiam
2021 2466 2165 2506 nunc

560 2542 828 2595 sentimus
853 2559 866 2595 :
892 2543 1230 2611 experientia
1254 2542 1400 2599 enim
1430 2544 1622 2613 probat
1641 2551 1693 2599 et
1719 2542 2025 2609 conﬁrmat,
2044 2559 2165 2616 qua:

561 2637 792 2708 quisque
839 2640 1114 2696 auditione
1159 2641 1380 2696 audivit.
1433 2639 1630 2697 Verum
1677 2652 1760 2698 est
1805 2643 1976 2707 enim,
2020 2643 2162 2713 quod

561 2730 909 2789 beatissimus
954 2736 1212 2806 magister
1254 2736 1496 2807 gentium
1524 2737 1725 2792 Paulus
1781 2736 2058 2807 apostolus
2095 2737 2165 2792 de

566 2839 628 2882 se
678 2826 887 2883 loculus
939 2839 1058 2884 est:
1090 2829 1162 2904 (ιτ)
1205 2831 1285 2885 An
1328 2833 1722 2903 experimentum
1771 2833 1998 2902 quaaritis
2029 2835 2162 2905 ejus,

562 2925 650 2994 qui
675 2923 728 2977 in
761 2941 842 2979 me
872 2924 1096 2997 loquitur
1125 2925 1360 2982 Christus
1393 2927 1462 3000 (ll
1495 2927 1614 2983 Cor.
1645 2927 1764 2998 xm)
1787 2928 1810 2981 ‘l
1835 2943 2163 2999 quamquam

566 3017 752 3088 utique
783 3017 909 3087 quia
949 3019 1003 3074 in
1038 3020 1154 3089 ipso
1190 3020 1448 3076 Dominus
1475 3020 1724 3078 Christus
1754 3021 2034 3088 habitavit,
2069 3022 2167 3076 du-

562 3110 726 3167 bitari
757 3125 861 3166 non
891 3111 1063 3181 possit
1085 3110 1164 3187 (d)
1206 3113 1468 3184 Spiritum
1519 3124 1765 3171 sanctum
1805 3130 1902 3186 per
1931 3115 2163 3170 animam

2265 1888 2494 1944 Concilio
2517 1887 2890 1956 Alexandrino,
2915 1890 3063 1962 cujus
3083 1887 3299 1959 epistola
3327 1887 3584 1941 iudicatur
3609 1905 3756 1941 nuru.
3773 1885 3855 1958 5);

2262 1982 2360 2040 sed
2389 1993 2443 2039 et
2470 1983 2722 2040 conventi
2753 1997 2850 2054 per
2893 1983 3240 2055 presbyteros
3280 1991 3399 2036 tuos
3439 1990 3496 2036 et
3539 1994 3640 2051 per
3666 1981 3860 2050 episto-

2264 2079 2396 2147 lam,
2427 2079 2502 2152 (g)
2529 2079 2594 2134 ad
2623 2079 2886 2152 synodum
2912 2095 3032 2152 quae
3071 2079 3248 2135 futura
3275 2087 3392 2135 erat
3429 2079 3484 2134 in
3512 2079 3652 2134 urbe
3695 2077 3858 2132 Roma

2265 2172 2450 2228 venire
2497 2173 2784 2228 noluerunt
2816 2191 2829 2226 :
2861 2180 2918 2228 et
2968 2171 3101 2228 satis
3142 2181 3259 2227 erat
3304 2171 3578 2242 iniquum,
3623 2170 3708 2243 (h)
3761 2171 3855 2226 illis

2266 2265 2759 2331 contemnentibus,
2785 2272 2864 2319 tot
2893 2263 3267 2320 sacerdotibus
3293 2262 3663 2319 testimonium
3690 2262 3858 2333 perhi-

2268 2359 2559 2427 bentibus,
2605 2358 2864 2417 Marcello
2910 2367 2965 2414 et
3024 2357 3320 2414 Athanasio
3370 2356 3643 2430 denegare
3701 2357 3859 2412 socie

2269 2461 2454 2509 tatem.

2339 2544 2505 2618 630
2526 2545 2549 2600 i
2567 2545 2584 2599 l
2602 2587 2614 2600 .
2649 2543 2774 2599 Tria
2798 2545 2851 2597 in
2872 2543 3067 2615 synodo
3090 2538 3599 2597 tractanda.—Tria
3626 2538 3856 2606 fuerunt,

2267 2656 2386 2712 qua:
2418 2638 2696 2696 tractanda
2727 2647 2903 2694 erant.
2953 2636 3084 2694 Nam
3112 2647 3168 2694 et
3210 2636 3311 2708 ipsi
3340 2635 3740 2708 religiosissimi
3769 2637 3860 2691 im-

2269 2742 2547 2805 peratores
2575 2733 2958 2804 permiserunt,
3008 2740 3067 2786 ut
3112 2730 3181 2786 de
3211 2731 3424 2803 integro
3468 2731 3723 2787 universa
3759 2730 3860 2786 dis-

2267 2842 2424 2883 cussa
2457 2827 2886 2898 disputarentur,
2915 2835 2973 2881 et
2999 2833 3124 2881 ante
3149 2826 3329 2881 omnia
3370 2825 3438 2880 de
3466 2835 3655 2881 sancta
3689 2824 3792 2879 [ide
3810 2834 3860 2878 et

2267 2919 2333 2974 de
2375 2920 2686 2990 integritate
2717 2918 2973 2983 veritatis,
3007 2932 3166 2988 quam
3214 2917 3576 2972 violaverunt.
3611 2915 3856 2973 Secunda

2269 3011 2337 3068 de
2370 3012 2636 3083 perSonis,
2668 3027 2802 3083 quas
2838 3011 3089 3066 dicebant
3114 3025 3236 3067 esse
3262 3010 3330 3082 (i)
3358 3009 3634 3079 deiectas;
3668 3010 3737 3066 de
3765 3010 3859 3064 ini~

2271 3122 2381 3178 quo
2408 3105 2636 3176 judicio,
2671 3105 2753 3160 vel
2803 3105 2849 3161 si
2890 3104 3194 3176 potuissent
3238 3105 3488 3174 probare,
3523 3103 3669 3174 justa
3719 3104 3862 3160 fieret

562 3203 682 3272 ejus
711 3203 970 3273 locutum,
1012 3214 1067 3260 et
1091 3221 1351 3277 organum
1376 3209 1623 3278 corporis
1650 3221 1990 3279 personasse.
2026 3209 2164 3264 Etlu
2192 3199 2236 3263 C
2269 3197 2629 3254 conﬁrmalio.
2670 3197 2852 3254 Terlia
2896 3211 3026 3252 vero
3051 3197 3300 3267 quaestio,
3331 3209 3451 3266 (11120
3482 3210 3611 3251 Vere
3645 3196 3862 3266 qumsﬁo

565 3294 770 3366 itaque,
797 3294 1158 3352 dilecﬁssimc
1187 3296 1378 3366 frater,
1402 3313 1632 3370 corpore
1661 3308 1964 3370 separatus,
1988 3309 2172 3357 mente

565 3388 828 3444 concordi
859 3403 922 3444 ac
951 3391 1227 3445 voluntate
1247 3389 1466 3446 adfuisti
1500 3410 1512 3446 :
1539 3401 1595 3448 et
1622 3393 1846 3449 honesta
1874 3393 1968 3449 fuit
1995 3404 2048 3450 et
2078 3411 2172 3451 ne-

569 3484 809 3539 cessaria
841 3483 1122 3538 excusatio
1148 3485 1434 3551 absentiae,
1484 3501 1552 3541 ne
1584 3497 1674 3541 aut
1703 3486 1816 3554 lupi
1843 3487 2173 3544 schismatici

569 3576 774 3634 furtum
807 3578 1050 3634 lacerent
1092 3585 1151 3634 et
1180 3587 1436 3649 raperent
1481 3595 1576 3650 per
1607 3580 1858 3648 insidias,
1890 3591 1982 3638 aut
2009 3597 2175 3639 canes

570 3672 812 3729 haeretici
841 3672 1033 3728 rabido
1065 3671 1246 3728 furore
1284 3673 1449 3729 exciti
1475 3673 1650 3730 insani
1695 3675 2050 3743 oblatrarent,
2081 3685 2176 3732 aut

569 3776 722 3821 certe
748 3779 972 3836 serpens
1000 3764 1252 3822 diabolus
1282 3765 1355 3837 (e)
1401 3766 1859 3837 blaspltemiorum
1905 3783 2171 3823 venenum

571 3856 892 3914 effunderet.
932 3857 1044 3912 Hoc
1073 3857 1217 3913 enim
1247 3859 1511 3930 optimum
1540 3868 1592 3915 et
1617 3858 1770 3915 valde
1799 3860 2176 3929 congruentis-

573 3949 767 4006 simum
800 3964 922 4006 esse
959 3951 1256 4020 videbitur,
1303 3952 1348 4008 si
1400 3952 1465 4007 ad
1497 3961 1680 4021 caput,
1724 3953 1776 4009 id
1825 3963 1910 4009 est
1937 3954 2004 4009 ad
2027 3953 2174 4010 Petri

518 4087 528 4099 .
570 4046 798 4117 apostoli
829 4046 1037 4114 sedem,
1067 4047 1135 4103 de
1165 4047 1396 4119 singulis
1421 4048 1726 4120 quibusque
1748 4049 2042 4120 provinciis
2067 4050 2172 4106 Do-

575 4139 704 4194 mini
730 4138 970 4196 referant
1000 4139 1331 4196 sacerdotes.

651 4326 730 4401 (a)
759 4325 1085 4401 Athanasius
1119 4327 1311 4381 horum
1346 4326 1640 4401 verborum
1666 4325 1790 4383 loco
1820 4325 2026 4383 habens
2049 4368 2063 4391 ,
2094 4326 2175 4382 di-

575 4397 1040 4471 vina’providentia
1065 4409 1269 4452 sanctos
1309 4408 1356 4452 et
1385 4397 1530 4452 lectos
1569 4415 1657 4452 vos
1684 4409 1960 4471 conservet,
1992 4401 2174 4471 fratres

580 4468 786 4541 dilecti,
838 4469 1212 4537 episcoporum
1251 4471 1694 4541 subscriptiones
1739 4468 2175 4541 subjicit'Apud

2273 3291 2596 3364 appellanda
2624 3301 2728 3358 est,
2769 3291 2912 3362 quod
2941 3305 3136 3362 graves
3163 3299 3214 3346 et
3247 3291 3472 3347 acerbas
3513 3290 3759 3360 injurias,
3791 3292 3864 3346 in-

2275 3387 2588 3444 tolerabiles
2615 3385 2776 3442 etiam
2799 3395 2856 3441 et
2879 3384 3114 3441 nefarias
3134 3384 3494 3442 contumelias
3517 3384 3764 3440 ecclesiis
3791 3384 3860 3439 fee

2275 3488 2500 3552 cissent,
2535 3500 2656 3541 cum
2705 3492 2965 3552 raperent
3004 3483 3308 3554 episcopos,
3353 3482 3725 3553 presbyteros,
3753 3480 3860 3536 dia-

2279 3595 2464 3644 cones,
2499 3587 2554 3634 et
2578 3591 2770 3632 omnes
2816 3576 3044 3632 clericos
3081 3575 3136 3630 in
3165 3574 3420 3631 exsilium
3472 3575 3773 3639 mitterent,
3806 3572 3865 3628 ad

2281 3673 2495 3729 deserta
2524 3673 2641 3728 loca
2674 3670 3107 3738 transducerent,
3129 3678 3186 3726 et
3206 3667 3367 3735 fame,
3390 3668 3502 3734 siti,
3531 3667 3796 3734 nuditate,
3820 3675 3866 3722 et

2276 3770 2420 3825 omni
2439 3775 2677 3838 egestate
2693 3774 2950 3822 necarent
2968 3783 2984 3833 ;
3012 3764 3146 3821 alios
3167 3765 3379 3820 clausos
3403 3777 3626 3819 carcere
3641 3772 3697 3819 et
3715 3777 3866 3834 squa-

2279 3861 2394 3919 lore
2419 3872 2475 3918 et
2504 3871 2695 3932 putore
2724 3859 3076 3926 Conﬁcerent,
3111 3858 3398 3914 nonnullos
3418 3855 3612 3914 ferreis
3645 3857 3867 3913 vinculis

2278 3960 2351 4014 ita
2382 3959 2538 4028 (adde
2565 3956 2935 4028 stringerent),
2966 3967 3024 4012 ut
3042 3958 3285 4012 cervices
3310 3957 3388 4011 eis
3421 3955 3740 4010 arctissimis
3767 3953 3863 4008 cir-

2280 4051 2418 4107 culis
2445 4051 2929 4121 strangularentur.
2958 4050 3194 4120 Denique
3223 4065 3291 4106 ex
3317 4048 3447 4119 ipsis
3469 4047 3691 4118 quidam
3713 4045 3866 4101 vincti

2283 4145 2337 4200 in
2371 4144 2559 4200 eadem
2611 4145 2808 4214 injusta
2837 4142 3156 4200 defecerunt
3181 4157 3340 4214 poena
3371 4156 3640 4213 :quorum
3683 4138 3868 4210 ambigi
3927 4193 3930 4195 λ

2354 4329 2422 4401 (ι’)
2454 4327 2511 4384 In
2553 4342 2684 4383 mss.
2719 4326 2866 4384 Pith.
2893 4338 2949 4381 et
2979 4325 3164 4391 Colb.,
3196 4324 3474 4397 Arcydami
3513 4333 3561 4380 et
3587 4324 3834 4401 Filioseni
3855 4339 3870 4377 :

2281 4409 2338 4456 et
2364 4397 2513 4456 "mox
2549 4409 2843 4470 potuerunt,
2897 4413 3006 4454 non
3057 4408 3340 4469 poterunt:
3369 4412 3492 4469 qua:
3526 4413 3594 4453 ex
3652 4397 3868 4452 Baronio

2282 4472 2651 4528 emendamus.

577 4535 1334 4633 Tl‘29.".°"e.‘l"'1Pl'l"'1‘?:.ll‘s
1360 4535 1892 4633 ⁴³¹¹¹Ῑέῗίῗτιῖ⁴9ξιυξξύἷ
1923 4540 2048 4633 “te!
2071 4535 2167 4633 ὀξίς

2355 4561 2431 4633 (g)
2461 4562 2639 4618 Faber
2671 4571 2986 4633 reposuerat
3020 4577 3062 4633 _a
3086 4563 3306 4632 synodo,
3344 4575 3466 4616 cum
3497 4561 3562 4633 in
3585 4577 3689 4616 ms.
3728 4560 3862 4616 Pith.

583 4613 824 4684 positio:
854 4627 916 4666 ea
963 4609 1103 4684 haud
1135 4610 1296 4663 duhie
1319 4652 1331 4672 ,
1369 4628 1526 4684 quam
1559 4609 1885 4684 Athanasius
1915 4613 2072 4684 epist.
2107 4613 2172 4666 ad

585 4681 839 4738 Antioch.
881 4697 936 4753 p.
969 4681 1073 4736 576
1097 4712 1117 4746 ,-
1145 4690 1415 4751 tamquam
1442 4681 1780 4739 Sardicensis
1806 4683 1994 4754 synodi
2039 4683 2174 4737 falso

583 4754 922 4810 circumferri
973 4763 1198 4817 monet;
1249 4761 1303 4808 et
1343 4762 1448 4808 tam
1492 4757 1644 4825 ipse,
1697 4753 1857 4825 quam
1911 4753 2176 4816 Eusebius

585 4825 818 4880 Vcrccll.
865 4825 1004 4895 apud
1053 4825 1301 4897 eumdem
1351 4842 1470 4896 pag.
1519 4828 1661 4889 580,
1710 4826 1932 4881 omnino
1964 4829 2178 4897 suppri-

586 4898 838 4982 mendam
865 4906 1108 4963 censent,
1134 4912 1200 4951 ne
1231 4896 1362 4954 ﬁdes
1391 4897 1607 4955 Nicmna
1636 4913 1742 4954 non
1774 4897 2026 4956 sufﬁcere
2053 4896 2178 4954 inde

586 4978 1092 5111 cxiitilggldiripsam
1112 5040 1393 5108 epistolam
1416 5057 1481 5098 ex
1499 5042 1836 5098 collectionis
1858 5042 2146 5097 Cresconia
2165 5073 2178 5084 -

589 5131 674 5171 me
721 5113 1002 5170 Cassinate
1032 5114 1218 5169 codice
1250 5125 1561 5184 pervctusto
1602 5115 1772 5170 edidit
1818 5115 2078 5170 Baronius
2113 5116 2179 5168 ad

588 5204 680 5243 an.
710 5187 838 5251 547,
870 5203 924 5239 n.
955 5185 1049 5248 23,
1079 5187 1129 5240 in
1160 5203 1266 5254 quo
1301 5189 1612 5255 castigatior
1638 5189 1753 5242 haec
1788 5189 2072 5257 praefertur
2101 5189 2182 5241 in-

589 5261 846 5328 scriptio:
875 5257 1072 5331 Incipit
1101 5261 1360 5328 exemplar
1381 5260 1563 5330 synodi
1583 5259 1906 5315 Sardicensis
1934 5262 2085 5331 facta:
2113 5259 2183 5312 ad

589 5333 793 5386 Iulium
821 5331 958 5385 urbis
986 5331 1165 5386 Romae
1194 5332 1507 5400 episcopum.

667 5403 738 5476 (ε)
772 5403 1012 5472 Apostoli
1044 5403 1212 5458 verba
1257 5418 1324 5458 ex
1355 5402 1593 5459 editione
1621 5403 1837 5460 Baronii
1873 5403 1977 5460 huc
2019 5419 2174 5461 revo-

592 5491 944 5617 ωῗέδελρυά
975 5546 1197 5614 Baron.,
1231 5545 1489 5617 Spiritum
1520 5562 1611 5618 per
1653 5547 1883 5602 animum
1922 5548 2074 5602 etiam
2115 5548 2193 5602 lo-

594 5628 971 5760 ωῗέἵιίὶποη.
1005 5690 1466 5763 blasphemiarum.
1499 5690 1618 5746 Jam
1648 5705 1754 5746 non
1784 5690 1956 5748 semel
1978 5692 2194 5763 experti

598 5775 799 5882 θυιηᾶιᾶ
821 5762 872 5815 in
905 5774 1037 5818 mss.
1069 5759 1258 5819 haberi
1297 5761 1753 5832 blasphemiorum,
1791 5764 1914 5820 loco
1954 5759 2193 5836 blasphe-

601 5845 713 5882 "lﬂr
812 5871 821 5882 ι

601 5849 649 5884 m
656 5847 684 5879 (Ι
691 5845 799 5882 rum
812 5871 821 5882 .

2283 4631 2574 4704 reperisset
2615 4644 2662 4690 et
2707 4631 2980 4706 synodum.
3018 4631 3210 4706 Verius
3257 4633 3456 4688 Baron.
3499 4631 3566 4685 ad
3610 4633 3868 4706 synodum,

2285 4707 2538 4760 nimirum
2572 4704 2757 4761 Boniti:
2805 4723 2894 4759 an.
2938 4705 3037 4760 3M
3072 4704 3334 4767 habitam,
3366 4719 3434 4759 ex
3477 4720 3582 4772 qua
3611 4704 3781 4758 Julius
3808 4704 3866 4756 ad

2286 4779 2620 4834 Eusebianos
2650 4780 2935 4847 epistolam
2968 4777 3207 4844 scripsit,
3230 4777 3300 4831 ab
3322 4775 3622 4831 Athanasio
3648 4775 3869 4845 descrip~

2287 4860 2394 4906 tam
2430 4849 2658 4922 Apolog.
2691 4865 2752 4914 ll,
2784 4867 2834 4919 p.
2871 4848 2996 4904 759.

2359 4943 2438 5015 (h)
2471 4942 2624 5012 Apud
2649 4942 2873 5015 Baron.,
2899 4940 3004 4995 illis
3021 4939 3578 5015 conﬁtentibusJectio
3606 4956 3719 5015 non
3731 4954 3870 5015 sper-

2288 5011 2463 5071 nenda
2495 5033 2507 5069 :
2542 5015 2664 5084 quia
2694 5014 2813 5069 scil.
2847 5012 2968 5082 fuga
3015 5026 3108 5066 sua
3143 5011 3498 5080 prodiderunt
3539 5013 3869 5068 conscientia!

2286 5102 2399 5144 suae
2425 5083 2658 5149 reatum,
2700 5095 2758 5142 et
2799 5084 3036 5140 confessi
3069 5091 3197 5138 sunt
3226 5083 3355 5138 falsa
3388 5098 3511 5139 esse
3541 5101 3662 5152 qua:
3691 5084 3865 5138 advero

2287 5175 2381 5215 sus
2422 5160 2708 5230 episcopos
2738 5157 3142 5230 conﬁnxerunt,
3172 5171 3302 5211 vera
3339 5166 3520 5230 autem
3554 5172 3676 5230 quae.
3702 5169 3791 5226 pro
3814 5153 3870 5208 il-

2287 5233 2355 5288 lis
2386 5241 2464 5287 tot
2491 5227 2802 5286 sacerdotes
2821 5228 3304 5284 contestahantur:
3333 5227 3477 5300 quod
3500 5229 3700 5300 smpius
3729 5240 3867 5298 repe-

2287 5304 2349 5358 tit
2379 5304 2634 5372 superior
2659 5302 2910 5372 epistola.

2361 5397 2432 5471 (ἢ
2456 5396 2677 5471 Baron.,
2712 5394 2932 5471 delectas
2963 5410 2982 5449 :
3010 5392 3155 5471 quod
3179 5394 3342 5471 etiam
3387 5393 3440 5448 in
3473 5407 3572 5450 suo
3597 5410 3698 5449 ms.
3723 5406 3862 5471 repe-

2292 5464 2380 5526 rit'
2395 5464 2592 5534 Faber,
2636 5468 2725 5538 qui
2755 5475 2940 5538 postea
2970 5464 3268 5538 pariteride
3310 5479 3409 5520 suo
3439 5475 3691 5538 posuerat
3724 5475 3781 5538 ut
3803 5464 3860 5524 si,

2297 5556 2396 5613 pro
2416 5540 2499 5614 uel
2520 5539 2584 5614 si.
2626 5535 2736 5614 Sed
2760 5535 2933 5614 facile
2974 5536 3294 5614 intelligitur
3326 5535 3766 5614 tacitaAparticula
3794 5541 3857 5614 al.

2295 5606 2422 5670 ante
2465 5611 2530 5666 de
2561 5611 2756 5681 iniquo.
2802 5608 3084 5681 Athanasii
3119 5606 3433 5681 praesertim
3461 5606 3530 5681 ab
3572 5606 3859 5681 Eusebianis

2297 5684 2576 5741 damnatio
2605 5678 2691 5738 vel
2717 5696 2781 5736 ex
2804 5679 2908 5737 hoc
2933 5678 3262 5752 iniqua’fuit,
3294 5679 3441 5752 quod
3462 5680 3660 5752 absens
3673 5678 3856 5752 judica:

2300 5766 2387 5838 tus
2413 5762 2518 5838 est.
2544 5753 2628 5810 Ex
2649 5751 3004 5838 iniquajacta
3024 5745 3166 5810 Esset
3192 5745 3359 5838 iusta,
3400 5751 3448 5838 si
3480 5745 3745 5812 illatorum
3769 5745 3856 5820 ipsi

2300 5829 2586 5882 criminum
2614 5829 2861 5881 convinci
2892 5839 3133 5895 praesens
3153 5829 3439 5894 potuisset.
