4062 6332
219 304 305 362 6H

1132 307 1230 366 EX
1265 309 1495 370 OPERE
1539 313 1901 377 l‘llSTORICO
1940 319 2426 385 FRAGMENTUM
2468 327 2531 386 ll.

3388 334 3494 394 649.

219 435 309 472 non
356 421 521 487 potest
563 415 825 489 martyrio
874 418 1167 491 gloriosam
1208 434 1436 483 mortem
1483 431 1779 489 exstitisse.
1811 440 1863 501 Α
1890 435 1990 492 bus
2019 438 2212 510 dejecti
2235 454 2379 510 sunt,
2409 445 2677 536 subjicere
2706 448 3014 505 curavimus
3049 465 3064 506 :
3097 459 3155 506 ut
3185 451 3348 509 sciret
3373 453 3489 510 exi-

228 514 245 536 Δ
277 511 384 536 ll”...
414 524 614 536 nutu...“
656 511 851 536 nuda...
904 516 1155 536 _----J-,u
1213 535 1218 536 ,
1252 521 1310 536 κη
1714 526 1745 536 ..
1946 531 1957 536 -
2028 529 2057 536 Α
2166 533 2176 536 -

218 511 384 566 Adhuc
411 524 615 580 quoque
655 511 856 567 audent
899 516 1162 586 quosdam
1209 521 1449 578 retinere
1484 541 1496 578 :
1531 540 1630 581 nec
1674 526 1782 581 ulla

215 619 359 660 causa
387 602 483 657 fuit
530 603 790 673 criminis,
837 608 940 663 nisi
967 611 1108 680 quod
1147 628 1536 685 repugnarem,
1568 628 1622 673 et
1672 621 1786 676 cla-

216 705 404 752 marent
430 694 568 766 quod
594 709 1006 756 exsecrarentur
1046 705 1302 762 Arianam
1329 718 1384 763 et
1424 709 1782 768 Eusebiauam

215 789 470 858 haeresim,
515 800 569 848 et
607 794 814 851 nollent
840 795 1043 856 habere
1068 815 1191 856 cum
1226 803 1420 860 talibus
1445 807 1784 865 communio-

213 901 340 952 nem,
374 883 447 955 (a)
491 885 552 940 iis
595 897 796 956 autem,
847 890 939 961 qui
979 906 1162 948 secum
1204 896 1407 953 sentire
1453 899 1780 968 maluerunt,

213 978 468 1049 prodesse.
504 980 572 1035 Et
599 981 689 1052 qui
713 995 840 1040 ante
870 985 1086 1043 fuerant
1105 986 1324 1058 dejecti,
1359 1006 1465 1046 non
1493 993 1669 1048 solum
1697 1010 1785 1051 re-

211 1073 336 1142 cepti
365 1081 506 1141 sunt,
536 1075 631 1131 sed
672 1077 834 1133 etiam
866 1080 932 1135 ad
963 1081 1273 1139 clericalem
1302 1085 1617 1157 dignitatem
1649 1104 1782 1160 pro-

209 1167 348 1234 moti,
379 1177 431 1222 et
457 1182 786 1240 acceperunt
816 1177 1093 1244 praemium
1127 1177 1399 1236 falsitatis.

271 1259 351 1314 12.
395 1258 596 1316 Ursacii
625 1273 675 1318 et
721 1264 952 1323 Valentis
978 1272 1298 1340 perversitas.
1327 1303 1394 1316 -—-
1419 1275 1562 1344 Quid
1599 1286 1780 1336 autem

207 1348 266 1405 de
291 1351 462 1421 impiis
503 1363 560 1410 et
601 1356 669 1411 de
701 1357 966 1429 imperitis
1003 1363 1440 1424 adolescentibus
1473 1368 1699 1427 Ursacio
1725 1381 1783 1429 et

210 1443 414 1503 Valente
441 1456 699 1506 statutum
732 1454 824 1519 sit,
853 1456 1060 1527 accipe,
1094 1458 1402 1518 beatissime
1431 1462 1617 1521 frater.
1642 1467 1782 1536 Quia

206 1543 524 1600 manifestum
567 1557 706 1615 erat,
754 1549 853 1606 hos
898 1568 1003 1608 non
1050 1569 1269 1612 cessare
1306 1558 1624 1616 adulterina:
1653 1562 1785 1620 doc-

207 1635 345 1691 trina:
371 1634 445 1709 (ὁ)
489 1637 706 1696 letltalia
748 1645 953 1698 semina
999 1660 1276 1719 spargere,
1320 1660 1370 1706 et
1416 1652 1558 1722 quod
1587 1652 1782 1712 Valens

204 1729 366 1784 relicta
409 1731 640 1789 ecclesia
689 1737 978 1792 ecclesiam
1009 1741 1170 1796 aliam
1209 1742 1466 1800 invadere
1493 1746 1778 1815 voluisset,

1887 531 1992 584 mia
2020 529 2264 589 Gravitas
2313 545 2438 603 tua,
2482 538 2571 608 qui
2621 529 2802 596 essent
2848 544 3231 600 communione
3272 545 3487 615 privati.

1887 619 1977 678 Uti
2009 632 2135 680 ante
2160 627 2440 695 praelocuti
2490 645 2696 698 sumus,
2728 649 2918 691 omnes
2949 635 3144 692 fratres
3195 646 3251 694 et
3297 639 3489 710 coepi-

1885 728 2082 784 scopos
2115 727 2328 773 nostros
2379 719 2574 778 litteris
2620 725 2725 780 tuis
2781 726 3074 784 admonere
3127 728 3388 800 digneris,
3423 745 3491 786 nc

1889 807 1965 881 (g)
1995 810 2268 882 epistolia,
2299 813 2353 870 id
2379 825 2486 884 est,
2515 815 2724 876 litteras
2759 823 3271 882 communicatorias
3301 839 3490 885 eorum

1885 903 2174 976 accipiant.

2357 1038 2560 1085 NOMINA
2599 1044 3020 1091 “EBETICORUM.

1956 1134 2043 1190 14.
2089 1135 2343 1195 Ursacius
2384 1156 2414 1194 a
2458 1141 2781 1215 Singiduno,
2815 1145 3012 1204 Valens
3045 1164 3077 1204 a
3108 1150 3306 1218 Mursa,
3350 1153 3490 1211 Nar-

1884 1225 2054 1283 cissus
2080 1228 2160 1300 (Ιι)
2193 1230 2262 1286 ab
2292 1231 2555 1304 JerOpoli,
2587 1237 2892 1308 Stephanus
2925 1242 2991 1296 ab
3019 1241 3488 1312 Antiochia,Aca-

1884 1318 1999 1375 cius
2025 1337 2054 1375 a
2077 1321 2346 1395 Caesarea,
2383 1326 2776 1401 Menophantus
2812 1333 2882 1388 ab
2911 1334 3146 1405 Epheso,
3169 1335 3434 1410 Georgius
3458 1355 3489 1396 a
3534 1372 3536 1374 τ

1884 1411 2155 1471 Laodicia.

1885 1544 2014 1584 1TB}!
2053 1545 2253 1588 NOHINA
2299 1549 2662 1594 EPISCOPORUH
2695 1555 2851 1598 INFBA
2874 1583 2889 1609 ,
2919 1559 3007 1608 QUI
3059 1561 3259 1603 SYNODO
3310 1564 3490 1605 εΑιιηι-

1957 1638 2106 1679 CENSI
2137 1640 2461 1684 Αοῑυεκωετ
2510 1647 2581 1686 ΕΤ
2621 1647 3076 1694 SUBSCRIPSERUNT
3127 1654 3276 1696 "DEI!
3307 1656 3359 1697 IN
3396 1657 3487 1698 ιυ-

1955 1731 2118 1773 DICIO.

205 1830 249 1876 et
275 1836 335 1877 eo
362 1831 623 1893 [emptu-(3,
667 1841 775 1898 quo
817 1829 1139 1888 seditionem
1184 1838 1501 1903 commovit,
1541 1855 1677 1894 unus
1714 1855 1779 1895 ex
1811 1840 1858 1903 B
1960 1827 2044 1884 15.
2079 1831 2268 1889 Οεδίυε
2307 1834 2376 1890 ab
2415 1837 2653 1908 Spannia
2682 1840 3070 1912 Cordohensis,
3107 1847 3386 1904 Annianus
3423 1849 3492 1905 ab

201 1911 437 1970 fratribus
497 1919 723 1986 nostris,
775 1920 868 1992 qui
925 1922 1112 1994 lugere
1165 1941 1272 1982 non
1329 1929 1543 1998 potuit,
1600 1930 1785 1987 Viator

206 2006 447 2080 obruptus
477 2023 531 2068 et
560 2016 910 2074 conculcatus
937 2021 988 2075 in
1035 2020 1224 2078 eadem
1254 2023 1680 2096 Aquileiensium
1706 2030 1786 2086 ci-

200 2102 345 2160 vitate
371 2104 456 2162 die
472 2107 632 2164 tertia
658 2110 859 2168 defecit
883 2130 896 2166 :
927 2129 1088 2170 causa
1122 2117 1308 2190 utique
1336 2119 1526 2176 mortis
1557 2121 1655 2178 fuit
1682 2123 1784 2178 Va-

197 2195 320 2263 lens,
359 2200 444 2268 qui
473 2202 832 2271 perturbavit,
883 2207 973 2277 qui
1019 2209 1354 2268 sollicitavit.
1397 2212 1505 2269 Sed
1561 2230 1624 2270 ea
1662 2231 1783 2285 qua:

197 2288 500 2348 beatissitnis
551 2297 810 2367 Augustis
854 2299 1276 2370 significavimus
1329 2319 1450 2360 cum
1501 2305 1778 2376 legeritis,

197 2382 333 2439 facile
363 2387 736 2454 pervidebitis,
789 2390 920 2446 nihil
959 2408 1059 2448 nos
1102 2397 1546 2467 praetermisisse,
1604 2414 1781 2469 quan-

198 2484 293 2530 tum
320 2480 458 2535 ratio
491 2481 817 2550 patiebatur.
850 2485 915 2539 Et
941 2500 1009 2540 ne
1036 2487 1264 2543 molesta
1295 2497 1440 2545 esset
1469 2491 1628 2562 longa
1659 2507 1782 2547 nar-

195 2571 336 2639 ratio,
363 2575 452 2645 qui
477 2573 759 2644 fecissent,
786 2587 840 2634 et
863 2576 934 2650 (c)
961 2595 1082 2650 quae
1098 2583 1520 2650 commisissent,
1549 2583 1784 2640 insinua-

195 2663 373 2721 vimus.
1247 2722 1256 2728 4

257 2757 336 2814 15.
365 2759 568 2832 Synodi
615 2763 806 2831 placita
836 2766 1055 2833 Siciliae,
1087 2768 1351 2827 Sardinia:
1396 2782 1444 2828 et
1478 2772 1654 2832 Italia:
1692 2795 1783 2848 per

192 2847 372 2906 Iulium
394 2855 733 2914 addiscenda.
767 2889 837 2900 —
867 2860 980 2916 Tua
1012 2871 1191 2918 autem
1232 2864 1508 2922 excellens
1537 2847 1779 2938 prudent;

197 2941 258 2995 tia
285 2943 570 3012 diSponere
593 2948 774 3016 debet,
805 2963 862 3006 ut
893 2969 986 3023 per
1011 2963 1098 3009 tua
1127 2955 1350 3025 scripta,
1381 2960 1467 3028 qui
1494 2959 1547 3014 in
1569 2961 1778 3030 Sicilia,

191 3031 336 3108 631
366 3036 416 3092 in
461 3039 736 3109 Sardinia,
773 3044 824 3096 in
875 3043 1022 3098 Italia
1059 3055 1186 3101 sunt
1215 3045 1405 3103 fratres
1439 3052 1627 3115 nostri,
1660 3069 1780 3123 quae

193 3137 297 3182 acta
329 3139 451 3186 sunt
473 3144 527 3188 et
557 3149 680 3205 qua:
710 3134 933 3190 deﬁnita
963 3149 1320 3207 cognoscant;
1349 3151 1406 3197 et
1430 3159 1498 3200 ne
1525 3145 1778 3214 ignoran-

1887 1918 2140 1991 Spanniis
2187 1924 2255 1982 de
2297 1925 2608 1998 Castolona,
2661 1930 3012 1992 Florentinus
3059 1937 3127 1992 ab
3165 1937 3382 2009 Spaniis
3423 1940 3492 1998 de

1887 2013 2162 2082 Emerita,
2213 2019 2274 2091 (i)
2327 2019 2674 2079 Dominianus
2728 2027 2797 2084 ab
2839 2027 3054 2098 Spaniis
3097 2031 3167 2086 de
3214 2033 3484 2102 Asturica,

1884 2107 2078 2164 Castus
2105 2110 2175 2165 ah
2204 2111 2420 2183 Spaniis
2451 2116 2518 2171 de
2564 2115 2777 2175 Caesam
2829 2125 3092 2194 Augusta,
3136 2126 3493 2185 Prmtextatus

1884 2199 1952 2254 ab
1981 2203 2196 2271 Spaniis
2224 2204 2290 2260 de
2320 2205 2624 2274 Barcilona,
2649 2210 2915 2269 Maximus
2951 2230 2982 2270 a
3012 2215 3205 2273 Tuscia
3231 2217 3297 2275 de
3318 2218 3486 2287 Luca,

1880 2293 2043 2367 632
2071 2296 2268 2353 Bassus
2298 2315 2328 2354 a
2358 2300 2665 2359 Macedonia
2713 2306 2781 2360 de
2827 2307 3269 2383 Diocletianopoli
3295 2352 3312 2379 ,
3359 2313 3493 2368 Per.

1889 2390 2112 2460 phyrius
2138 2406 2168 2444 a
2192 2391 2502 2451 Macedonia
2531 2397 2598 2452 de
2628 2397 2912 2470 Philippis,
2947 2401 3233 2460 Marcellus
3261 2421 3288 2458 a
3317 2405 3493 2463 Mace-

1885 2481 2046 2536 donia
2087 2483 2153 2540 de
2177 2484 2249 2558 (j)
2285 2487 2498 2560 Ancyra
2535 2489 2811 2560 Gallaciat,
2841 2493 3095 2552 Euterius
3135 2513 3165 2552 a
3208 2497 3396 2555 Procia
3423 2500 3493 2558 de

1890 2570 2117 2640 Caindo,
2142 2577 2426 2648 Asclepius
2451 2597 2480 2634 a
2504 2580 2787 2638 Palaestina
2816 2584 2884 2639 de
2903 2585 3070 2655 Gaza,
3100 2587 3173 2660 (It)
3197 2589 3432 2664 Moysius
3455 2607 3489 2648 a

1884 2665 2165 2724 Thessalia
2215 2669 2284 2727 de
2308 2671 2530 2741 Thebis,
2559 2674 2876 2734 Vincentius
2895 2695 2927 2734 a
2959 2681 3250 2753 Campania
3292 2685 3360 2741 de
3390 2684 3494 2742 (la-

1883 2776 2009 2832 pna,
2044 2761 2328 2821 Januarius
2373 2783 2402 2820 a
2445 2766 2739 2839 Campania
2783 2772 2852 2828 de
2896 2773 3226 2846 Benevento,
3261 2777 3492 2835 Protho-

1881 2869 2048 2926 genes
2076 2856 2141 2927 (Ι)
2171 2873 2199 2909 a
2229 2858 2390 2916 Dacia
2420 2861 2490 2917 de
2528 2862 2773 2932 Serdica,
2809 2866 3098 2925 Dioscorus
3121 2870 3189 2926 de
3231 2871 3489 2942 Thracia,

1884 2947 1980 3020 (in)
2008 2948 2303 3021 Hyntenius
2329 2968 2360 3008 a
2387 2953 2576 3011 Thess.
2605 2956 2673 3012 de
2695 2957 2946 3024 Pearata,
2975 2961 3173 3017 Lucius
3203 2978 3231 3016 a
3259 2963 3492 3022 Thracia

1883 3040 1950 3096 de
1966 3041 2262 3114 CaynOpoli
2299 3044 2387 3116 (an
2416 3046 2882 3123 Hadrianopoli?),
2913 3051 2992 3125 (η)
3018 3053 3212 3110 Lucius
3236 3055 3306 3110 ab
3336 3054 3489 3112 Italia

1883 3135 1950 3191 tle
1996 3137 2234 3203 Verona,
2282 3139 2544 3212 Evagrius
2589 3158 2618 3197 a
2661 3143 2972 3200 Macedonia
3017 3145 3087 3202 de
3134 3147 3488 3207 Heraclianeo

197 3230 267 3276 tes
286 3237 466 3280 eorum
499 3227 774 3298 accipiant
803 3229 1011 3286 litteras
1036 3235 1570 3303 communicatorias,
1618 3239 1667 3294 id
1696 3249 1780 3294 est

1891 3229 1904 3301 [
1914 3229 1964 3282 Μ
1971 3248 2014 3284 s.
2035 3231 2438 3305 Eraclialineo),
2459 3235 2744 3308 Dionysius
2775 3237 2842 3292 ab
2867 3238 3069 3294 Achaia
3098 3240 3164 3294 de
3184 3239 3485 3311 Ligttedon,

192 3315 262 3384 (ιι)
285 3319 550 3390 epistolia,
586 3338 722 3392 quos
746 3324 889 3396 justa
917 3329 1188 3383 sententia
1219 3329 1552 3402 degradavit,
1585 3349 1780 3406 perse-

195 3422 372 3469 verent
397 3426 580 3474 autem
613 3418 896 3477 Marcellus
936 3433 992 3480 ct
1027 3424 1354 3483 Athanasius
1399 3438 1453 3484 et
1497 3430 1782 3501 Asclepius

191 3501 237 3557 in
266 3518 441 3563 n05tra
475 3513 863 3570 canimunione
899 3534 912 3571 :
943 3516 1064 3586 quia
1097 3519 1291 3574 obesse
1319 3521 1399 3576 eis
1431 3537 1534 3576 non
1567 3532 1782 3594 poterat

193 3593 415 3670 iniquum
453 3602 750 3674 judicium,
778 3606 849 3680 (ε)
877 3617 932 3664 et
977 3608 1121 3681 fuga,
1167 3621 1222 3667 ct
1270 3593 1645 3684 tergiversatio
1675 3633 1775 3674 e0-

190 3702 318 3756 rum,
341 3693 427 3762 qni
455 3695 520 3749 ad
559 3695 821 3764 judicium
856 3702 1094 3755 omnium
1133 3704 1536 3775 episcoporum,
1568 3706 1636 3779 (Ῑ)
1682 3708 1774 3778 qui

191 3785 548 3851 convenimus,
582 3789 772 3846 venire
813 3792 1132 3850 noluerunt.
1160 3795 1390 3865 Caetera,
1424 3800 1582 3856 sicuti
1618 3817 1778 3873 supeo

193 3877 297 3934 rius
319 3886 891 3956 commemoravimus,
935 3889 1091 3959 plena
1123 3891 1318 3948 relatio
1357 3892 1609 3962 fratrum,
1643 3912 1780 3966 quos

191 3970 388 4028 sincera
445 3975 689 4034 charitas
763 3987 850 4035 tua
915 3982 1102 4050 misit,
1154 3985 1565 4041 unanimitatem
1631 3997 1776 4044 tuam

191 4067 510 4134 perdocebit.
561 4071 761 4127 Eorum
795 4083 974 4130 autem
1013 4078 1254 4146 nomina,
1283 4083 1372 4150 qui
1398 4096 1496 4151 pro
1523 4079 1778 4138 facinori-

253 4233 325 4317 ςα)
361 4235 453 4317 Εχ-
483 4238 721 4317 lectione
746 4256 877 4296 mss.
909 4241 1048 4296 Pith.
1083 4252 1138 4298 et
1163 4242 1342 4317 Colla,
1366 4247 1453 4317 qui
1477 4257 1566 4301 aut
1604 4249 1654 4301 in
1686 4264 1783 4302 stc-

191 4304 297 4358 cttlo
321 4311 517 4389 servire
549 4312 861 4389 maluerunt,
905 4317 1216 4389 coniecerat
1260 4304 1457 4384 Faber,
1489 4321 1576 4389 qui
1608 4329 1780 4374 autem

187 4379 362 4433 seculo
385 4383 578 4439 servire
599 4385 894 4440 noluerunt.
920 4386 1034 4442 lluc
1056 4386 1414 4446 Baronianam
1439 4379 1776 4448 revocamus.

253 4469 325 4546 (ἔν)
367 4477 522 4544 Apud
560 4477 780 4540 Baron.,
815 4479 868 4533 in
906 4480 1082 4546 Italia,
1117 4497 1225 4538 non
1254 4483 1484 4540 lethalia.
1559 4497 1562 4500 ’

253 4542 322 4621 (ε)
368 4542 502 4602 Illud
534 4565 652 4621 qua:
679 4549 960 4620 adjicimus
993 4542 1078 4608 ex.
1100 4553 1262 4609 Sirm.
1299 4555 1562 4614 Baronius
1596 4567 1776 4615 autem

191 4617 475 4694 praeferens
499 4617 656 4677 antea
683 4617 796 4692 qua:
822 4624 1081 4692 fecissent,
1106 4627 1301 4682 omittit
1329 4639 1376 4683 et
1401 4646 1516 4701 qua:
1565 4633 1778 4687 commi-

191 4699 337 4740 81886"
343 4700 360 4741 Ι
366 4728 381 4743 ο

260 4755 337 4843 (ά)
359 4761 580 4843 ln_mss.
616 4764 846 4843 [fithLet
877 4766 1056 4843 Colh.,
1089 4771 1144 4825 id
1177 4781 1252 4843 est
1291 4772 1558 4840 epistulas.
1587 4774 1776 4843 Sirm.,

194 4827 244 4880 id
270 4827 339 4912 est
364 4837 702 4917 episcopalia.
724 4837 874 4917 _l-l§cc
891 4827 1070 4917 _verba
1098 4827 1480 4900 desiderantur
1505 4827 1661 4917 apud
1679 4827 1781 4900 Da:

193 4901 414 4991 roqium,
447 4901 553 4990 qui
580 4909 772 4991 deinde
801 4911 950 4991 legit,
974 4930 1102 4984 quos
1139 4923 1284 4970 extra
1314 4901 1664 4988 episcOptitum
1688 4935 1778 4991 sy-

191 4970 298 5027 nodi
326 4970 579 5033 senteiitia
605 4970 902 5039 declaravit.

256 5043 324 5132 _(e)
349 5048 572 5132 Darem,
606 5053 668 5106 de
695 5059 816 5132 fuga
845 5066 890 5110 et
922 5058 1352 5132 tergiversatione.
1377 5059 1492 5116 Non
1523 5061 1775 5132 displice-

193 5125 267 5195 τρι
288 5133 349 5173 ex
381 5122 535 5195 fuga,
560 5122 702 5191 etc.,’
718 5125 769 5180 id
798 5137 899 5189 est.
931 5122 1114 5184 eorum
1141 5131 1407 5188 absolutio
1433 5122 1632 5190 dill‘err'i
1659 5134 1777 5190 diu-

195 5187 424 5270 tius‘no'n
444 5187 660 5270 debuit,
679 5187 816 5266 'quia
849 5187 1095 5270 l’ugorunt
1120 5187 1332 5259 illorum
1365 5187 1681 5260 adversarii.

261 5261 335 5330 (Ι)
375 5266 534 5342 Apud
570 5261 787 5337 Baroit.,
807 5261 1158 5342 qao'venimus
1186 5292 1206 5329 :
1235 5275 1414 5330 minus
1445 5277 1601 5340 bene,
1628 5287 1686 5330 ttt
1717 5277 1781 5332 li—

193 5343 310 5415 quet
336 5350 401 5391 ex
434 5337 524 5420 his
543 5353 692 5420 nam.
721 5342 777 5410 2,
802 5337 982 5414 synodi
1010 5349 1236 5403 omnium
1267 5358 1516 5413 nostrum,
1545 5337 1631 5420 qui
1657 5365 1782 5403 con-

191 5410 411 5481 venimus
438 5410 686 5481 episcopi.

263 5472 338 5550 (g)
388 5479 444 5560 lu
468 5472 587 5537 'ms.
613 5472 776 5540 'Pith.
819 5503 880 5540 ne
914 5487 1156 5554 epistolas
1190 5505 1208 5544 :
1237 5490 1380 5560 quod
1412 5491 1572 5545 etiam
1618 5491 1779 5549 habet

194 5542 384 5602 Bai-on.
421 5554 606 5623 legens
639 5567 844 5627 postea,
874 5542 992 5614 inde
1023 5542 1440 5633 allatassprovid
1466 5542 1778 5620 est-litteras:

194 5703 205 5716 .
250 5636 339 5720 _(lt)
367 5643 528 5720 Apud
558 5645 781 5715 Baron.,
804 5667 836 5704 a
866 5650 1208 5720 Neronopoli,
1253 5652 1462 5710 favente
1494 5655 1787 5712 Athanasio

195 5709 619 5803 initionqulug.
665 5709 822 5803 tigri};
849 5724 1049 5803 πόλβωί
1065 5709 1309 5803 ἀέρῶνος.
1343 5709 1518 5803 Supra
1539 5709 1782 5803 itum.‘7,

195 5780 314 5867 legit
339 5780 643 5867 interius}
662 5780 975 5851 Neroniade.
1001 5780 1097 5851 Esi
1123 5780 1311 5863 ἱιιιιειὶι,
1341 5780 1517 5867 ihq‘uii
1538 5780 1788 5856 Tillioqu

197 5863 337 5911 retus
365 5857 460 5916 lib.
520 5876 537 5916 ι
586 5864 721 5920 ilist.
755 5867 927 5937 Eccl.,
969 5885 1018 5926 c.
1052 5869 1082 5925 7
1123 5886 1138 5926 :
1179 5857 1437 5928 Νενὸηίαὲ
1463 5869 1663 5929 Cilicia:
1691 5887 1786 5929 se-

1887 3321 2061 3378 Julius
2098 3325 2166 3379 ab
2189 3324 2385 3382 Acacia
2427 3327 2494 3384 de
2539 3328 2614 3402 (ο)
2645 3329 2829 3386 Thebe
2875 3333 3214 3405 eptapyleos.
3249 3333 3489 3391 Atheno-

1885 3415 2051 3472 dorus
2093 3419 2161 3474 ab
2195 3419 2398 3476 Achaia
2442 3422 2512 3478 de
2554 3422 2734 3478 Blalea
2769 3422 2922 3497 (Lab.
2974 3441 3005 3482 a
3052 3426 3213 3482 Dacia
3254 3427 3325 3484 de
3367 3428 3492 3483 Bla-

1880 3515 2061 3584 cena).
2099 3513 2362 3570 Diodorus
2407 3517 2476 3571 ah
2523 3517 2650 3573 Asia
2696 3518 2766 3575 de
2797 3519 3068 3588 Tenedos,
3117 3521 3428 3580 Alexander
3455 3538 3488 3580 a

1885 3602 2166 3661 Thessalia
2197 3606 2265 3662 de
2303 3606 2540 3674 Larissa,
2570 3608 2797 3665 Aethius
2826 3627 2854 3664 a
2893 3611 3203 3669 Macedonia
3225 3614 3294 3670 de
3318 3613 3493 3671 Thes-

1883 3701 2146 3769 salonica,
2177 3701 2368 3758 Vitalis
2411 3719 2438 3756 a
2482 3703 2642 3759 Dacia
2685 3705 2890 3776 ripettsi
2917 3709 2984 3760 dc
3032 3708 3223 3776 Aquis,
3251 3707 3488 3780 Parago-

1883 3795 1998 3852 rius
2054 3812 2084 3851 a
2132 3796 2397 3852 Dardania
2445 3796 2514 3853 de
2574 3798 2790 3870 Scupis,
2849 3800 3036 3857 Trifon
3081 3802 3149 3859 ab
3179 3802 3377 3858 Achaia
3421 3803 3492 3861 dc

1881 3889 1959 3963 (ρ)
1979 3891 2289 3957 Marciarce,
2324 3893 2651 3948 Athanasius
2679 3895 2747 3950 ab
2775 3894 3123 3962 Alexandria,
3147 3896 3485 3954 Gaudentius

1885 3984 1952 4038 ab
1977 3982 2178 4038 Achaia
2209 3983 2261 4056 (a
2293 3983 2477 4054 Dacia)
2509 3984 2577 4040 de
2601 3983 2786 4050 Naiso,
2814 3985 3005 4042 Jonam
3029 4004 3054 4039 a
3082 3987 3393 4043 Macedonia
3413 3987 3482 4046 de

1888 4077 2214 4148 Particopoli
2241 4076 2671 4148 (Parthenopoli,
2711 4087 2804 4134 aut
2831 4079 3228 4150 Parwcopoli),
3259 4082 3486 4154 Alypius

1887 4243 2071 4300 caudae
2100 4243 2242 4308 urbs,
2269 4259 2419 4313 quam
2444 4240 2761 4307 Irenopolim
2793 4260 2927 4298 nunc
2951 4260 3211 4301 vocamus.

1966 4316 2026 4388 (i)
2055 4315 2110 4370 lu
2146 4311 2306 4388 edit.',
2334 4311 2708 4388 _Dommiamts_.
2753 4317 2894 4370 Atin
2948 4332 3071 4384 ηις»,
3119 4317 3483 4376 Dominianus.

1886 4385 2048 4444 Forte
2086 4387 2174 4458 qtti
2206 4386 2345 4458 apud
2379 4388 2637 4441 Athanas.
2674 4385 3022 4443 Domitianus.

1959 4459 2041 4534 (j)
2075 4458 2130 4546 iit
2155 4473 2280 4543 tns.,
2315 4459 2516 4546 Αηςῃνα
2542 4458 2796 4546 Gallacia‘.
2825 4461 2994 4546 Supra
3025 4478 3078 4546 ηε
3105 4462 3166 4545 1,.
3186 4461 3486 4546 Attcyroga-

1883 4531 2044 4588 latite.
2077 4532 2362 4606 Qtti‘a‘ntea
2392 4531 2472 4606 his
2502 4532 2795 4606 scripserat
2824 4549 2856 4586 tt
2889 4532 3219 4597 Macedonia.
3249 4531 3351 4591 hoc
3369 4535 3484 4606 jam

1885 4606 2062 4672 tertio,
2096 4602 2190 4659 sed
2222 4601 2380 4667 falso,
2413 4602 2497 4659 hic
2528 4605 2802 4674 apposuit.

1805 4667 1858 4728 Ι)
1957 4667 2057 4773 (tt).
2079 4699 2248 4773 Alias,
2287 4698 2497 4773 Moscus
2538 4667 2576 4753 ά
2602 4667 3198 4773 ξπῖιιεεδαιοηίεαείιυοά
3249 4717 3320 4759 ex
3369 4703 3487 4760 sa-

1888 4769 2460 4844 mondocorrigimus.
2493 4774 2570 4844 An
2601 4769 2690 4826 hic
2727 4771 2867 4826 idem
2900 4781 3005 4838 est,
3029 4769 3119 4842 qui
3150 4774 3293 4844 apud
3319 4775 3488 4830 Atha-

1885 4859 2003 4900 nas.
2043 4841 2277 4899 Musteus
2303 4841 2638 4914 subscriptus
2671 4844 2883 4912 legitur,
2921 4859 3015 4911 per
3044 4841 3203 4914 quem
3245 4862 3490 4903 commu-

1886 4917 2174 4972 nicatorias
2211 4915 2452 4970 Valentis
2478 4926 2528 4970 et
2561 4913 2768 4970 Ursacii
2802 4914 3011 4971 litteras
3049 4913 3376 4976 Athanasius
3397 4933 3490 4976 ac-

1882 4991 2046 5059 cepit,
2077 4987 2276 5059 quique
2305 4985 2440 5041 infra
2468 5002 2521 5041 n.
2549 4985 2641 5054 20,
2672 4985 2878 5058 Moyses
2907 4990 3285 5061 nuncupatur?

1954 5079 2112 5164 (l)_Et
2143 5081 2232 5136 hic
2260 5096 2381 5136 cum
2411 5080 2576 5142 Sirm.
2622 5080 2959 5152 praterimns
3005 5099 3037 5137 a
3066 5083 3249 5153 Dacia,
3283 5099 3382 5156 pro
3421 5085 3485 5141 ab

1885 5155 2160 5314 Αεῖιξόιίξξ
2193 5223 2359 5279 Sirm.
2392 5224 2608 5314 favepte
2632 5223 2955 5314 Athanasio,
2981 5227 3121 5295 apud
3154 5244 3313 5314 quem
3355 5229 3485 5314 sub-

1884 5296 2071 5370 scribit
2105 5296 2440 5367 Hymenwus,
2472 5297 2620 5353 Alias
2651 5311 2802 5364 vero,
2836 5297 3122 5370 figuramus
3158 5317 3189 5352 a
3215 5299 3484 5358 Thessalia

1885 5369 1948 5424 de
1976 5369 2226 5434 Oparata.
2897 5369 2900 5370 ⁷
3120 5442 3132 5453 θ

1958 5441 2040 5510 (η)
2065 5440 2216 5511 Apud
2253 5440 2513 5497 Athanas.
2547 5455 2654 5497 non
2681 5441 2975 5498 subscribit
3003 5439 3217 5507 Luctus,
3251 5442 3347 5500 sed
3379 5442 3489 5501 Lu-

1887 5512 2037 5588 cillus
2069 5529 2088 5567 :
2121 5515 2259 5588 forte
2280 5513 2325 5568 is
2349 5528 2534 5583 quem,
2565 5513 2791 5584 Apolog.
2831 5531 2883 5584 p.
2916 5511 3043 5588 675,
3079 5523 3268 5588 testem
3300 5517 3488 5588 appel-

1893 5585 1990 5651 lat,
2022 5585 2163 5656 qnod
2188 5585 2538 5640 Constantem
2572 5600 2858 5656 numquam
2914 5587 3062 5640 solus
3089 5585 3355 5643 allocutus
3372 5585 3483 5645 'sit.

1968 5655 2053 5731 (0)7
2087 5656 2145 5712 In
2177 5672 2280 5731 ms.
2315 5655 2758 5731 chepsetaﬂleos.
2805 5656 2958 5731 Apud
2986 5656 3153 5713 Labb.
3194 5656 3444 5716 Tltebesse
3465 5677 3488 5721 :

1894 5737 1952 5784 et
1979 5727 2056 5786 ex
2096 5730 2438 5800 conjectura,
2472 5727 2952 5800 Thebegptapolcos.

1967 5802 2046 5874 (p)
2085 5798 2274 5869 Sirm.,
2323 5798 2580 5858 Maccare.
2622 5798 2819 5870 Faber,
2852 5798 3138 5858 Maccroce.
3169 5799 3491 5865 Retinemus

1895 5874 2185 5934 lectionem
2217 5889 2352 5932 mss.
