  <div class='ocr_page' id='page_1' title='image "/cluster/home/n/w/nwhite01/storage/ocr_20150623/10/hvd.32044015471279/327.png"; bbox 0 0 4062 6332; ppageno 0'>
   <div class='ocr_carea' id='block_1_1' title="bbox 556 284 663 375">
    <p class='ocr_par' dir='ltr' id='par_1_1' title="bbox 556 284 663 375">
     <span class='ocr_line' id='line_1_1' title="bbox 556 284 663 375; baseline 0.075 -9"><span class='ocrx_word' id='word_1_1' title='bbox 556 284 663 375; x_wconf 61' lang='lat' dir='ltr'><strong>eis</strong></span> 
     </span>
    </p>
   </div>
   <div class='ocr_carea' id='block_1_2' title="bbox 1767 306 3833 376">
    <p class='ocr_par' dir='ltr' id='par_1_2' title="bbox 1767 306 3833 376">
     <span class='ocr_line' id='line_1_2' title="bbox 1767 306 3833 376; baseline 0 -5"><span class='ocrx_word' id='word_1_2' title='bbox 1767 310 2013 371; x_wconf 70' lang='lat' dir='ltr'><strong>SANCTI</strong></span> <span class='ocrx_word' id='word_1_3' title='bbox 2052 308 2308 372; x_wconf 73' lang='lat' dir='ltr'><strong>lilLARll</strong></span> <span class='ocrx_word' id='word_1_4' title='bbox 2350 312 2657 376; x_wconf 78' lang='lat' dir='ltr'><strong>EPISCOPI</strong></span> <span class='ocrx_word' id='word_1_5' title='bbox 3747 306 3833 373; x_wconf 72' lang='grc' dir='ltr'><strong>οη</strong></span> 
     </span>
    </p>
   </div>
   <div class='ocr_carea' id='block_1_3' title="bbox 556 424 3837 505">
    <p class='ocr_par' dir='ltr' id='par_1_3' title="bbox 556 424 3837 505">
     <span class='ocr_line' id='line_1_3' title="bbox 556 424 3837 505; baseline -0.002 -24"><span class='ocrx_word' id='word_1_6' title='bbox 556 428 625 481; x_wconf 83' lang='lat' dir='ltr'><strong>ab</strong></span> <span class='ocrx_word' id='word_1_7' title='bbox 655 425 859 483; x_wconf 78' lang='lat' dir='ltr'><strong>Achaia</strong></span> <span class='ocrx_word' id='word_1_8' title='bbox 885 425 951 483; x_wconf 91' lang='lat' dir='ltr'><strong>de</strong></span> <span class='ocrx_word' id='word_1_9' title='bbox 976 425 1199 498; x_wconf 80' lang='lat' dir='ltr'><strong>Magari,</strong></span> <span class='ocrx_word' id='word_1_10' title='bbox 1224 424 1570 483; x_wconf 78' lang='lat' dir='ltr'><strong>liacedonius</strong></span> <span class='ocrx_word' id='word_1_11' title='bbox 1597 428 1666 483; x_wconf 90' lang='lat' dir='ltr'><strong>ab</strong></span> <span class='ocrx_word' id='word_1_12' title='bbox 1699 426 1934 483; x_wconf 83' lang='lat' dir='ltr'><strong>Ardania</strong></span> <span class='ocrx_word' id='word_1_13' title='bbox 1960 426 2147 499; x_wconf 82' lang='lat' dir='ltr'><strong>(Labb.</strong></span> <span class='ocrx_word' id='word_1_14' title='bbox 2181 428 2228 489; x_wconf 69' lang='grc' dir='ltr'><strong>Α</strong></span> <span class='ocrx_word' id='word_1_15' title='bbox 2257 446 2378 488; x_wconf 79' lang='lat' dir='ltr'><strong>esse</strong></span> <span class='ocrx_word' id='word_1_16' title='bbox 2392 433 2642 505; x_wconf 69' lang='lat' dir='ltr'><strong>potum].</strong></span> <span class='ocrx_word' id='word_1_17' title='bbox 2671 431 2864 504; x_wconf 85' lang='lat' dir='ltr'><strong>patuit)</strong></span> <span class='ocrx_word' id='word_1_18' title='bbox 2888 431 3176 500; x_wconf 84' lang='lat' dir='ltr'><strong>infectum;</strong></span> <span class='ocrx_word' id='word_1_19' title='bbox 3203 442 3298 489; x_wconf 82' lang='lat' dir='ltr'><strong>aut</strong></span> <span class='ocrx_word' id='word_1_20' title='bbox 3321 446 3435 500; x_wconf 88' lang='lat' dir='ltr'><strong>eos,</strong></span> <span class='ocrx_word' id='word_1_21' title='bbox 3453 431 3542 503; x_wconf 85' lang='lat' dir='ltr'><strong>qui</strong></span> <span class='ocrx_word' id='word_1_22' title='bbox 3563 442 3744 503; x_wconf 68' lang='lat' dir='ltr'><strong>postea</strong></span> <span class='ocrx_word' id='word_1_23' title='bbox 3770 433 3837 487; x_wconf 78' lang='grc' dir='ltr'><strong>ί,.-</strong></span> 
     </span>
    </p>
   </div>
   <div class='ocr_carea' id='block_1_4' title="bbox 558 517 2158 592">
    <p class='ocr_par' dir='ltr' id='par_1_4' title="bbox 558 517 2158 592">
     <span class='ocr_line' id='line_1_4' title="bbox 558 517 2158 592; baseline 0.001 -19"><span class='ocrx_word' id='word_1_24' title='bbox 558 534 586 585; x_wconf 77' lang='lat' dir='ltr'><strong>a</strong></span> <span class='ocrx_word' id='word_1_25' title='bbox 631 517 921 590; x_wconf 75' lang='lat' dir='ltr'><strong>Dardania)</strong></span> <span class='ocrx_word' id='word_1_26' title='bbox 962 517 1031 575; x_wconf 89' lang='lat' dir='ltr'><strong>de</strong></span> <span class='ocrx_word' id='word_1_27' title='bbox 1077 517 1341 588; x_wconf 86' lang='lat' dir='ltr'><strong>Ulpianis,</strong></span> <span class='ocrx_word' id='word_1_28' title='bbox 1376 518 1453 592; x_wconf 89' lang='lat' dir='ltr'><strong>(a)</strong></span> <span class='ocrx_word' id='word_1_29' title='bbox 1488 518 1687 575; x_wconf 78' lang='lat' dir='ltr'><strong>Calvus</strong></span> <span class='ocrx_word' id='word_1_30' title='bbox 1735 520 1806 576; x_wconf 90' lang='lat' dir='ltr'><strong>ab</strong></span> <span class='ocrx_word' id='word_1_31' title='bbox 1847 521 2049 575; x_wconf 80' lang='lat' dir='ltr'><strong>Achaia</strong></span> <span class='ocrx_word' id='word_1_32' title='bbox 2081 521 2158 574; x_wconf 90' lang='lat' dir='ltr'><strong>ri-</strong></span> 
     </span>
    </p>
   </div>
   <div class='ocr_carea' id='block_1_5' title="bbox 558 611 2158 683">
    <p class='ocr_par' dir='ltr' id='par_1_5' title="bbox 558 611 2158 683">
     <span class='ocr_line' id='line_1_5' title="bbox 558 611 2158 683; baseline 0.007 -22"><span class='ocrx_word' id='word_1_33' title='bbox 558 612 713 683; x_wconf 84' lang='lat' dir='ltr'><strong>pensi</strong></span> <span class='ocrx_word' id='word_1_34' title='bbox 743 611 811 668; x_wconf 89' lang='lat' dir='ltr'><strong>de</strong></span> <span class='ocrx_word' id='word_1_35' title='bbox 837 611 1024 669; x_wconf 88' lang='lat' dir='ltr'><strong>Castra</strong></span> <span class='ocrx_word' id='word_1_36' title='bbox 1073 614 1280 681; x_wconf 88' lang='lat' dir='ltr'><strong>martis,</strong></span> <span class='ocrx_word' id='word_1_37' title='bbox 1334 614 1756 671; x_wconf 88' lang='lat' dir='ltr'><strong>Fortunatianus</strong></span> <span class='ocrx_word' id='word_1_38' title='bbox 1793 614 1864 671; x_wconf 89' lang='lat' dir='ltr'><strong>ab</strong></span> <span class='ocrx_word' id='word_1_39' title='bbox 1890 614 2041 671; x_wconf 85' lang='lat' dir='ltr'><strong>italia</strong></span> <span class='ocrx_word' id='word_1_40' title='bbox 2084 614 2158 672; x_wconf 85' lang='lat' dir='ltr'><strong>de</strong></span> 
     </span>
    </p>
   </div>
   <div class='ocr_carea' id='block_1_6' title="bbox 557 706 2156 781">
    <p class='ocr_par' dir='ltr' id='par_1_6' title="bbox 557 706 2156 781">
     <span class='ocr_line' id='line_1_6' title="bbox 557 706 2156 781; baseline 0.001 -19"><span class='ocrx_word' id='word_1_41' title='bbox 557 707 826 777; x_wconf 85' lang='lat' dir='ltr'><strong>Aquileia,</strong></span> <span class='ocrx_word' id='word_1_42' title='bbox 852 706 1131 763; x_wconf 89' lang='lat' dir='ltr'><strong>Plotarcus</strong></span> <span class='ocrx_word' id='word_1_43' title='bbox 1153 708 1222 764; x_wconf 90' lang='lat' dir='ltr'><strong>ab</strong></span> <span class='ocrx_word' id='word_1_44' title='bbox 1254 707 1451 764; x_wconf 87' lang='lat' dir='ltr'><strong>Acacia</strong></span> <span class='ocrx_word' id='word_1_45' title='bbox 1478 706 1555 781; x_wconf 73' lang='grc' dir='ltr'><strong>(ὁ)</strong></span> <span class='ocrx_word' id='word_1_46' title='bbox 1583 708 1651 763; x_wconf 89' lang='lat' dir='ltr'><strong>de</strong></span> <span class='ocrx_word' id='word_1_47' title='bbox 1681 708 1894 777; x_wconf 86' lang='lat' dir='ltr'><strong>Patras,</strong></span> <span class='ocrx_word' id='word_1_48' title='bbox 1935 707 2156 764; x_wconf 85' lang='lat' dir='ltr'><strong>Eliodo-</strong></span> 
     </span>
    </p>
   </div>
   <div class='ocr_carea' id='block_1_7' title="bbox 558 801 2157 877">
    <p class='ocr_par' dir='ltr' id='par_1_7' title="bbox 558 801 2157 877">
     <span class='ocr_line' id='line_1_7' title="bbox 558 801 2157 877; baseline 0.001 -20"><span class='ocrx_word' id='word_1_49' title='bbox 558 817 653 859; x_wconf 87' lang='lat' dir='ltr'><strong>rus</strong></span> <span class='ocrx_word' id='word_1_50' title='bbox 691 818 720 857; x_wconf 89' lang='lat' dir='ltr'><strong>a</strong></span> <span class='ocrx_word' id='word_1_51' title='bbox 762 801 1028 872; x_wconf 84' lang='lat' dir='ltr'><strong>Nicopoli.</strong></span> <span class='ocrx_word' id='word_1_52' title='bbox 1080 802 1341 859; x_wconf 84' lang='lat' dir='ltr'><strong>Eutarius</strong></span> <span class='ocrx_word' id='word_1_53' title='bbox 1388 819 1417 858; x_wconf 87' lang='lat' dir='ltr'><strong>a</strong></span> <span class='ocrx_word' id='word_1_54' title='bbox 1459 802 1773 869; x_wconf 80' lang='lat' dir='ltr'><strong>Pannoniis,</strong></span> <span class='ocrx_word' id='word_1_55' title='bbox 1805 802 1881 877; x_wconf 90' lang='lat' dir='ltr'><strong>(c)</strong></span> <span class='ocrx_word' id='word_1_56' title='bbox 1923 803 2088 859; x_wconf 81' lang='lat' dir='ltr'><strong>Arius</strong></span> <span class='ocrx_word' id='word_1_57' title='bbox 2125 816 2157 859; x_wconf 83' lang='lat' dir='ltr'><strong>a</strong></span> 
     </span>
    </p>
   </div>
   <div class='ocr_carea' id='block_1_8' title="bbox 559 890 2161 967">
    <p class='ocr_par' dir='ltr' id='par_1_8' title="bbox 559 890 2161 967">
     <span class='ocr_line' id='line_1_8' title="bbox 559 890 2161 967; baseline 0.002 -20"><span class='ocrx_word' id='word_1_58' title='bbox 559 890 865 960; x_wconf 67' lang='lat' dir='ltr'><strong>Palaestina,</strong></span> <span class='ocrx_word' id='word_1_59' title='bbox 891 896 1121 950; x_wconf 83' lang='lat' dir='ltr'><strong>Astnrus</strong></span> <span class='ocrx_word' id='word_1_60' title='bbox 1137 897 1204 951; x_wconf 90' lang='lat' dir='ltr'><strong>ab</strong></span> <span class='ocrx_word' id='word_1_61' title='bbox 1224 894 1445 961; x_wconf 82' lang='lat' dir='ltr'><strong>Arabia,</strong></span> <span class='ocrx_word' id='word_1_62' title='bbox 1462 896 1540 967; x_wconf 81' lang='grc' dir='ltr'><strong>(ά)</strong></span> <span class='ocrx_word' id='word_1_63' title='bbox 1561 893 1763 951; x_wconf 85' lang='lat' dir='ltr'><strong>Cocras</strong></span> <span class='ocrx_word' id='word_1_64' title='bbox 1781 895 1849 950; x_wconf 85' lang='lat' dir='ltr'><strong>ab</strong></span> <span class='ocrx_word' id='word_1_65' title='bbox 1867 896 2069 952; x_wconf 78' lang='lat' dir='ltr'><strong>Achaia</strong></span> <span class='ocrx_word' id='word_1_66' title='bbox 2089 894 2161 951; x_wconf 81' lang='lat' dir='ltr'><strong>de</strong></span> 
     </span>
    </p>
   </div>
   <div class='ocr_carea' id='block_1_9' title="bbox 558 987 2162 1063">
    <p class='ocr_par' dir='ltr' id='par_1_9' title="bbox 558 987 2162 1063">
     <span class='ocr_line' id='line_1_9' title="bbox 558 987 2162 1063; baseline 0.001 -21"><span class='ocrx_word' id='word_1_67' title='bbox 558 987 919 1057; x_wconf 80' lang='lat' dir='ltr'><strong>Asapufebiis.</strong></span> <span class='ocrx_word' id='word_1_68' title='bbox 953 988 1263 1047; x_wconf 87' lang='lat' dir='ltr'><strong>Stercorius</strong></span> <span class='ocrx_word' id='word_1_69' title='bbox 1292 989 1359 1046; x_wconf 88' lang='lat' dir='ltr'><strong>ab</strong></span> <span class='ocrx_word' id='word_1_70' title='bbox 1386 987 1579 1063; x_wconf 80' lang='lat' dir='ltr'><strong>Apulia</strong></span> <span class='ocrx_word' id='word_1_71' title='bbox 1610 989 1679 1053; x_wconf 84' lang='lat' dir='ltr'><strong>de</strong></span> <span class='ocrx_word' id='word_1_72' title='bbox 1706 988 1966 1045; x_wconf 87' lang='lat' dir='ltr'><strong>Canusio.</strong></span> <span class='ocrx_word' id='word_1_73' title='bbox 2005 988 2162 1045; x_wconf 75' lang='lat' dir='ltr'><strong>Cale~</strong></span> 
     </span>
    </p>
   </div>
   <div class='ocr_carea' id='block_1_10' title="bbox 561 1080 2156 1157">
    <p class='ocr_par' dir='ltr' id='par_1_10' title="bbox 561 1080 2156 1157">
     <span class='ocr_line' id='line_1_10' title="bbox 561 1080 2156 1157; baseline 0.002 -22"><span class='ocrx_word' id='word_1_74' title='bbox 561 1080 753 1152; x_wconf 75' lang='lat' dir='ltr'><strong>podius</strong></span> <span class='ocrx_word' id='word_1_75' title='bbox 777 1097 806 1136; x_wconf 89' lang='lat' dir='ltr'><strong>a</strong></span> <span class='ocrx_word' id='word_1_76' title='bbox 824 1082 1141 1154; x_wconf 80' lang='lat' dir='ltr'><strong>Campania,</strong></span> <span class='ocrx_word' id='word_1_77' title='bbox 1168 1082 1430 1141; x_wconf 86' lang='lat' dir='ltr'><strong>Lerenius</strong></span> <span class='ocrx_word' id='word_1_78' title='bbox 1450 1082 1661 1157; x_wconf 79' lang='lat' dir='ltr'><strong>(Athan.</strong></span> <span class='ocrx_word' id='word_1_79' title='bbox 1683 1091 1733 1138; x_wconf 86' lang='lat' dir='ltr'><strong>et</strong></span> <span class='ocrx_word' id='word_1_80' title='bbox 1748 1082 1877 1138; x_wconf 87' lang='lat' dir='ltr'><strong>Lab.</strong></span> <span class='ocrx_word' id='word_1_81' title='bbox 1896 1084 2156 1156; x_wconf 70' lang='lat' dir='ltr'><strong>lrenaeus)</strong></span> 
     </span>
    </p>
   </div>
   <div class='ocr_carea' id='block_1_11' title="bbox 560 1170 2163 1248">
    <p class='ocr_par' dir='ltr' id='par_1_11' title="bbox 560 1170 2163 1248">
     <span class='ocr_line' id='line_1_11' title="bbox 560 1170 2163 1248; baseline 0.005 -22"><span class='ocrx_word' id='word_1_82' title='bbox 560 1170 629 1226; x_wconf 87' lang='lat' dir='ltr'><strong>ab</strong></span> <span class='ocrx_word' id='word_1_83' title='bbox 680 1171 891 1227; x_wconf 81' lang='lat' dir='ltr'><strong>Achaia‘</strong></span> <span class='ocrx_word' id='word_1_84' title='bbox 924 1174 991 1229; x_wconf 92' lang='lat' dir='ltr'><strong>de</strong></span> <span class='ocrx_word' id='word_1_85' title='bbox 1034 1173 1281 1240; x_wconf 82' lang='lat' dir='ltr'><strong>Sccoru,</strong></span> <span class='ocrx_word' id='word_1_86' title='bbox 1348 1174 1634 1248; x_wconf 82' lang='lat' dir='ltr'><strong>Martyrius</strong></span> <span class='ocrx_word' id='word_1_87' title='bbox 1702 1176 1769 1231; x_wconf 89' lang='lat' dir='ltr'><strong>ab</strong></span> <span class='ocrx_word' id='word_1_88' title='bbox 1834 1174 2038 1233; x_wconf 80' lang='lat' dir='ltr'><strong>Achaia</strong></span> <span class='ocrx_word' id='word_1_89' title='bbox 2092 1175 2163 1234; x_wconf 87' lang='lat' dir='ltr'><strong>de</strong></span> 
     </span>
    </p>
   </div>
   <div class='ocr_carea' id='block_1_12' title="bbox 559 1263 2163 1339">
    <p class='ocr_par' dir='ltr' id='par_1_12' title="bbox 559 1263 2163 1339">
     <span class='ocr_line' id='line_1_12' title="bbox 559 1263 2163 1339; baseline 0.005 -20"><span class='ocrx_word' id='word_1_90' title='bbox 559 1263 805 1336; x_wconf 83' lang='lat' dir='ltr'><strong>Neapoli,</strong></span> <span class='ocrx_word' id='word_1_91' title='bbox 848 1265 1138 1338; x_wconf 87' lang='lat' dir='ltr'><strong>Dionysius</strong></span> <span class='ocrx_word' id='word_1_92' title='bbox 1162 1268 1234 1339; x_wconf 81' lang='grc' dir='ltr'><strong>(ε)</strong></span> <span class='ocrx_word' id='word_1_93' title='bbox 1261 1267 1327 1323; x_wconf 88' lang='lat' dir='ltr'><strong>ab</strong></span> <span class='ocrx_word' id='word_1_94' title='bbox 1354 1268 1583 1323; x_wconf 80' lang='lat' dir='ltr'><strong>Arcaida</strong></span> <span class='ocrx_word' id='word_1_95' title='bbox 1624 1268 1692 1325; x_wconf 86' lang='lat' dir='ltr'><strong>de</strong></span> <span class='ocrx_word' id='word_1_96' title='bbox 1720 1268 1894 1339; x_wconf 85' lang='lat' dir='ltr'><strong>Elida,</strong></span> <span class='ocrx_word' id='word_1_97' title='bbox 1927 1266 2163 1327; x_wconf 85' lang='lat' dir='ltr'><strong>Severus</strong></span> 
     </span>
    </p>
   </div>
   <div class='ocr_carea' id='block_1_13' title="bbox 561 1358 2158 1427">
    <p class='ocr_par' dir='ltr' id='par_1_13' title="bbox 561 1358 2158 1427">
     <span class='ocr_line' id='line_1_13' title="bbox 561 1358 2158 1427; baseline 0.003 -15"><span class='ocrx_word' id='word_1_98' title='bbox 561 1358 631 1412; x_wconf 87' lang='lat' dir='ltr'><strong>ab</strong></span> <span class='ocrx_word' id='word_1_99' title='bbox 660 1358 809 1413; x_wconf 85' lang='lat' dir='ltr'><strong>Italia</strong></span> <span class='ocrx_word' id='word_1_100' title='bbox 840 1360 907 1415; x_wconf 91' lang='lat' dir='ltr'><strong>de</strong></span> <span class='ocrx_word' id='word_1_101' title='bbox 925 1360 1285 1427; x_wconf 79' lang='lat' dir='ltr'><strong>Ravennensi,</strong></span> <span class='ocrx_word' id='word_1_102' title='bbox 1317 1359 1576 1419; x_wconf 86' lang='lat' dir='ltr'><strong>Ursacius</strong></span> <span class='ocrx_word' id='word_1_103' title='bbox 1604 1362 1671 1415; x_wconf 87' lang='lat' dir='ltr'><strong>ab</strong></span> <span class='ocrx_word' id='word_1_104' title='bbox 1699 1361 1852 1417; x_wconf 89' lang='lat' dir='ltr'><strong>Italia</strong></span> <span class='ocrx_word' id='word_1_105' title='bbox 1878 1362 1946 1419; x_wconf 91' lang='lat' dir='ltr'><strong>de</strong></span> <span class='ocrx_word' id='word_1_106' title='bbox 1979 1364 2158 1418; x_wconf 81' lang='lat' dir='ltr'><strong>Brixa.</strong></span> 
     </span>
    </p>
   </div>
   <div class='ocr_carea' id='block_1_14' title="bbox 562 1434 2160 1526">
    <p class='ocr_par' dir='ltr' id='par_1_14' title="bbox 562 1434 2160 1526">
     <span class='ocr_line' id='line_1_14' title="bbox 562 1434 2160 1526; baseline 0.003 -21"><span class='ocrx_word' id='word_1_107' title='bbox 562 1449 840 1508; x_wconf 84' lang='lat' dir='ltr'><strong>Portasins</strong></span> <span class='ocrx_word' id='word_1_108' title='bbox 870 1453 1058 1526; x_wconf 83' lang='lat' dir='ltr'><strong>(Sirm.</strong></span> <span class='ocrx_word' id='word_1_109' title='bbox 1093 1434 1396 1525; x_wconf 74' lang='lat' dir='ltr'><strong>Protasius)</strong></span> <span class='ocrx_word' id='word_1_110' title='bbox 1445 1455 1511 1509; x_wconf 92' lang='lat' dir='ltr'><strong>ab</strong></span> <span class='ocrx_word' id='word_1_111' title='bbox 1541 1456 1691 1510; x_wconf 89' lang='lat' dir='ltr'><strong>Italia</strong></span> <span class='ocrx_word' id='word_1_112' title='bbox 1727 1455 1795 1511; x_wconf 90' lang='lat' dir='ltr'><strong>de</strong></span> <span class='ocrx_word' id='word_1_113' title='bbox 1834 1456 2160 1521; x_wconf 83' lang='lat' dir='ltr'><strong>Mediolano,</strong></span> 
     </span>
    </p>
   </div>
   <div class='ocr_carea' id='block_1_15' title="bbox 559 1546 2163 1621">
    <p class='ocr_par' dir='ltr' id='par_1_15' title="bbox 559 1546 2163 1621">
     <span class='ocr_line' id='line_1_15' title="bbox 559 1546 2163 1621; baseline 0.002 -21"><span class='ocrx_word' id='word_1_114' title='bbox 559 1546 723 1618; x_wconf 65' lang='grc' dir='ltr'><strong>ωδ</strong></span> <span class='ocrx_word' id='word_1_115' title='bbox 756 1546 965 1603; x_wconf 84' lang='lat' dir='ltr'><strong>Marcus</strong></span> <span class='ocrx_word' id='word_1_116' title='bbox 996 1547 1063 1601; x_wconf 91' lang='lat' dir='ltr'><strong>ab</strong></span> <span class='ocrx_word' id='word_1_117' title='bbox 1104 1546 1228 1603; x_wconf 82' lang='lat' dir='ltr'><strong>Asia</strong></span> <span class='ocrx_word' id='word_1_118' title='bbox 1282 1547 1349 1603; x_wconf 90' lang='lat' dir='ltr'><strong>de</strong></span> <span class='ocrx_word' id='word_1_119' title='bbox 1388 1546 1558 1603; x_wconf 66' lang='lat' dir='ltr'><strong>Fissia</strong></span> <span class='ocrx_word' id='word_1_120' title='bbox 1592 1547 1779 1621; x_wconf 87' lang='lat' dir='ltr'><strong>(Sirm.</strong></span> <span class='ocrx_word' id='word_1_121' title='bbox 1823 1562 1852 1603; x_wconf 89' lang='lat' dir='ltr'><strong>a</strong></span> <span class='ocrx_word' id='word_1_122' title='bbox 1894 1547 2056 1603; x_wconf 87' lang='lat' dir='ltr'><strong>Dacia</strong></span> <span class='ocrx_word' id='word_1_123' title='bbox 2094 1547 2163 1603; x_wconf 92' lang='lat' dir='ltr'><strong>de</strong></span> 
     </span>
    </p>
   </div>
   <div class='ocr_carea' id='block_1_16' title="bbox 564 1640 2163 1714">
    <p class='ocr_par' dir='ltr' id='par_1_16' title="bbox 564 1640 2163 1714">
     <span class='ocr_line' id='line_1_16' title="bbox 564 1640 2163 1714; baseline 0 -18"><span class='ocrx_word' id='word_1_124' title='bbox 564 1640 811 1714; x_wconf 84' lang='lat' dir='ltr'><strong>Scissia),</strong></span> <span class='ocrx_word' id='word_1_125' title='bbox 848 1641 1178 1697; x_wconf 78' lang='lat' dir='ltr'><strong>Verissimus</strong></span> <span class='ocrx_word' id='word_1_126' title='bbox 1208 1657 1240 1697; x_wconf 88' lang='lat' dir='ltr'><strong>a</strong></span> <span class='ocrx_word' id='word_1_127' title='bbox 1258 1640 1431 1699; x_wconf 85' lang='lat' dir='ltr'><strong>Gallia</strong></span> <span class='ocrx_word' id='word_1_128' title='bbox 1459 1642 1527 1698; x_wconf 91' lang='lat' dir='ltr'><strong>de</strong></span> <span class='ocrx_word' id='word_1_129' title='bbox 1550 1642 1833 1713; x_wconf 76' lang='lat' dir='ltr'><strong>Lugdune,</strong></span> <span class='ocrx_word' id='word_1_130' title='bbox 1868 1642 2069 1697; x_wconf 73' lang='lat' dir='ltr'><strong>Valens</strong></span> <span class='ocrx_word' id='word_1_131' title='bbox 2094 1642 2163 1696; x_wconf 91' lang='lat' dir='ltr'><strong>ab</strong></span> 
     </span>
    </p>
   </div>
   <div class='ocr_carea' id='block_1_17' title="bbox 566 1734 2164 1808">
    <p class='ocr_par' dir='ltr' id='par_1_17' title="bbox 566 1734 2164 1808">
     <span class='ocr_line' id='line_1_17' title="bbox 566 1734 2164 1808; baseline 0.001 -17"><span class='ocrx_word' id='word_1_132' title='bbox 566 1734 767 1791; x_wconf 85' lang='lat' dir='ltr'><strong>Achaia</strong></span> <span class='ocrx_word' id='word_1_133' title='bbox 794 1735 845 1807; x_wconf 90' lang='lat' dir='ltr'><strong>(a</strong></span> <span class='ocrx_word' id='word_1_134' title='bbox 872 1735 1058 1808; x_wconf 84' lang='lat' dir='ltr'><strong>Dacia)</strong></span> <span class='ocrx_word' id='word_1_135' title='bbox 1091 1736 1307 1805; x_wconf 86' lang='lat' dir='ltr'><strong>ripense</strong></span> <span class='ocrx_word' id='word_1_136' title='bbox 1346 1736 1415 1792; x_wconf 90' lang='lat' dir='ltr'><strong>de</strong></span> <span class='ocrx_word' id='word_1_137' title='bbox 1456 1735 1602 1801; x_wconf 75' lang='lat' dir='ltr'><strong>Stit),</strong></span> <span class='ocrx_word' id='word_1_138' title='bbox 1634 1737 1906 1792; x_wconf 83' lang='lat' dir='ltr'><strong>Palladius</strong></span> <span class='ocrx_word' id='word_1_139' title='bbox 1927 1752 1957 1792; x_wconf 91' lang='lat' dir='ltr'><strong>a</strong></span> <span class='ocrx_word' id='word_1_140' title='bbox 1989 1738 2164 1793; x_wconf 85' lang='lat' dir='ltr'><strong>Mace-</strong></span> 
     </span>
    </p>
   </div>
   <div class='ocr_carea' id='block_1_18' title="bbox 2260 523 3838 603">
    <p class='ocr_par' dir='ltr' id='par_1_18' title="bbox 2260 523 3838 603">
     <span class='ocr_line' id='line_1_18' title="bbox 2260 523 3838 603; baseline 0 -23"><span class='ocrx_word' id='word_1_141' title='bbox 2260 525 2531 592; x_wconf 86' lang='lat' dir='ltr'><strong>dicsrunt,</strong></span> <span class='ocrx_word' id='word_1_142' title='bbox 2555 525 2624 599; x_wconf 81' lang='lat' dir='ltr'><strong>(i)</strong></span> <span class='ocrx_word' id='word_1_143' title='bbox 2654 527 2974 583; x_wconf 83' lang='lat' dir='ltr'><strong>constitutos</strong></span> <span class='ocrx_word' id='word_1_144' title='bbox 3003 541 3110 582; x_wconf 91' lang='lat' dir='ltr'><strong>non</strong></span> <span class='ocrx_word' id='word_1_145' title='bbox 3139 525 3326 594; x_wconf 89' lang='lat' dir='ltr'><strong>fuisse,</strong></span> <span class='ocrx_word' id='word_1_146' title='bbox 3358 526 3500 599; x_wconf 86' lang='lat' dir='ltr'><strong>quod</strong></span> <span class='ocrx_word' id='word_1_147' title='bbox 3526 525 3571 580; x_wconf 88' lang='lat' dir='ltr'><strong>si</strong></span> <span class='ocrx_word' id='word_1_148' title='bbox 3602 523 3721 603; x_wconf 83' lang='lat' dir='ltr'><strong>fuit,</strong></span> <span class='ocrx_word' id='word_1_149' title='bbox 3747 539 3838 580; x_wconf 89' lang='lat' dir='ltr'><strong>non</strong></span> 
     </span>
    </p>
   </div>
   <div class='ocr_carea' id='block_1_19' title="bbox 2261 615 2803 688">
    <p class='ocr_par' dir='ltr' id='par_1_19' title="bbox 2261 615 2803 688">
     <span class='ocr_line' id='line_1_19' title="bbox 2261 615 2803 688; baseline -0.002 -17"><span class='ocrx_word' id='word_1_150' title='bbox 2261 627 2439 688; x_wconf 78' lang='lat' dir='ltr'><strong>potest</strong></span> <span class='ocrx_word' id='word_1_151' title='bbox 2467 632 2574 671; x_wconf 82' lang='lat' dir='ltr'><strong>non</strong></span> <span class='ocrx_word' id='word_1_152' title='bbox 2598 617 2763 673; x_wconf 84' lang='lat' dir='ltr'><strong>fuisse</strong></span> <span class='ocrx_word' id='word_1_153' title='bbox 2776 615 2803 670; x_wconf 82' lang='lat'><strong>&#39;.&#39;</strong></span> 
     </span>
    </p>
   </div>
   <div class='ocr_carea' id='block_1_20' title="bbox 2333 708 3842 782">
    <p class='ocr_par' dir='ltr' id='par_1_20' title="bbox 2333 708 3842 782">
     <span class='ocr_line' id='line_1_20' title="bbox 2333 708 3842 782; baseline 0.003 -19"><span class='ocrx_word' id='word_1_154' title='bbox 2333 709 2422 763; x_wconf 76' lang='grc'><strong>17.</strong></span> <span class='ocrx_word' id='word_1_155' title='bbox 2468 708 2737 763; x_wconf 69' lang='lat' dir='ltr'><strong>Athanasii</strong></span> <span class='ocrx_word' id='word_1_156' title='bbox 2779 709 2998 764; x_wconf 82' lang='lat' dir='ltr'><strong>crimina</strong></span> <span class='ocrx_word' id='word_1_157' title='bbox 3035 726 3138 764; x_wconf 86' lang='lat' dir='ltr'><strong>non</strong></span> <span class='ocrx_word' id='word_1_158' title='bbox 3183 718 3437 766; x_wconf 73' lang='lat' dir='ltr'><strong>constant.</strong></span> <span class='ocrx_word' id='word_1_159' title='bbox 3476 740 3549 751; x_wconf 93' lang='lat'><strong>—</strong></span> <span class='ocrx_word' id='word_1_160' title='bbox 3592 728 3614 763; x_wconf 71' lang='grc' dir='ltr'><strong><em>ι</em></strong></span> <span class='ocrx_word' id='word_1_161' title='bbox 3637 710 3695 767; x_wconf 91' lang='lat' dir='ltr'><strong>Si</strong></span> <span class='ocrx_word' id='word_1_162' title='bbox 3736 710 3842 782; x_wconf 83' lang='lat' dir='ltr'><strong>quis</strong></span> 
     </span>
    </p>
   </div>
   <div class='ocr_carea' id='block_1_21' title="bbox 2262 800 3845 878">
    <p class='ocr_par' dir='ltr' id='par_1_21' title="bbox 2262 800 3845 878">
     <span class='ocr_line' id='line_1_21' title="bbox 2262 800 3845 878; baseline 0.003 -23"><span class='ocrx_word' id='word_1_163' title='bbox 2262 800 2426 872; x_wconf 82' lang='lat' dir='ltr'><strong>igitur</strong></span> <span class='ocrx_word' id='word_1_164' title='bbox 2464 811 2548 858; x_wconf 85' lang='lat' dir='ltr'><strong>est</strong></span> <span class='ocrx_word' id='word_1_165' title='bbox 2587 801 2844 858; x_wconf 88' lang='lat' dir='ltr'><strong>humanis</strong></span> <span class='ocrx_word' id='word_1_166' title='bbox 2870 802 3134 860; x_wconf 79' lang='lat' dir='ltr'><strong>institutis</strong></span> <span class='ocrx_word' id='word_1_167' title='bbox 3163 803 3228 857; x_wconf 84' lang='lat' dir='ltr'><strong>ad</strong></span> <span class='ocrx_word' id='word_1_168' title='bbox 3258 818 3413 858; x_wconf 88' lang='lat' dir='ltr'><strong>usum</strong></span> <span class='ocrx_word' id='word_1_169' title='bbox 3447 802 3525 878; x_wconf 71' lang='grc' dir='ltr'><strong>(ι)</strong></span> <span class='ocrx_word' id='word_1_170' title='bbox 3557 805 3845 859; x_wconf 89' lang='lat' dir='ltr'><strong>communis</strong></span> 
     </span>
    </p>
   </div>
   <div class='ocr_carea' id='block_1_22' title="bbox 2264 894 3844 968">
    <p class='ocr_par' dir='ltr' id='par_1_22' title="bbox 2264 894 3844 968">
     <span class='ocr_line' id='line_1_22' title="bbox 2264 894 3844 968; baseline 0 -19"><span class='ocrx_word' id='word_1_171' title='bbox 2264 894 2635 966; x_wconf 65' lang='lat' dir='ltr'><strong>intelligentia!</strong></span> <span class='ocrx_word' id='word_1_172' title='bbox 2659 894 2922 960; x_wconf 75' lang='lat' dir='ltr'><strong>eruditus,</strong></span> <span class='ocrx_word' id='word_1_173' title='bbox 2943 896 2990 951; x_wconf 90' lang='lat' dir='ltr'><strong>si</strong></span> <span class='ocrx_word' id='word_1_174' title='bbox 3018 895 3137 965; x_wconf 75' lang='lat' dir='ltr'><strong>quis</strong></span> <span class='ocrx_word' id='word_1_175' title='bbox 3166 895 3470 968; x_wconf 68' lang='lat' dir='ltr'><strong>prudentiae</strong></span> <span class='ocrx_word' id='word_1_176' title='bbox 3494 896 3775 968; x_wconf 61' lang='lat' dir='ltr'><strong>praeceptis</strong></span> <span class='ocrx_word' id='word_1_177' title='bbox 3798 897 3844 950; x_wconf 90' lang='lat' dir='ltr'><strong>in</strong></span> 
     </span>
    </p>
   </div>
   <div class='ocr_carea' id='block_1_23' title="bbox 2264 988 3846 1056">
    <p class='ocr_par' dir='ltr' id='par_1_23' title="bbox 2264 988 3846 1056">
     <span class='ocr_line' id='line_1_23' title="bbox 2264 988 3846 1056; baseline 0.002 -14"><span class='ocrx_word' id='word_1_178' title='bbox 2264 989 2404 1042; x_wconf 82' lang='lat' dir='ltr'><strong>viam</strong></span> <span class='ocrx_word' id='word_1_179' title='bbox 2445 990 2823 1045; x_wconf 81' lang='lat' dir='ltr'><strong>consectandac</strong></span> <span class='ocrx_word' id='word_1_180' title='bbox 2864 990 3109 1045; x_wconf 77' lang='lat' dir='ltr'><strong>veritatis</strong></span> <span class='ocrx_word' id='word_1_181' title='bbox 3150 988 3384 1056; x_wconf 70' lang='lat' dir='ltr'><strong>insistit;</strong></span> <span class='ocrx_word' id='word_1_182' title='bbox 3416 988 3658 1045; x_wconf 87' lang='lat' dir='ltr'><strong>animum</strong></span> <span class='ocrx_word' id='word_1_183' title='bbox 3690 990 3846 1045; x_wconf 83' lang='lat' dir='ltr'><strong>inten-</strong></span> 
     </span>
    </p>
   </div>
   <div class='ocr_carea' id='block_1_24' title="bbox 2263 1079 3849 1152">
    <p class='ocr_par' dir='ltr' id='par_1_24' title="bbox 2263 1079 3849 1152">
     <span class='ocr_line' id='line_1_24' title="bbox 2263 1079 3849 1152; baseline 0.001 -16"><span class='ocrx_word' id='word_1_184' title='bbox 2263 1079 2387 1146; x_wconf 87' lang='lat' dir='ltr'><strong>dat,</strong></span> <span class='ocrx_word' id='word_1_185' title='bbox 2427 1087 2484 1136; x_wconf 88' lang='lat' dir='ltr'><strong>et</strong></span> <span class='ocrx_word' id='word_1_186' title='bbox 2515 1081 2643 1152; x_wconf 83' lang='lat' dir='ltr'><strong>quid</strong></span> <span class='ocrx_word' id='word_1_187' title='bbox 2682 1082 2736 1138; x_wconf 91' lang='lat' dir='ltr'><strong>in</strong></span> <span class='ocrx_word' id='word_1_188' title='bbox 2780 1080 3151 1152; x_wconf 80' lang='lat' dir='ltr'><strong>hujuscemodi</strong></span> <span class='ocrx_word' id='word_1_189' title='bbox 3192 1082 3424 1152; x_wconf 86' lang='lat' dir='ltr'><strong>negotiis</strong></span> <span class='ocrx_word' id='word_1_190' title='bbox 3454 1090 3640 1137; x_wconf 89' lang='lat' dir='ltr'><strong>tenere</strong></span> <span class='ocrx_word' id='word_1_191' title='bbox 3680 1097 3740 1138; x_wconf 88' lang='lat' dir='ltr'><strong>se</strong></span> <span class='ocrx_word' id='word_1_192' title='bbox 3775 1097 3849 1137; x_wconf 84' lang='lat' dir='ltr'><strong>ar-</strong></span> 
     </span>
    </p>
   </div>
   <div class='ocr_carea' id='block_1_25' title="bbox 2264 1172 3848 1244">
    <p class='ocr_par' dir='ltr' id='par_1_25' title="bbox 2264 1172 3848 1244">
     <span class='ocr_line' id='line_1_25' title="bbox 2264 1172 3848 1244; baseline 0.001 -16"><span class='ocrx_word' id='word_1_193' title='bbox 2264 1172 2413 1230; x_wconf 87' lang='lat' dir='ltr'><strong>bitrii</strong></span> <span class='ocrx_word' id='word_1_194' title='bbox 2456 1175 2619 1242; x_wconf 82' lang='lat' dir='ltr'><strong>velit,</strong></span> <span class='ocrx_word' id='word_1_195' title='bbox 2667 1174 2970 1244; x_wconf 72' lang='lat' dir='ltr'><strong>expendat:</strong></span> <span class='ocrx_word' id='word_1_196' title='bbox 3013 1176 3151 1229; x_wconf 88' lang='lat' dir='ltr'><strong>ratio</strong></span> <span class='ocrx_word' id='word_1_197' title='bbox 3189 1173 3404 1229; x_wconf 80' lang='lat' dir='ltr'><strong>interim</strong></span> <span class='ocrx_word' id='word_1_198' title='bbox 3430 1174 3501 1231; x_wconf 89' lang='lat' dir='ltr'><strong>de</strong></span> <span class='ocrx_word' id='word_1_199' title='bbox 3539 1174 3848 1229; x_wconf 80' lang='lat' dir='ltr'><strong>indiciorum</strong></span> 
     </span>
    </p>
   </div>
   <div class='ocr_carea' id='block_1_26' title="bbox 2264 1264 3850 1336">
    <p class='ocr_par' dir='ltr' id='par_1_26' title="bbox 2264 1264 3850 1336">
     <span class='ocr_line' id='line_1_26' title="bbox 2264 1264 3850 1336; baseline -0.001 -13"><span class='ocrx_word' id='word_1_200' title='bbox 2264 1267 2579 1323; x_wconf 79' lang='lat' dir='ltr'><strong>auctoribus</strong></span> <span class='ocrx_word' id='word_1_201' title='bbox 2612 1267 2865 1323; x_wconf 76' lang='lat' dir='ltr'><strong>exsistat.</strong></span> <span class='ocrx_word' id='word_1_202' title='bbox 2913 1265 3041 1322; x_wconf 69' lang='lat' dir='ltr'><strong>Hac</strong></span> <span class='ocrx_word' id='word_1_203' title='bbox 3077 1264 3186 1322; x_wconf 81' lang='lat' dir='ltr'><strong>duo</strong></span> <span class='ocrx_word' id='word_1_204' title='bbox 3215 1265 3451 1322; x_wconf 83' lang='lat' dir='ltr'><strong>indicata</strong></span> <span class='ocrx_word' id='word_1_205' title='bbox 3478 1284 3492 1321; x_wconf 88' lang='lat'><strong>:</strong></span> <span class='ocrx_word' id='word_1_206' title='bbox 3523 1283 3690 1321; x_wconf 86' lang='lat' dir='ltr'><strong>unum</strong></span> <span class='ocrx_word' id='word_1_207' title='bbox 3722 1266 3850 1336; x_wconf 87' lang='lat' dir='ltr'><strong>quod</strong></span> 
     </span>
    </p>
   </div>
   <div class='ocr_carea' id='block_1_27' title="bbox 2265 1358 3850 1431">
    <p class='ocr_par' dir='ltr' id='par_1_27' title="bbox 2265 1358 3850 1431">
     <span class='ocr_line' id='line_1_27' title="bbox 2265 1358 3850 1431; baseline -0.003 -14"><span class='ocrx_word' id='word_1_208' title='bbox 2265 1362 2473 1417; x_wconf 80' lang='lat' dir='ltr'><strong>crimen</strong></span> <span class='ocrx_word' id='word_1_209' title='bbox 2522 1359 2789 1426; x_wconf 84' lang='lat' dir='ltr'><strong>afﬁrmet,</strong></span> <span class='ocrx_word' id='word_1_210' title='bbox 2836 1360 3083 1417; x_wconf 80' lang='lat' dir='ltr'><strong>criminis</strong></span> <span class='ocrx_word' id='word_1_211' title='bbox 3128 1361 3303 1417; x_wconf 86' lang='lat' dir='ltr'><strong>locum</strong></span> <span class='ocrx_word' id='word_1_212' title='bbox 3352 1374 3459 1416; x_wconf 86' lang='lat' dir='ltr'><strong>non</strong></span> <span class='ocrx_word' id='word_1_213' title='bbox 3503 1368 3739 1430; x_wconf 80' lang='lat' dir='ltr'><strong>occupet</strong></span> <span class='ocrx_word' id='word_1_214' title='bbox 3778 1358 3850 1431; x_wconf 66' lang='grc' dir='ltr'><strong>(ί,</strong></span> 
     </span>
    </p>
   </div>
   <div class='ocr_carea' id='block_1_28' title="bbox 2266 1452 3853 1529">
    <p class='ocr_par' dir='ltr' id='par_1_28' title="bbox 2266 1452 3853 1529">
     <span class='ocr_line' id='line_1_28' title="bbox 2266 1452 3853 1529; baseline -0.004 -18"><span class='ocrx_word' id='word_1_215' title='bbox 2266 1454 2595 1526; x_wconf 83' lang='lat' dir='ltr'><strong>nuncupet),</strong></span> <span class='ocrx_word' id='word_1_216' title='bbox 2629 1469 2883 1526; x_wconf 79' lang='lat' dir='ltr'><strong>perpessa</strong></span> <span class='ocrx_word' id='word_1_217' title='bbox 2910 1453 3103 1525; x_wconf 84' lang='lat' dir='ltr'><strong>injuria</strong></span> <span class='ocrx_word' id='word_1_218' title='bbox 3130 1454 3211 1529; x_wconf 78' lang='lat' dir='ltr'><strong>(f.</strong></span> <span class='ocrx_word' id='word_1_219' title='bbox 3240 1468 3558 1526; x_wconf 85' lang='lat' dir='ltr'><strong>perpessum</strong></span> <span class='ocrx_word' id='word_1_220' title='bbox 3588 1452 3853 1523; x_wconf 81' lang='lat' dir='ltr'><strong>injuriam)</strong></span> 
     </span>
    </p>
   </div>
   <div class='ocr_carea' id='block_1_29' title="bbox 2268 1546 3852 1620">
    <p class='ocr_par' dir='ltr' id='par_1_29' title="bbox 2268 1546 3852 1620">
     <span class='ocr_line' id='line_1_29' title="bbox 2268 1546 3852 1620; baseline -0.002 -18"><span class='ocrx_word' id='word_1_221' title='bbox 2268 1546 2542 1603; x_wconf 81' lang='lat' dir='ltr'><strong>hominem</strong></span> <span class='ocrx_word' id='word_1_222' title='bbox 2568 1547 2852 1620; x_wconf 83' lang='lat' dir='ltr'><strong>designet;</strong></span> <span class='ocrx_word' id='word_1_223' title='bbox 2883 1548 3030 1604; x_wconf 81' lang='lat' dir='ltr'><strong>aliud</strong></span> <span class='ocrx_word' id='word_1_224' title='bbox 3057 1562 3205 1614; x_wconf 78' lang='lat' dir='ltr'><strong>vero,</strong></span> <span class='ocrx_word' id='word_1_225' title='bbox 3231 1549 3377 1618; x_wconf 88' lang='lat' dir='ltr'><strong>quod</strong></span> <span class='ocrx_word' id='word_1_226' title='bbox 3396 1548 3636 1615; x_wconf 83' lang='lat' dir='ltr'><strong>crimen,</strong></span> <span class='ocrx_word' id='word_1_227' title='bbox 3668 1548 3852 1611; x_wconf 84' lang='lat' dir='ltr'><strong>locum,</strong></span> 
     </span>
    </p>
   </div>
   <div class='ocr_carea' id='block_1_30' title="bbox 2268 1639 3850 1711">
    <p class='ocr_par' dir='ltr' id='par_1_30' title="bbox 2268 1639 3850 1711">
     <span class='ocr_line' id='line_1_30' title="bbox 2268 1639 3850 1711; baseline -0.003 -15"><span class='ocrx_word' id='word_1_228' title='bbox 2268 1639 2542 1696; x_wconf 77' lang='lat' dir='ltr'><strong>haniincm</strong></span> <span class='ocrx_word' id='word_1_229' title='bbox 2570 1651 2748 1711; x_wconf 82' lang='lat' dir='ltr'><strong>neget.</strong></span> <span class='ocrx_word' id='word_1_230' title='bbox 2774 1641 2992 1709; x_wconf 57' lang='lat' dir='ltr'><strong>Quaero.</strong></span> <span class='ocrx_word' id='word_1_231' title='bbox 3018 1641 3071 1695; x_wconf 86' lang='lat' dir='ltr'><strong>in</strong></span> <span class='ocrx_word' id='word_1_232' title='bbox 3098 1654 3261 1710; x_wconf 85' lang='lat' dir='ltr'><strong>quam</strong></span> <span class='ocrx_word' id='word_1_233' title='bbox 3305 1650 3360 1695; x_wconf 90' lang='lat' dir='ltr'><strong>te</strong></span> <span class='ocrx_word' id='word_1_234' title='bbox 3382 1639 3713 1695; x_wconf 68' lang='lat' dir='ltr'><strong>sententias:</strong></span> <span class='ocrx_word' id='word_1_235' title='bbox 3734 1651 3850 1693; x_wconf 88' lang='lat' dir='ltr'><strong>eou-</strong></span> 
     </span>
    </p>
   </div>
   <div class='ocr_carea' id='block_1_31' title="bbox 2267 1730 3859 1803">
    <p class='ocr_par' dir='ltr' id='par_1_31' title="bbox 2267 1730 3859 1803">
     <span class='ocr_line' id='line_1_31' title="bbox 2267 1730 3859 1803; baseline -0.001 -16"><span class='ocrx_word' id='word_1_236' title='bbox 2267 1733 2463 1788; x_wconf 86' lang='lat' dir='ltr'><strong>cedere</strong></span> <span class='ocrx_word' id='word_1_237' title='bbox 2487 1748 2700 1803; x_wconf 65' lang='lat' dir='ltr'><strong>aequum</strong></span> <span class='ocrx_word' id='word_1_238' title='bbox 2729 1733 3029 1788; x_wconf 64' lang='lat' dir='ltr'><strong>videbitur?</strong></span> <span class='ocrx_word' id='word_1_239' title='bbox 3046 1730 3225 1797; x_wconf 88' lang='lat' dir='ltr'><strong>Certe,</strong></span> <span class='ocrx_word' id='word_1_240' title='bbox 3248 1731 3463 1801; x_wconf 81' lang='lat' dir='ltr'><strong>Opinor,</strong></span> <span class='ocrx_word' id='word_1_241' title='bbox 3495 1730 3779 1801; x_wconf 72' lang='lat' dir='ltr'><strong>quisquam</strong></span> <span class='ocrx_word' id='word_1_242' title='bbox 3800 1731 3859 1785; x_wconf 81' lang='lat' dir='ltr'><strong>ab</strong></span> 
     </span>
    </p>
   </div>
   <div class='ocr_carea' id='block_1_32' title="bbox 562 1816 3861 1905">
    <p class='ocr_par' dir='ltr' id='par_1_32' title="bbox 562 1816 3861 1905">
     <span class='ocr_line' id='line_1_32' title="bbox 562 1816 3861 1905; baseline -0.003 -18"><span class='ocrx_word' id='word_1_243' title='bbox 562 1828 724 1887; x_wconf 88' lang='lat' dir='ltr'><strong>dunia</strong></span> <span class='ocrx_word' id='word_1_244' title='bbox 748 1830 815 1886; x_wconf 90' lang='lat' dir='ltr'><strong>de</strong></span> <span class='ocrx_word' id='word_1_245' title='bbox 847 1832 943 1887; x_wconf 84' lang='lat' dir='ltr'><strong>Dui</strong></span> <span class='ocrx_word' id='word_1_246' title='bbox 968 1831 1136 1905; x_wconf 88' lang='lat' dir='ltr'><strong>(Dio),</strong></span> <span class='ocrx_word' id='word_1_247' title='bbox 1164 1831 1455 1888; x_wconf 86' lang='lat' dir='ltr'><strong>Gerontius</strong></span> <span class='ocrx_word' id='word_1_248' title='bbox 1484 1848 1513 1885; x_wconf 89' lang='lat' dir='ltr'><strong>a</strong></span> <span class='ocrx_word' id='word_1_249' title='bbox 1543 1832 1851 1888; x_wconf 76' lang='lat' dir='ltr'><strong>Macedonia</strong></span> <span class='ocrx_word' id='word_1_250' title='bbox 1882 1833 1950 1889; x_wconf 88' lang='lat' dir='ltr'><strong>de</strong></span> <span class='ocrx_word' id='word_1_251' title='bbox 1978 1833 2159 1904; x_wconf 81' lang='lat' dir='ltr'><strong>Brevi,</strong></span> <span class='ocrx_word' id='word_1_252' title='bbox 2195 1816 2244 1883; x_wconf 78' lang='grc' dir='ltr'><strong>Β</strong></span> <span class='ocrx_word' id='word_1_253' title='bbox 2273 1836 2507 1896; x_wconf 84' lang='lat' dir='ltr'><strong>Illruque</strong></span> <span class='ocrx_word' id='word_1_254' title='bbox 2528 1824 2827 1891; x_wconf 85' lang='lat' dir='ltr'><strong>consultus,</strong></span> <span class='ocrx_word' id='word_1_255' title='bbox 2852 1834 2909 1881; x_wconf 92' lang='lat' dir='ltr'><strong>et</strong></span> <span class='ocrx_word' id='word_1_256' title='bbox 2930 1827 3136 1895; x_wconf 86' lang='lat' dir='ltr'><strong>positus</strong></span> <span class='ocrx_word' id='word_1_257' title='bbox 3162 1825 3215 1879; x_wconf 90' lang='lat' dir='ltr'><strong>in</strong></span> <span class='ocrx_word' id='word_1_258' title='bbox 3240 1823 3419 1879; x_wconf 88' lang='lat' dir='ltr'><strong>medio</strong></span> <span class='ocrx_word' id='word_1_259' title='bbox 3444 1823 3731 1895; x_wconf 77' lang='lat' dir='ltr'><strong>utriusque</strong></span> <span class='ocrx_word' id='word_1_260' title='bbox 3750 1836 3861 1879; x_wconf 88' lang='lat' dir='ltr'><strong>sen-</strong></span> 
     </span>
    </p>
   </div>
   <div class='ocr_carea' id='block_1_33' title="bbox 563 1920 2164 1998">
    <p class='ocr_par' dir='ltr' id='par_1_33' title="bbox 563 1920 2164 1998">
     <span class='ocr_line' id='line_1_33' title="bbox 563 1920 2164 1998; baseline 0.001 -18"><span class='ocrx_word' id='word_1_261' title='bbox 563 1920 876 1980; x_wconf 75' lang='lat' dir='ltr'><strong>Alexander</strong></span> <span class='ocrx_word' id='word_1_262' title='bbox 900 1925 968 1980; x_wconf 87' lang='lat' dir='ltr'><strong>ab</strong></span> <span class='ocrx_word' id='word_1_263' title='bbox 1014 1925 1213 1979; x_wconf 77' lang='lat' dir='ltr'><strong>Achaia</strong></span> <span class='ocrx_word' id='word_1_264' title='bbox 1245 1926 1311 1980; x_wconf 91' lang='lat' dir='ltr'><strong>de</strong></span> <span class='ocrx_word' id='word_1_265' title='bbox 1341 1924 1574 1980; x_wconf 83' lang='lat' dir='ltr'><strong>Morenis</strong></span> <span class='ocrx_word' id='word_1_266' title='bbox 1612 1926 1801 1997; x_wconf 86' lang='lat' dir='ltr'><strong>(Sirm.</strong></span> <span class='ocrx_word' id='word_1_267' title='bbox 1836 1926 1905 1981; x_wconf 93' lang='lat' dir='ltr'><strong>de</strong></span> <span class='ocrx_word' id='word_1_268' title='bbox 1945 1926 2164 1998; x_wconf 86' lang='lat' dir='ltr'><strong>Cepari-</strong></span> 
     </span>
    </p>
   </div>
   <div class='ocr_carea' id='block_1_34' title="bbox 564 2017 2167 2092">
    <p class='ocr_par' dir='ltr' id='par_1_34' title="bbox 564 2017 2167 2092">
     <span class='ocr_line' id='line_1_34' title="bbox 564 2017 2167 2092; baseline 0 -17"><span class='ocrx_word' id='word_1_269' title='bbox 564 2017 731 2089; x_wconf 86' lang='lat' dir='ltr'><strong>sioa),</strong></span> <span class='ocrx_word' id='word_1_270' title='bbox 773 2017 1139 2090; x_wconf 81' lang='lat' dir='ltr'><strong>Euthitius(f.</strong></span> <span class='ocrx_word' id='word_1_271' title='bbox 1173 2017 1480 2092; x_wconf 65' lang='lat' dir='ltr'><strong>Eutichius)</strong></span> <span class='ocrx_word' id='word_1_272' title='bbox 1523 2019 1593 2077; x_wconf 87' lang='lat' dir='ltr'><strong>ab</strong></span> <span class='ocrx_word' id='word_1_273' title='bbox 1623 2020 1851 2088; x_wconf 83' lang='lat' dir='ltr'><strong>Achaia,</strong></span> <span class='ocrx_word' id='word_1_274' title='bbox 1884 2020 2057 2076; x_wconf 84' lang='lat' dir='ltr'><strong>Titius</strong></span> <span class='ocrx_word' id='word_1_275' title='bbox 2097 2021 2167 2075; x_wconf 85' lang='lat' dir='ltr'><strong>ab</strong></span> 
     </span>
    </p>
   </div>
   <div class='ocr_carea' id='block_1_35' title="bbox 561 2107 2169 2185">
    <p class='ocr_par' dir='ltr' id='par_1_35' title="bbox 561 2107 2169 2185">
     <span class='ocr_line' id='line_1_35' title="bbox 561 2107 2169 2185; baseline 0.002 -20"><span class='ocrx_word' id='word_1_276' title='bbox 561 2110 695 2165; x_wconf 86' lang='lat' dir='ltr'><strong>Asia</strong></span> <span class='ocrx_word' id='word_1_277' title='bbox 734 2107 803 2165; x_wconf 87' lang='lat' dir='ltr'><strong>de</strong></span> <span class='ocrx_word' id='word_1_278' title='bbox 834 2108 1103 2166; x_wconf 76' lang='lat' dir='ltr'><strong>Mantonis</strong></span> <span class='ocrx_word' id='word_1_279' title='bbox 1142 2111 1233 2183; x_wconf 85' lang='lat' dir='ltr'><strong>(an</strong></span> <span class='ocrx_word' id='word_1_280' title='bbox 1258 2126 1288 2164; x_wconf 91' lang='lat' dir='ltr'><strong>a</strong></span> <span class='ocrx_word' id='word_1_281' title='bbox 1319 2111 1474 2166; x_wconf 88' lang='lat' dir='ltr'><strong>Dacia</strong></span> <span class='ocrx_word' id='word_1_282' title='bbox 1504 2111 1573 2166; x_wconf 93' lang='lat' dir='ltr'><strong>de</strong></span> <span class='ocrx_word' id='word_1_283' title='bbox 1599 2112 1921 2168; x_wconf 78' lang='lat' dir='ltr'><strong>Montcmnis</strong></span> <span class='ocrx_word' id='word_1_284' title='bbox 1937 2114 2005 2185; x_wconf 69' lang='grc' dir='ltr'><strong>ἲ).</strong></span> <span class='ocrx_word' id='word_1_285' title='bbox 2040 2111 2169 2185; x_wconf 82' lang='lat' dir='ltr'><strong>Epi-</strong></span> 
     </span>
    </p>
   </div>
   <div class='ocr_carea' id='block_1_36' title="bbox 563 2202 1777 2276">
    <p class='ocr_par' dir='ltr' id='par_1_36' title="bbox 563 2202 1777 2276">
     <span class='ocr_line' id='line_1_36' title="bbox 563 2202 1777 2276; baseline 0.001 -17"><span class='ocrx_word' id='word_1_286' title='bbox 563 2204 715 2273; x_wconf 75' lang='lat' dir='ltr'><strong>scopi</strong></span> <span class='ocrx_word' id='word_1_287' title='bbox 746 2217 938 2259; x_wconf 85' lang='lat' dir='ltr'><strong>omnes</strong></span> <span class='ocrx_word' id='word_1_288' title='bbox 968 2218 1195 2259; x_wconf 88' lang='lat' dir='ltr'><strong>numero</strong></span> <span class='ocrx_word' id='word_1_289' title='bbox 1222 2217 1359 2259; x_wconf 89' lang='lat' dir='ltr'><strong>unus</strong></span> <span class='ocrx_word' id='word_1_290' title='bbox 1387 2202 1455 2259; x_wconf 92' lang='lat' dir='ltr'><strong>de</strong></span> <span class='ocrx_word' id='word_1_291' title='bbox 1478 2206 1777 2276; x_wconf 75' lang='lat' dir='ltr'><strong>sexaginta.</strong></span> 
     </span>
    </p>
   </div>
   <div class='ocr_carea' id='block_1_37' title="bbox 638 2294 2171 2368">
    <p class='ocr_par' dir='ltr' id='par_1_37' title="bbox 638 2294 2171 2368">
     <span class='ocr_line' id='line_1_37' title="bbox 638 2294 2171 2368; baseline 0.002 -18"><span class='ocrx_word' id='word_1_292' title='bbox 638 2295 726 2351; x_wconf 77' lang='grc'><strong>16.</strong></span> <span class='ocrx_word' id='word_1_293' title='bbox 766 2294 1039 2351; x_wconf 71' lang='lat' dir='ltr'><strong>Athanasii</strong></span> <span class='ocrx_word' id='word_1_294' title='bbox 1077 2298 1370 2351; x_wconf 80' lang='lat' dir='ltr'><strong>innocentia</strong></span> <span class='ocrx_word' id='word_1_295' title='bbox 1406 2298 1697 2367; x_wconf 74' lang='lat' dir='ltr'><strong>mnifesto.</strong></span> <span class='ocrx_word' id='word_1_296' title='bbox 1739 2297 1999 2367; x_wconf 82' lang='lat' dir='ltr'><strong>Sacri/icii</strong></span> <span class='ocrx_word' id='word_1_297' title='bbox 2038 2314 2171 2368; x_wconf 70' lang='lat' dir='ltr'><strong>opus</strong></span> 
     </span>
    </p>
   </div>
   <div class='ocr_carea' id='block_1_38' title="bbox 564 2388 2172 2463">
    <p class='ocr_par' dir='ltr' id='par_1_38' title="bbox 564 2388 2172 2463">
     <span class='ocr_line' id='line_1_38' title="bbox 564 2388 2172 2463; baseline 0.001 -19"><span class='ocrx_word' id='word_1_298' title='bbox 564 2389 729 2446; x_wconf 79' lang='lat' dir='ltr'><strong>solius</strong></span> <span class='ocrx_word' id='word_1_299' title='bbox 752 2400 827 2445; x_wconf 86' lang='lat' dir='ltr'><strong>est</strong></span> <span class='ocrx_word' id='word_1_300' title='bbox 854 2389 1160 2460; x_wconf 80' lang='lat' dir='ltr'><strong>presbyteri.</strong></span> <span class='ocrx_word' id='word_1_301' title='bbox 1182 2418 1256 2430; x_wconf 92' lang='lat'><strong>——</strong></span> <span class='ocrx_word' id='word_1_302' title='bbox 1283 2388 1424 2445; x_wconf 67' lang='lat' dir='ltr'><strong>«Res</strong></span> <span class='ocrx_word' id='word_1_303' title='bbox 1444 2430 1462 2458; x_wconf 88' lang='lat'><strong>,</strong></span> <span class='ocrx_word' id='word_1_304' title='bbox 1487 2399 1746 2461; x_wconf 87' lang='lat' dir='ltr'><strong>quantum</strong></span> <span class='ocrx_word' id='word_1_305' title='bbox 1787 2392 2024 2447; x_wconf 84' lang='lat' dir='ltr'><strong>arbitror</strong></span> <span class='ocrx_word' id='word_1_306' title='bbox 2054 2391 2172 2463; x_wconf 85' lang='lat' dir='ltr'><strong>(in-</strong></span> 
     </span>
    </p>
   </div>
   <div class='ocr_carea' id='block_1_39' title="bbox 561 2485 2169 2561">
    <p class='ocr_par' dir='ltr' id='par_1_39' title="bbox 561 2485 2169 2561">
     <span class='ocr_line' id='line_1_39' title="bbox 561 2485 2169 2561; baseline 0.004 -22"><span class='ocrx_word' id='word_1_307' title='bbox 561 2486 670 2556; x_wconf 82' lang='lat' dir='ltr'><strong>quit</strong></span> <span class='ocrx_word' id='word_1_308' title='bbox 702 2485 1009 2557; x_wconf 75' lang='lat' dir='ltr'><strong>Hilarius),</strong></span> <span class='ocrx_word' id='word_1_309' title='bbox 1038 2489 1308 2544; x_wconf 86' lang='lat' dir='ltr'><strong>sermonis</strong></span> <span class='ocrx_word' id='word_1_310' title='bbox 1335 2489 1561 2544; x_wconf 87' lang='lat' dir='ltr'><strong>alterius</strong></span> <span class='ocrx_word' id='word_1_311' title='bbox 1587 2490 2034 2561; x_wconf 83' lang='lat' dir='ltr'><strong>interpretatione</strong></span> <span class='ocrx_word' id='word_1_312' title='bbox 2062 2506 2169 2546; x_wconf 88' lang='lat' dir='ltr'><strong>non</strong></span> 
     </span>
    </p>
   </div>
   <div class='ocr_carea' id='block_1_40' title="bbox 564 2579 2170 2655">
    <p class='ocr_par' dir='ltr' id='par_1_40' title="bbox 564 2579 2170 2655">
     <span class='ocr_line' id='line_1_40' title="bbox 564 2579 2170 2655; baseline 0.002 -20"><span class='ocrx_word' id='word_1_313' title='bbox 564 2579 788 2651; x_wconf 77' lang='lat' dir='ltr'><strong>indiget.</strong></span> <span class='ocrx_word' id='word_1_314' title='bbox 816 2579 953 2636; x_wconf 79' lang='lat' dir='ltr'><strong>Nam</strong></span> <span class='ocrx_word' id='word_1_315' title='bbox 980 2580 1162 2636; x_wconf 78' lang='lat' dir='ltr'><strong>munia</strong></span> <span class='ocrx_word' id='word_1_316' title='bbox 1191 2582 1260 2635; x_wconf 91' lang='lat' dir='ltr'><strong>ita</strong></span> <span class='ocrx_word' id='word_1_317' title='bbox 1286 2580 1461 2637; x_wconf 86' lang='lat' dir='ltr'><strong>edicta</strong></span> <span class='ocrx_word' id='word_1_318' title='bbox 1489 2594 1614 2637; x_wconf 86' lang='lat' dir='ltr'><strong>sunt</strong></span> <span class='ocrx_word' id='word_1_319' title='bbox 1641 2590 1698 2639; x_wconf 88' lang='lat' dir='ltr'><strong>et</strong></span> <span class='ocrx_word' id='word_1_320' title='bbox 1720 2598 2003 2655; x_wconf 82' lang='lat' dir='ltr'><strong>expressa,</strong></span> <span class='ocrx_word' id='word_1_321' title='bbox 2033 2590 2089 2639; x_wconf 87' lang='lat' dir='ltr'><strong>ut</strong></span> <span class='ocrx_word' id='word_1_322' title='bbox 2118 2585 2170 2639; x_wconf 92' lang='lat' dir='ltr'><strong>in</strong></span> 
     </span>
    </p>
   </div>
   <div class='ocr_carea' id='block_1_41' title="bbox 562 2674 2171 2750">
    <p class='ocr_par' dir='ltr' id='par_1_41' title="bbox 562 2674 2171 2750">
     <span class='ocr_line' id='line_1_41' title="bbox 562 2674 2171 2750; baseline 0.004 -23"><span class='ocrx_word' id='word_1_323' title='bbox 562 2674 742 2729; x_wconf 85' lang='lat' dir='ltr'><strong>lucem</strong></span> <span class='ocrx_word' id='word_1_324' title='bbox 768 2676 1094 2746; x_wconf 87' lang='lat' dir='ltr'><strong>cognitionis</strong></span> <span class='ocrx_word' id='word_1_325' title='bbox 1119 2676 1261 2731; x_wconf 82' lang='lat' dir='ltr'><strong>elata</strong></span> <span class='ocrx_word' id='word_1_326' title='bbox 1288 2677 1430 2732; x_wconf 86' lang='lat' dir='ltr'><strong>sint:</strong></span> <span class='ocrx_word' id='word_1_327' title='bbox 1464 2685 1628 2734; x_wconf 84' lang='lat' dir='ltr'><strong>testes</strong></span> <span class='ocrx_word' id='word_1_328' title='bbox 1654 2692 1722 2733; x_wconf 82' lang='lat' dir='ltr'><strong>ex</strong></span> <span class='ocrx_word' id='word_1_329' title='bbox 1752 2676 1990 2750; x_wconf 65' lang='lat' dir='ltr'><strong>Egypto</strong></span> <span class='ocrx_word' id='word_1_330' title='bbox 2018 2693 2171 2733; x_wconf 88' lang='lat' dir='ltr'><strong>com-</strong></span> 
     </span>
    </p>
   </div>
   <div class='ocr_carea' id='block_1_42' title="bbox 566 2768 2170 2845">
    <p class='ocr_par' dir='ltr' id='par_1_42' title="bbox 566 2768 2170 2845">
     <span class='ocr_line' id='line_1_42' title="bbox 566 2768 2170 2845; baseline 0.004 -24"><span class='ocrx_word' id='word_1_331' title='bbox 566 2768 770 2839; x_wconf 75' lang='lat' dir='ltr'><strong>positi,</strong></span> <span class='ocrx_word' id='word_1_332' title='bbox 803 2768 1133 2825; x_wconf 86' lang='lat' dir='ltr'><strong>Athanasius</strong></span> <span class='ocrx_word' id='word_1_333' title='bbox 1162 2769 1279 2841; x_wconf 86' lang='lat' dir='ltr'><strong>ipse</strong></span> <span class='ocrx_word' id='word_1_334' title='bbox 1320 2784 1592 2843; x_wconf 64' lang='lat' dir='ltr'><strong>praesens,</strong></span> <span class='ocrx_word' id='word_1_335' title='bbox 1633 2772 1891 2828; x_wconf 88' lang='lat' dir='ltr'><strong>falsorum</strong></span> <span class='ocrx_word' id='word_1_336' title='bbox 1928 2771 2170 2845; x_wconf 85' lang='lat' dir='ltr'><strong>judicum</strong></span> 
     </span>
    </p>
   </div>
   <div class='ocr_carea' id='block_1_43' title="bbox 567 2863 2171 2936">
    <p class='ocr_par' dir='ltr' id='par_1_43' title="bbox 567 2863 2171 2936">
     <span class='ocr_line' id='line_1_43' title="bbox 567 2863 2171 2936; baseline 0.002 -19"><span class='ocrx_word' id='word_1_337' title='bbox 567 2867 830 2917; x_wconf 86' lang='lat' dir='ltr'><strong>nocturna</strong></span> <span class='ocrx_word' id='word_1_338' title='bbox 883 2872 937 2917; x_wconf 88' lang='lat' dir='ltr'><strong>et</strong></span> <span class='ocrx_word' id='word_1_339' title='bbox 990 2864 1162 2934; x_wconf 84' lang='lat' dir='ltr'><strong>turpis</strong></span> <span class='ocrx_word' id='word_1_340' title='bbox 1211 2878 1307 2934; x_wconf 89' lang='lat' dir='ltr'><strong>per</strong></span> <span class='ocrx_word' id='word_1_341' title='bbox 1353 2865 1741 2921; x_wconf 85' lang='lat' dir='ltr'><strong>conscientiam</strong></span> <span class='ocrx_word' id='word_1_342' title='bbox 1782 2863 1939 2936; x_wconf 87' lang='lat' dir='ltr'><strong>fuga,</strong></span> <span class='ocrx_word' id='word_1_343' title='bbox 1991 2872 2171 2921; x_wconf 88' lang='lat' dir='ltr'><strong>tanto-</strong></span> 
     </span>
    </p>
   </div>
   <div class='ocr_carea' id='block_1_44' title="bbox 568 2940 2171 3027">
    <p class='ocr_par' dir='ltr' id='par_1_44' title="bbox 568 2940 2171 3027">
     <span class='ocr_line' id='line_1_44' title="bbox 568 2940 2171 3027; baseline 0.003 -19"><span class='ocrx_word' id='word_1_344' title='bbox 568 2968 690 3008; x_wconf 83' lang='lat' dir='ltr'><strong>rum</strong></span> <span class='ocrx_word' id='word_1_345' title='bbox 721 2940 1203 3026; x_wconf 22' lang='lat' dir='ltr'><strong>scelerum-gravis</strong></span> <span class='ocrx_word' id='word_1_346' title='bbox 1230 2964 1287 3010; x_wconf 88' lang='lat' dir='ltr'><strong>et</strong></span> <span class='ocrx_word' id='word_1_347' title='bbox 1315 2957 1556 3027; x_wconf 86' lang='lat' dir='ltr'><strong>subjecta</strong></span> <span class='ocrx_word' id='word_1_348' title='bbox 1590 2960 1970 3014; x_wconf 85' lang='lat' dir='ltr'><strong>universorum</strong></span> <span class='ocrx_word' id='word_1_349' title='bbox 1999 2957 2171 3013; x_wconf 77' lang='lat' dir='ltr'><strong>oculis</strong></span> 
     </span>
    </p>
   </div>
   <div class='ocr_carea' id='block_1_45' title="bbox 567 3044 2175 3120">
    <p class='ocr_par' dir='ltr' id='par_1_45' title="bbox 567 3044 2175 3120">
     <span class='ocr_line' id='line_1_45' title="bbox 567 3044 2175 3120; baseline 0.004 -19"><span class='ocrx_word' id='word_1_350' title='bbox 567 3045 789 3101; x_wconf 67' lang='lat' dir='ltr'><strong>invidia.</strong></span> <span class='ocrx_word' id='word_1_351' title='bbox 816 3044 887 3119; x_wconf 75' lang='grc' dir='ltr'><strong>(Ι)</strong></span> <span class='ocrx_word' id='word_1_352' title='bbox 919 3047 1075 3104; x_wconf 83' lang='lat' dir='ltr'><strong>Adde</strong></span> <span class='ocrx_word' id='word_1_353' title='bbox 1102 3050 1365 3120; x_wconf 85' lang='lat' dir='ltr'><strong>originem</strong></span> <span class='ocrx_word' id='word_1_354' title='bbox 1397 3067 1596 3117; x_wconf 62' lang='lat' dir='ltr'><strong>causae,</strong></span> <span class='ocrx_word' id='word_1_355' title='bbox 1623 3067 1691 3107; x_wconf 83' lang='lat' dir='ltr'><strong>ex</strong></span> <span class='ocrx_word' id='word_1_356' title='bbox 1720 3068 1820 3120; x_wconf 80' lang='lat' dir='ltr'><strong>qua</strong></span> <span class='ocrx_word' id='word_1_357' title='bbox 1852 3053 1905 3107; x_wconf 88' lang='lat' dir='ltr'><strong>in</strong></span> <span class='ocrx_word' id='word_1_358' title='bbox 1931 3053 2175 3107; x_wconf 84' lang='lat' dir='ltr'><strong>Athana-</strong></span> 
     </span>
    </p>
   </div>
   <div class='ocr_carea' id='block_1_46' title="bbox 566 3141 2172 3219">
    <p class='ocr_par' dir='ltr' id='par_1_46' title="bbox 566 3141 2172 3219">
     <span class='ocr_line' id='line_1_46' title="bbox 566 3141 2172 3219; baseline 0.002 -22"><span class='ocrx_word' id='word_1_359' title='bbox 566 3141 707 3197; x_wconf 88' lang='lat' dir='ltr'><strong>sium</strong></span> <span class='ocrx_word' id='word_1_360' title='bbox 739 3142 953 3199; x_wconf 84' lang='lat' dir='ltr'><strong>occasio</strong></span> <span class='ocrx_word' id='word_1_361' title='bbox 973 3152 1056 3198; x_wconf 88' lang='lat' dir='ltr'><strong>cst</strong></span> <span class='ocrx_word' id='word_1_362' title='bbox 1076 3145 1299 3214; x_wconf 69' lang='lat' dir='ltr'><strong>qumsila</strong></span> <span class='ocrx_word' id='word_1_363' title='bbox 1331 3147 1631 3202; x_wconf 62' lang='lat' dir='ltr'><strong>sententiae.</strong></span> <span class='ocrx_word' id='word_1_364' title='bbox 1672 3146 1837 3213; x_wconf 81' lang='lat' dir='ltr'><strong>Reus,</strong></span> <span class='ocrx_word' id='word_1_365' title='bbox 1870 3145 2172 3219; x_wconf 90' lang='lat' dir='ltr'><strong>presbyteri</strong></span> 
     </span>
    </p>
   </div>
   <div class='ocr_carea' id='block_1_47' title="bbox 2273 1916 3859 1991">
    <p class='ocr_par' dir='ltr' id='par_1_47' title="bbox 2273 1916 3859 1991">
     <span class='ocr_line' id='line_1_47' title="bbox 2273 1916 3859 1991; baseline -0.001 -18"><span class='ocrx_word' id='word_1_366' title='bbox 2273 1916 2479 1983; x_wconf 65' lang='lat' dir='ltr'><strong>lentiae,</strong></span> <span class='ocrx_word' id='word_1_367' title='bbox 2505 1916 2672 1991; x_wconf 58' lang='grc' dir='ltr'><strong>θυι.</strong></span> <span class='ocrx_word' id='word_1_368' title='bbox 2694 1917 2767 1974; x_wconf 86' lang='lat' dir='ltr'><strong>ita</strong></span> <span class='ocrx_word' id='word_1_369' title='bbox 2798 1919 3076 1990; x_wconf 87' lang='lat' dir='ltr'><strong>loquetur:</strong></span> <span class='ocrx_word' id='word_1_370' title='bbox 3105 1917 3165 1974; x_wconf 86' lang='lat' dir='ltr'><strong>Si</strong></span> <span class='ocrx_word' id='word_1_371' title='bbox 3187 1918 3394 1975; x_wconf 85' lang='lat' dir='ltr'><strong>crimen</strong></span> <span class='ocrx_word' id='word_1_372' title='bbox 3420 1925 3503 1973; x_wconf 83' lang='lat' dir='ltr'><strong>est</strong></span> <span class='ocrx_word' id='word_1_373' title='bbox 3522 1956 3540 1984; x_wconf 90' lang='lat'><strong>,</strong></span> <span class='ocrx_word' id='word_1_374' title='bbox 3570 1917 3859 1973; x_wconf 83' lang='lat' dir='ltr'><strong>docendum</strong></span> 
     </span>
    </p>
   </div>
   <div class='ocr_carea' id='block_1_48' title="bbox 2271 2012 3862 2081">
    <p class='ocr_par' dir='ltr' id='par_1_48' title="bbox 2271 2012 3862 2081">
     <span class='ocr_line' id='line_1_48' title="bbox 2271 2012 3862 2081; baseline -0.002 -12"><span class='ocrx_word' id='word_1_375' title='bbox 2271 2025 2393 2079; x_wconf 83' lang='lat' dir='ltr'><strong>est;</strong></span> <span class='ocrx_word' id='word_1_376' title='bbox 2425 2014 2473 2068; x_wconf 93' lang='lat' dir='ltr'><strong>si</strong></span> <span class='ocrx_word' id='word_1_377' title='bbox 2499 2015 2651 2071; x_wconf 86' lang='lat' dir='ltr'><strong>locus</strong></span> <span class='ocrx_word' id='word_1_378' title='bbox 2675 2023 2791 2081; x_wconf 90' lang='lat' dir='ltr'><strong>est,</strong></span> <span class='ocrx_word' id='word_1_379' title='bbox 2823 2013 3283 2070; x_wconf 86' lang='lat' dir='ltr'><strong>demonstrandus</strong></span> <span class='ocrx_word' id='word_1_380' title='bbox 3304 2021 3425 2071; x_wconf 84' lang='lat' dir='ltr'><strong>est:</strong></span> <span class='ocrx_word' id='word_1_381' title='bbox 3453 2013 3497 2068; x_wconf 84' lang='lat' dir='ltr'><strong>si</strong></span> <span class='ocrx_word' id='word_1_382' title='bbox 3527 2012 3718 2077; x_wconf 80' lang='lat' dir='ltr'><strong>homo,</strong></span> <span class='ocrx_word' id='word_1_383' title='bbox 3746 2026 3862 2067; x_wconf 81' lang='lat' dir='ltr'><strong>con-</strong></span> 
     </span>
    </p>
   </div>
   <div class='ocr_carea' id='block_1_49' title="bbox 2272 2104 3862 2171">
    <p class='ocr_par' dir='ltr' id='par_1_49' title="bbox 2272 2104 3862 2171">
     <span class='ocr_line' id='line_1_49' title="bbox 2272 2104 3862 2171; baseline -0.001 -11"><span class='ocrx_word' id='word_1_384' title='bbox 2272 2105 2507 2163; x_wconf 84' lang='lat' dir='ltr'><strong>tnendus</strong></span> <span class='ocrx_word' id='word_1_385' title='bbox 2532 2115 2637 2164; x_wconf 87' lang='lat' dir='ltr'><strong>est.</strong></span> <span class='ocrx_word' id='word_1_386' title='bbox 2667 2109 2739 2164; x_wconf 83' lang='lat' dir='ltr'><strong>At</strong></span> <span class='ocrx_word' id='word_1_387' title='bbox 2767 2122 2896 2164; x_wconf 80' lang='lat' dir='ltr'><strong>vero</strong></span> <span class='ocrx_word' id='word_1_388' title='bbox 2922 2121 3047 2163; x_wconf 89' lang='lat' dir='ltr'><strong>cum</strong></span> <span class='ocrx_word' id='word_1_389' title='bbox 3074 2116 3132 2162; x_wconf 90' lang='lat' dir='ltr'><strong>et</strong></span> <span class='ocrx_word' id='word_1_390' title='bbox 3158 2105 3288 2161; x_wconf 90' lang='lat' dir='ltr'><strong>facti</strong></span> <span class='ocrx_word' id='word_1_391' title='bbox 3320 2104 3452 2161; x_wconf 75' lang='lat' dir='ltr'><strong>fides</strong></span> <span class='ocrx_word' id='word_1_392' title='bbox 3471 2145 3489 2171; x_wconf 85' lang='lat'><strong>,</strong></span> <span class='ocrx_word' id='word_1_393' title='bbox 3522 2116 3577 2162; x_wconf 89' lang='lat' dir='ltr'><strong>et</strong></span> <span class='ocrx_word' id='word_1_394' title='bbox 3608 2105 3716 2160; x_wconf 89' lang='lat' dir='ltr'><strong>loci</strong></span> <span class='ocrx_word' id='word_1_395' title='bbox 3746 2105 3862 2160; x_wconf 89' lang='lat' dir='ltr'><strong>reli-</strong></span> 
     </span>
    </p>
   </div>
   <div class='ocr_carea' id='block_1_50' title="bbox 2272 2198 3864 2271">
    <p class='ocr_par' dir='ltr' id='par_1_50' title="bbox 2272 2198 3864 2271">
     <span class='ocr_line' id='line_1_50' title="bbox 2272 2198 3864 2271; baseline 0.001 -18"><span class='ocrx_word' id='word_1_396' title='bbox 2272 2199 2382 2270; x_wconf 87' lang='lat' dir='ltr'><strong>gio,</strong></span> <span class='ocrx_word' id='word_1_397' title='bbox 2408 2210 2464 2254; x_wconf 88' lang='lat' dir='ltr'><strong>et</strong></span> <span class='ocrx_word' id='word_1_398' title='bbox 2491 2198 2705 2271; x_wconf 79' lang='lat' dir='ltr'><strong>injuria:</strong></span> <span class='ocrx_word' id='word_1_399' title='bbox 2732 2199 2898 2255; x_wconf 75' lang='lat' dir='ltr'><strong>hoino</strong></span> <span class='ocrx_word' id='word_1_400' title='bbox 2927 2199 3107 2255; x_wconf 84' lang='lat' dir='ltr'><strong>nullus</strong></span> <span class='ocrx_word' id='word_1_401' title='bbox 3144 2206 3263 2265; x_wconf 88' lang='lat' dir='ltr'><strong>est;</strong></span> <span class='ocrx_word' id='word_1_402' title='bbox 3302 2211 3563 2254; x_wconf 82' lang='lat' dir='ltr'><strong>vesanum</strong></span> <span class='ocrx_word' id='word_1_403' title='bbox 3600 2198 3864 2254; x_wconf 76' lang='lat' dir='ltr'><strong>existima-</strong></span> 
     </span>
    </p>
   </div>
   <div class='ocr_carea' id='block_1_51' title="bbox 2273 2290 3686 2363">
    <p class='ocr_par' dir='ltr' id='par_1_51' title="bbox 2273 2290 3686 2363">
     <span class='ocr_line' id='line_1_51' title="bbox 2273 2290 3686 2363; baseline -0.004 -12"><span class='ocrx_word' id='word_1_404' title='bbox 2273 2294 2438 2360; x_wconf 84' lang='lat' dir='ltr'><strong>bitur,</strong></span> <span class='ocrx_word' id='word_1_405' title='bbox 2466 2293 2632 2350; x_wconf 88' lang='lat' dir='ltr'><strong>rebus</strong></span> <span class='ocrx_word' id='word_1_406' title='bbox 2653 2293 2893 2363; x_wconf 88' lang='lat' dir='ltr'><strong>judieem</strong></span> <span class='ocrx_word' id='word_1_407' title='bbox 2922 2307 3032 2350; x_wconf 86' lang='lat' dir='ltr'><strong>non</strong></span> <span class='ocrx_word' id='word_1_408' title='bbox 3058 2290 3394 2350; x_wconf 78' lang='lat' dir='ltr'><strong>exstantibus</strong></span> <span class='ocrx_word' id='word_1_409' title='bbox 3415 2291 3686 2362; x_wconf 86' lang='lat' dir='ltr'><strong>judicare.</strong></span> 
     </span>
    </p>
   </div>
   <div class='ocr_carea' id='block_1_52' title="bbox 2348 2384 3864 2456">
    <p class='ocr_par' dir='ltr' id='par_1_52' title="bbox 2348 2384 3864 2456">
     <span class='ocr_line' id='line_1_52' title="bbox 2348 2384 3864 2456; baseline -0.001 -13"><span class='ocrx_word' id='word_1_410' title='bbox 2348 2389 2437 2445; x_wconf 78' lang='grc'><strong>18.</strong></span> <span class='ocrx_word' id='word_1_411' title='bbox 2467 2388 2743 2443; x_wconf 76' lang='lat' dir='ltr'><strong>Athanasii</strong></span> <span class='ocrx_word' id='word_1_412' title='bbox 2768 2388 3053 2443; x_wconf 63' lang='lat' dir='ltr'><strong>damnandi</strong></span> <span class='ocrx_word' id='word_1_413' title='bbox 3080 2387 3227 2444; x_wconf 83' lang='lat' dir='ltr'><strong>nulla</strong></span> <span class='ocrx_word' id='word_1_414' title='bbox 3250 2404 3425 2445; x_wconf 76' lang='lat' dir='ltr'><strong>causa.</strong></span> <span class='ocrx_word' id='word_1_415' title='bbox 3448 2415 3523 2429; x_wconf 87' lang='lat'><strong>-—</strong></span> <span class='ocrx_word' id='word_1_416' title='bbox 3551 2404 3575 2440; x_wconf 75' lang='lat' dir='ltr'><strong>r</strong></span> <span class='ocrx_word' id='word_1_417' title='bbox 3603 2384 3864 2456; x_wconf 79' lang='lat' dir='ltr'><strong>Respicite</strong></span> 
     </span>
    </p>
   </div>
   <div class='ocr_carea' id='block_1_53' title="bbox 2275 2481 3860 2553">
    <p class='ocr_par' dir='ltr' id='par_1_53' title="bbox 2275 2481 3860 2553">
     <span class='ocr_line' id='line_1_53' title="bbox 2275 2481 3860 2553; baseline -0.001 -15"><span class='ocrx_word' id='word_1_418' title='bbox 2275 2482 2329 2538; x_wconf 89' lang='lat' dir='ltr'><strong>in</strong></span> <span class='ocrx_word' id='word_1_419' title='bbox 2357 2484 2556 2540; x_wconf 69' lang='lat' dir='ltr'><strong>omium</strong></span> <span class='ocrx_word' id='word_1_420' title='bbox 2583 2491 2641 2539; x_wconf 89' lang='lat' dir='ltr'><strong>et</strong></span> <span class='ocrx_word' id='word_1_421' title='bbox 2663 2490 2830 2548; x_wconf 82' lang='lat' dir='ltr'><strong>astra,</strong></span> <span class='ocrx_word' id='word_1_422' title='bbox 2854 2496 2952 2539; x_wconf 85' lang='lat' dir='ltr'><strong>vos</strong></span> <span class='ocrx_word' id='word_1_423' title='bbox 2974 2482 3317 2549; x_wconf 85' lang='lat' dir='ltr'><strong>sacerdotes;</strong></span> <span class='ocrx_word' id='word_1_424' title='bbox 3344 2495 3399 2539; x_wconf 90' lang='lat' dir='ltr'><strong>et</strong></span> <span class='ocrx_word' id='word_1_425' title='bbox 3423 2484 3479 2539; x_wconf 92' lang='lat' dir='ltr'><strong>in</strong></span> <span class='ocrx_word' id='word_1_426' title='bbox 3503 2497 3628 2538; x_wconf 88' lang='lat' dir='ltr'><strong>eum</strong></span> <span class='ocrx_word' id='word_1_427' title='bbox 3648 2524 3663 2548; x_wconf 85' lang='lat'><strong>,</strong></span> <span class='ocrx_word' id='word_1_428' title='bbox 3693 2481 3783 2553; x_wconf 83' lang='lat' dir='ltr'><strong>qui</strong></span> <span class='ocrx_word' id='word_1_429' title='bbox 3802 2496 3860 2537; x_wconf 78' lang='lat' dir='ltr'><strong>ex</strong></span> 
     </span>
    </p>
   </div>
   <div class='ocr_carea' id='block_1_54' title="bbox 2276 2576 3864 2648">
    <p class='ocr_par' dir='ltr' id='par_1_54' title="bbox 2276 2576 3864 2648">
     <span class='ocr_line' id='line_1_54' title="bbox 2276 2576 3864 2648; baseline -0.001 -16"><span class='ocrx_word' id='word_1_430' title='bbox 2276 2577 2447 2633; x_wconf 87' lang='lat' dir='ltr'><strong>nihilo</strong></span> <span class='ocrx_word' id='word_1_431' title='bbox 2474 2577 2603 2633; x_wconf 85' lang='lat' dir='ltr'><strong>fecit</strong></span> <span class='ocrx_word' id='word_1_432' title='bbox 2634 2578 2755 2640; x_wconf 87' lang='lat' dir='ltr'><strong>illa,</strong></span> <span class='ocrx_word' id='word_1_433' title='bbox 2785 2592 2910 2633; x_wconf 84' lang='lat' dir='ltr'><strong>cum</strong></span> <span class='ocrx_word' id='word_1_434' title='bbox 2942 2577 3190 2634; x_wconf 82' lang='lat' dir='ltr'><strong>libertate</strong></span> <span class='ocrx_word' id='word_1_435' title='bbox 3220 2576 3344 2633; x_wconf 81' lang='lat' dir='ltr'><strong>fidei</strong></span> <span class='ocrx_word' id='word_1_436' title='bbox 3370 2587 3425 2633; x_wconf 90' lang='lat' dir='ltr'><strong>et</strong></span> <span class='ocrx_word' id='word_1_437' title='bbox 3452 2576 3570 2648; x_wconf 86' lang='lat' dir='ltr'><strong>spei</strong></span> <span class='ocrx_word' id='word_1_438' title='bbox 3597 2590 3758 2646; x_wconf 78' lang='lat' dir='ltr'><strong>quam</strong></span> <span class='ocrx_word' id='word_1_439' title='bbox 3784 2588 3864 2630; x_wconf 84' lang='lat' dir='ltr'><strong>ac-</strong></span> 
     </span>
    </p>
   </div>
   <div class='ocr_carea' id='block_1_55' title="bbox 2276 2668 3859 2740">
    <p class='ocr_par' dir='ltr' id='par_1_55' title="bbox 2276 2668 3859 2740">
     <span class='ocr_line' id='line_1_55' title="bbox 2276 2668 3859 2740; baseline -0.003 -14"><span class='ocrx_word' id='word_1_440' title='bbox 2276 2671 2497 2740; x_wconf 89' lang='lat' dir='ltr'><strong>cepistis</strong></span> <span class='ocrx_word' id='word_1_441' title='bbox 2517 2710 2531 2737; x_wconf 88' lang='lat'><strong>,</strong></span> <span class='ocrx_word' id='word_1_442' title='bbox 2561 2670 2824 2727; x_wconf 90' lang='lat' dir='ltr'><strong>intendite</strong></span> <span class='ocrx_word' id='word_1_443' title='bbox 2842 2714 2857 2739; x_wconf 92' lang='lat'><strong>,</strong></span> <span class='ocrx_word' id='word_1_444' title='bbox 2886 2670 3240 2728; x_wconf 88' lang='lat' dir='ltr'><strong>recordantes</strong></span> <span class='ocrx_word' id='word_1_445' title='bbox 3266 2670 3425 2728; x_wconf 87' lang='lat' dir='ltr'><strong>talem</strong></span> <span class='ocrx_word' id='word_1_446' title='bbox 3452 2668 3607 2727; x_wconf 81' lang='lat' dir='ltr'><strong>vobis</strong></span> <span class='ocrx_word' id='word_1_447' title='bbox 3633 2669 3790 2725; x_wconf 85' lang='lat' dir='ltr'><strong>futuri</strong></span> <span class='ocrx_word' id='word_1_448' title='bbox 3811 2668 3859 2723; x_wconf 90' lang='lat' dir='ltr'><strong>in</strong></span> 
     </span>
    </p>
   </div>
   <div class='ocr_carea' id='block_1_56' title="bbox 2277 2759 3861 2834">
    <p class='ocr_par' dir='ltr' id='par_1_56' title="bbox 2277 2759 3861 2834">
     <span class='ocr_line' id='line_1_56' title="bbox 2277 2759 3861 2834; baseline -0.001 -19"><span class='ocrx_word' id='word_1_449' title='bbox 2277 2776 2377 2816; x_wconf 89' lang='lat' dir='ltr'><strong>vos</strong></span> <span class='ocrx_word' id='word_1_450' title='bbox 2409 2761 2602 2831; x_wconf 88' lang='lat' dir='ltr'><strong>judicii</strong></span> <span class='ocrx_word' id='word_1_451' title='bbox 2642 2763 2870 2818; x_wconf 74' lang='lat' dir='ltr'><strong>fortnam</strong></span> <span class='ocrx_word' id='word_1_452' title='bbox 2899 2778 3023 2818; x_wconf 87' lang='lat' dir='ltr'><strong>esse</strong></span> <span class='ocrx_word' id='word_1_453' title='bbox 3052 2762 3383 2834; x_wconf 83' lang='lat' dir='ltr'><strong>propositam</strong></span> <span class='ocrx_word' id='word_1_454' title='bbox 3404 2803 3418 2826; x_wconf 87' lang='lat'><strong>,</strong></span> <span class='ocrx_word' id='word_1_455' title='bbox 3453 2769 3511 2817; x_wconf 89' lang='lat' dir='ltr'><strong>ut</strong></span> <span class='ocrx_word' id='word_1_456' title='bbox 3539 2776 3650 2832; x_wconf 80' lang='lat' dir='ltr'><strong>quo</strong></span> <span class='ocrx_word' id='word_1_457' title='bbox 3674 2759 3861 2829; x_wconf 85' lang='lat' dir='ltr'><strong>judicio</strong></span> 
     </span>
    </p>
   </div>
   <div class='ocr_carea' id='block_1_57' title="bbox 2273 2854 3861 2928">
    <p class='ocr_par' dir='ltr' id='par_1_57' title="bbox 2273 2854 3861 2928">
     <span class='ocr_line' id='line_1_57' title="bbox 2273 2854 3861 2928; baseline 0.001 -19"><span class='ocrx_word' id='word_1_458' title='bbox 2273 2854 2669 2927; x_wconf 84' lang='lat' dir='ltr'><strong>judicaveritis,</strong></span> <span class='ocrx_word' id='word_1_459' title='bbox 2696 2856 2967 2926; x_wconf 73' lang='lat' dir='ltr'><strong>iudicetur</strong></span> <span class='ocrx_word' id='word_1_460' title='bbox 2991 2856 3060 2912; x_wconf 89' lang='lat' dir='ltr'><strong>de</strong></span> <span class='ocrx_word' id='word_1_461' title='bbox 3086 2857 3242 2913; x_wconf 86' lang='lat' dir='ltr'><strong>vobis</strong></span> <span class='ocrx_word' id='word_1_462' title='bbox 3269 2854 3484 2927; x_wconf 70' lang='lat' dir='ltr'><strong>(Matth.</strong></span> <span class='ocrx_word' id='word_1_463' title='bbox 3506 2871 3581 2911; x_wconf 84' lang='lat' dir='ltr'><strong>vn</strong></span> <span class='ocrx_word' id='word_1_464' title='bbox 3599 2898 3614 2922; x_wconf 88' lang='lat'><strong>,</strong></span> <span class='ocrx_word' id='word_1_465' title='bbox 3636 2854 3721 2928; x_wconf 71' lang='grc'><strong>2).</strong></span> <span class='ocrx_word' id='word_1_466' title='bbox 3749 2854 3861 2910; x_wconf 59' lang='lat' dir='ltr'><strong>Haec</strong></span> 
     </span>
    </p>
   </div>
   <div class='ocr_carea' id='block_1_58' title="bbox 2278 2948 3861 3021">
    <p class='ocr_par' dir='ltr' id='par_1_58' title="bbox 2278 2948 3861 3021">
     <span class='ocr_line' id='line_1_58' title="bbox 2278 2948 3861 3021; baseline 0.003 -20"><span class='ocrx_word' id='word_1_467' title='bbox 2278 2949 2541 3019; x_wconf 63' lang='lat' dir='ltr'><strong>quaerenti</strong></span> <span class='ocrx_word' id='word_1_468' title='bbox 2588 2949 2716 3005; x_wconf 87' lang='lat' dir='ltr'><strong>mihi</strong></span> <span class='ocrx_word' id='word_1_469' title='bbox 2760 2952 3120 3021; x_wconf 88' lang='lat' dir='ltr'><strong>respondete:</strong></span> <span class='ocrx_word' id='word_1_470' title='bbox 3152 2950 3504 3006; x_wconf 77' lang='lat' dir='ltr'><strong>Athanasium</strong></span> <span class='ocrx_word' id='word_1_471' title='bbox 3537 2964 3649 3021; x_wconf 90' lang='lat' dir='ltr'><strong>quo</strong></span> <span class='ocrx_word' id='word_1_472' title='bbox 3675 2948 3861 3021; x_wconf 83' lang='lat' dir='ltr'><strong>judicio</strong></span> 
     </span>
    </p>
   </div>
   <div class='ocr_carea' id='block_1_59' title="bbox 2277 3040 3864 3113">
    <p class='ocr_par' dir='ltr' id='par_1_59' title="bbox 2277 3040 3864 3113">
     <span class='ocr_line' id='line_1_59' title="bbox 2277 3040 3864 3113; baseline 0.001 -18"><span class='ocrx_word' id='word_1_473' title='bbox 2277 3040 2614 3096; x_wconf 84' lang='lat' dir='ltr'><strong>damnastis?</strong></span> <span class='ocrx_word' id='word_1_474' title='bbox 2632 3041 2828 3097; x_wconf 79' lang='lat' dir='ltr'><strong>Dicetis</strong></span> <span class='ocrx_word' id='word_1_475' title='bbox 2851 3057 3060 3113; x_wconf 86' lang='lat' dir='ltr'><strong>nempe,</strong></span> <span class='ocrx_word' id='word_1_476' title='bbox 3086 3041 3505 3113; x_wconf 79' lang='lat' dir='ltr'><strong>Episcoporum:</strong></span> <span class='ocrx_word' id='word_1_477' title='bbox 3528 3050 3585 3097; x_wconf 88' lang='lat' dir='ltr'><strong>et</strong></span> <span class='ocrx_word' id='word_1_478' title='bbox 3613 3042 3731 3097; x_wconf 65' lang='lat' dir='ltr'><strong>hac</strong></span> <span class='ocrx_word' id='word_1_479' title='bbox 3748 3054 3864 3097; x_wconf 83' lang='lat' dir='ltr'><strong>coa-</strong></span> 
     </span>
    </p>
   </div>
   <div class='ocr_carea' id='block_1_60' title="bbox 2280 3135 3861 3212">
    <p class='ocr_par' dir='ltr' id='par_1_60' title="bbox 2280 3135 3861 3212">
     <span class='ocr_line' id='line_1_60' title="bbox 2280 3135 3861 3212; baseline 0.003 -22"><span class='ocrx_word' id='word_1_480' title='bbox 2280 3135 2530 3192; x_wconf 85' lang='lat' dir='ltr'><strong>fessinnis</strong></span> <span class='ocrx_word' id='word_1_481' title='bbox 2558 3146 2751 3195; x_wconf 77' lang='lat' dir='ltr'><strong>vestrae</strong></span> <span class='ocrx_word' id='word_1_482' title='bbox 2777 3141 2882 3194; x_wconf 88' lang='lat' dir='ltr'><strong>erit</strong></span> <span class='ocrx_word' id='word_1_483' title='bbox 2908 3140 3082 3195; x_wconf 86' lang='lat' dir='ltr'><strong>venia.</strong></span> <span class='ocrx_word' id='word_1_484' title='bbox 3114 3139 3325 3205; x_wconf 88' lang='lat' dir='ltr'><strong>Secuti,</strong></span> <span class='ocrx_word' id='word_1_485' title='bbox 3356 3139 3527 3212; x_wconf 79' lang='lat' dir='ltr'><strong>inquit</strong></span> <span class='ocrx_word' id='word_1_486' title='bbox 3554 3140 3637 3212; x_wconf 77' lang='grc' dir='ltr'><strong>(Ῑ.</strong></span> <span class='ocrx_word' id='word_1_487' title='bbox 3665 3140 3861 3211; x_wconf 87' lang='lat' dir='ltr'><strong>inquie-</strong></span> 
     </span>
    </p>
   </div>
   <div class='ocr_carea' id='block_1_61' title="bbox 567 3216 3866 3309">
    <p class='ocr_par' dir='ltr' id='par_1_61' title="bbox 567 3216 3866 3309">
     <span class='ocr_line' id='line_1_61' title="bbox 567 3216 3866 3309; baseline 0.003 -17"><span class='ocrx_word' id='word_1_488' title='bbox 567 3235 651 3292; x_wconf 82' lang='lat' dir='ltr'><strong>sui</strong></span> <span class='ocrx_word' id='word_1_489' title='bbox 698 3235 898 3303; x_wconf 87' lang='lat' dir='ltr'><strong>impetu</strong></span> <span class='ocrx_word' id='word_1_490' title='bbox 924 3276 939 3301; x_wconf 93' lang='lat'><strong>,</strong></span> <span class='ocrx_word' id='word_1_491' title='bbox 975 3235 1259 3293; x_wconf 85' lang='lat' dir='ltr'><strong>disturbati</strong></span> <span class='ocrx_word' id='word_1_492' title='bbox 1297 3240 1483 3294; x_wconf 83' lang='lat' dir='ltr'><strong>altaris</strong></span> <span class='ocrx_word' id='word_1_493' title='bbox 1522 3240 1577 3294; x_wconf 87' lang='lat' dir='ltr'><strong>in</strong></span> <span class='ocrx_word' id='word_1_494' title='bbox 1621 3240 1738 3309; x_wconf 90' lang='lat' dir='ltr'><strong>ipso</strong></span> <span class='ocrx_word' id='word_1_495' title='bbox 1775 3216 2167 3297; x_wconf 34' lang='lat' dir='ltr'><strong>sacriﬁcio—rum</strong></span> <span class='ocrx_word' id='word_1_496' title='bbox 2197 3216 2244 3280; x_wconf 64' lang='grc' dir='ltr'><strong>(ἶ</strong></span> <span class='ocrx_word' id='word_1_497' title='bbox 2278 3230 2372 3299; x_wconf 56' lang='grc' dir='ltr'><strong>ιίδ’»)</strong></span> <span class='ocrx_word' id='word_1_498' title='bbox 2395 3270 2410 3296; x_wconf 74' lang='grc' dir='ltr'><strong>ν</strong></span> <span class='ocrx_word' id='word_1_499' title='bbox 2436 3246 2622 3286; x_wconf 60' lang='lat' dir='ltr'><strong>sum“!</strong></span> <span class='ocrx_word' id='word_1_500' title='bbox 2650 3241 2891 3287; x_wconf 65' lang='lat' dir='ltr'><strong>83mm“</strong></span> <span class='ocrx_word' id='word_1_501' title='bbox 2918 3232 3244 3303; x_wconf 64' lang='lat' dir='ltr'><strong>iudiciorum</strong></span> <span class='ocrx_word' id='word_1_502' title='bbox 3277 3232 3378 3288; x_wconf 66' lang='lat' dir='ltr'><strong>50b</strong></span> <span class='ocrx_word' id='word_1_503' title='bbox 3406 3232 3704 3302; x_wconf 66' lang='lat' dir='ltr'><strong>episcopali</strong></span> <span class='ocrx_word' id='word_1_504' title='bbox 3732 3248 3866 3287; x_wconf 61' lang='grc' dir='ltr'><strong>σοι’·</strong></span> 
     </span>
    </p>
   </div>
   <div class='ocr_carea' id='block_1_62' title="bbox 570 3329 2171 3406">
    <p class='ocr_par' dir='ltr' id='par_1_62' title="bbox 570 3329 2171 3406">
     <span class='ocr_line' id='line_1_62' title="bbox 570 3329 2171 3406; baseline 0.004 -23"><span class='ocrx_word' id='word_1_505' title='bbox 570 3338 817 3398; x_wconf 84' lang='lat' dir='ltr'><strong>tempore</strong></span> <span class='ocrx_word' id='word_1_506' title='bbox 838 3371 852 3395; x_wconf 89' lang='lat'><strong>,</strong></span> <span class='ocrx_word' id='word_1_507' title='bbox 884 3329 973 3385; x_wconf 89' lang='lat' dir='ltr'><strong>ubi</strong></span> <span class='ocrx_word' id='word_1_508' title='bbox 998 3330 1204 3403; x_wconf 84' lang='lat' dir='ltr'><strong>Scyrus</strong></span> <span class='ocrx_word' id='word_1_509' title='bbox 1234 3333 1516 3404; x_wconf 88' lang='lat' dir='ltr'><strong>presbyter</strong></span> <span class='ocrx_word' id='word_1_510' title='bbox 1541 3332 1836 3389; x_wconf 84' lang='lat' dir='ltr'><strong>adsistebat</strong></span> <span class='ocrx_word' id='word_1_511' title='bbox 1861 3376 1876 3402; x_wconf 92' lang='lat'><strong>,</strong></span> <span class='ocrx_word' id='word_1_512' title='bbox 1907 3336 2171 3406; x_wconf 83' lang='lat' dir='ltr'><strong>arguitur.</strong></span> 
     </span>
    </p>
   </div>
   <div class='ocr_carea' id='block_1_63' title="bbox 562 3418 2170 3495">
    <p class='ocr_par' dir='ltr' id='par_1_63' title="bbox 562 3418 2170 3495">
     <span class='ocr_line' id='line_1_63' title="bbox 562 3418 2170 3495; baseline 0.004 -19"><span class='ocrx_word' id='word_1_513' title='bbox 562 3418 775 3492; x_wconf 75' lang='lat' dir='ltr'><strong>Scyrus</strong></span> <span class='ocrx_word' id='word_1_514' title='bbox 813 3424 1092 3494; x_wconf 80' lang='lat' dir='ltr'><strong>presbyter</strong></span> <span class='ocrx_word' id='word_1_515' title='bbox 1122 3434 1368 3495; x_wconf 72' lang='lat' dir='ltr'><strong>negatur,</strong></span> <span class='ocrx_word' id='word_1_516' title='bbox 1413 3435 1467 3481; x_wconf 92' lang='lat' dir='ltr'><strong>et</strong></span> <span class='ocrx_word' id='word_1_517' title='bbox 1510 3425 1752 3482; x_wconf 85' lang='lat' dir='ltr'><strong>criminis</strong></span> <span class='ocrx_word' id='word_1_518' title='bbox 1802 3427 2008 3484; x_wconf 77' lang='lat' dir='ltr'><strong>falsitas</strong></span> <span class='ocrx_word' id='word_1_519' title='bbox 2047 3443 2170 3484; x_wconf 88' lang='lat' dir='ltr'><strong>cum</strong></span> 
     </span>
    </p>
   </div>
   <div class='ocr_carea' id='block_1_64' title="bbox 571 3516 2172 3590">
    <p class='ocr_par' dir='ltr' id='par_1_64' title="bbox 571 3516 2172 3590">
     <span class='ocr_line' id='line_1_64' title="bbox 571 3516 2172 3590; baseline 0.007 -21"><span class='ocrx_word' id='word_1_520' title='bbox 571 3522 796 3571; x_wconf 86' lang='lat' dir='ltr'><strong>auctore</strong></span> <span class='ocrx_word' id='word_1_521' title='bbox 834 3516 1135 3572; x_wconf 83' lang='lat' dir='ltr'><strong>damnatur.</strong></span> <span class='ocrx_word' id='word_1_522' title='bbox 1186 3518 1354 3573; x_wconf 78' lang='lat' dir='ltr'><strong>Porro</strong></span> <span class='ocrx_word' id='word_1_523' title='bbox 1392 3525 1571 3575; x_wconf 88' lang='lat' dir='ltr'><strong>autem</strong></span> <span class='ocrx_word' id='word_1_524' title='bbox 1612 3520 1862 3576; x_wconf 75' lang='lat' dir='ltr'><strong>sacrificii</strong></span> <span class='ocrx_word' id='word_1_525' title='bbox 1892 3538 2028 3590; x_wconf 89' lang='lat' dir='ltr'><strong>opus</strong></span> <span class='ocrx_word' id='word_1_526' title='bbox 2054 3523 2172 3580; x_wconf 90' lang='lat' dir='ltr'><strong>sine</strong></span> 
     </span>
    </p>
   </div>
   <div class='ocr_carea' id='block_1_65' title="bbox 575 3608 2174 3687">
    <p class='ocr_par' dir='ltr' id='par_1_65' title="bbox 575 3608 2174 3687">
     <span class='ocr_line' id='line_1_65' title="bbox 575 3608 2174 3687; baseline 0.007 -26"><span class='ocrx_word' id='word_1_527' title='bbox 575 3608 897 3679; x_wconf 83' lang='lat' dir='ltr'><strong>presbytero</strong></span> <span class='ocrx_word' id='word_1_528' title='bbox 925 3624 1048 3666; x_wconf 85' lang='lat' dir='ltr'><strong>esse</strong></span> <span class='ocrx_word' id='word_1_529' title='bbox 1081 3625 1183 3665; x_wconf 86' lang='lat' dir='ltr'><strong>non</strong></span> <span class='ocrx_word' id='word_1_530' title='bbox 1217 3613 1407 3682; x_wconf 87' lang='lat' dir='ltr'><strong>pctnit.</strong></span> <span class='ocrx_word' id='word_1_531' title='bbox 1446 3610 1578 3667; x_wconf 85' lang='lat' dir='ltr'><strong>Cum</strong></span> <span class='ocrx_word' id='word_1_532' title='bbox 1614 3614 1665 3667; x_wconf 91' lang='lat' dir='ltr'><strong>in</strong></span> <span class='ocrx_word' id='word_1_533' title='bbox 1693 3613 1967 3671; x_wconf 82' lang='lat' dir='ltr'><strong>hominem</strong></span> <span class='ocrx_word' id='word_1_534' title='bbox 1996 3632 2174 3687; x_wconf 66' lang='lat' dir='ltr'><strong>qutes-</strong></span> 
     </span>
    </p>
   </div>
   <div class='ocr_carea' id='block_1_66' title="bbox 577 3702 2175 3783">
    <p class='ocr_par' dir='ltr' id='par_1_66' title="bbox 577 3702 2175 3783">
     <span class='ocr_line' id='line_1_66' title="bbox 577 3702 2175 3783; baseline 0.007 -27"><span class='ocrx_word' id='word_1_535' title='bbox 577 3704 652 3757; x_wconf 92' lang='lat' dir='ltr'><strong>tio</strong></span> <span class='ocrx_word' id='word_1_536' title='bbox 689 3708 809 3769; x_wconf 85' lang='lat' dir='ltr'><strong>est,</strong></span> <span class='ocrx_word' id='word_1_537' title='bbox 840 3702 961 3772; x_wconf 82' lang='lat' dir='ltr'><strong>ipse</strong></span> <span class='ocrx_word' id='word_1_538' title='bbox 988 3704 1111 3759; x_wconf 84' lang='lat' dir='ltr'><strong>facti</strong></span> <span class='ocrx_word' id='word_1_539' title='bbox 1144 3716 1251 3759; x_wconf 89' lang='lat' dir='ltr'><strong>tam</strong></span> <span class='ocrx_word' id='word_1_540' title='bbox 1284 3706 1462 3777; x_wconf 76' lang='lat' dir='ltr'><strong>gratis</strong></span> <span class='ocrx_word' id='word_1_541' title='bbox 1493 3709 1670 3763; x_wconf 89' lang='lat' dir='ltr'><strong>nullus</strong></span> <span class='ocrx_word' id='word_1_542' title='bbox 1699 3719 1782 3764; x_wconf 89' lang='lat' dir='ltr'><strong>est</strong></span> <span class='ocrx_word' id='word_1_543' title='bbox 1813 3710 1999 3778; x_wconf 88' lang='lat' dir='ltr'><strong>locus,</strong></span> <span class='ocrx_word' id='word_1_544' title='bbox 2031 3713 2175 3783; x_wconf 86' lang='lat' dir='ltr'><strong>apud</strong></span> 
     </span>
    </p>
   </div>
   <div class='ocr_carea' id='block_1_67' title="bbox 571 3797 2175 3878">
    <p class='ocr_par' dir='ltr' id='par_1_67' title="bbox 571 3797 2175 3878">
     <span class='ocr_line' id='line_1_67' title="bbox 571 3797 2175 3878; baseline 0.005 -24"><span class='ocrx_word' id='word_1_545' title='bbox 571 3798 867 3855; x_wconf 70' lang='lat' dir='ltr'><strong>Marcetem</strong></span> <span class='ocrx_word' id='word_1_546' title='bbox 900 3797 979 3872; x_wconf 86' lang='lat' dir='ltr'><strong>(g)</strong></span> <span class='ocrx_word' id='word_1_547' title='bbox 1006 3799 1231 3855; x_wconf 80' lang='lat' dir='ltr'><strong>ecclesia</strong></span> <span class='ocrx_word' id='word_1_548' title='bbox 1262 3801 1405 3855; x_wconf 81' lang='lat' dir='ltr'><strong>nullo</strong></span> <span class='ocrx_word' id='word_1_549' title='bbox 1434 3812 1536 3857; x_wconf 85' lang='lat' dir='ltr'><strong>cst.</strong></span> <span class='ocrx_word' id='word_1_550' title='bbox 1561 3801 1829 3873; x_wconf 85' lang='lat' dir='ltr'><strong>Numquid</strong></span> <span class='ocrx_word' id='word_1_551' title='bbox 1858 3807 2032 3875; x_wconf 89' lang='lat' dir='ltr'><strong>potius</strong></span> <span class='ocrx_word' id='word_1_552' title='bbox 2061 3807 2175 3878; x_wconf 89' lang='lat' dir='ltr'><strong>ipsa</strong></span> 
     </span>
    </p>
   </div>
   <div class='ocr_carea' id='block_1_68' title="bbox 570 3890 2175 3964">
    <p class='ocr_par' dir='ltr' id='par_1_68' title="bbox 570 3890 2175 3964">
     <span class='ocr_line' id='line_1_68' title="bbox 570 3890 2175 3964; baseline 0.003 -17"><span class='ocrx_word' id='word_1_553' title='bbox 570 3892 673 3947; x_wconf 91' lang='lat' dir='ltr'><strong>soli</strong></span> <span class='ocrx_word' id='word_1_554' title='bbox 720 3890 914 3963; x_wconf 85' lang='lat' dir='ltr'><strong>religio</strong></span> <span class='ocrx_word' id='word_1_555' title='bbox 940 3891 1176 3947; x_wconf 73' lang='lat' dir='ltr'><strong>defecit?</strong></span> <span class='ocrx_word' id='word_1_556' title='bbox 1200 3901 1294 3946; x_wconf 90' lang='lat' dir='ltr'><strong>aut</strong></span> <span class='ocrx_word' id='word_1_557' title='bbox 1318 3892 1521 3964; x_wconf 80' lang='lat' dir='ltr'><strong>aliquo,</strong></span> <span class='ocrx_word' id='word_1_558' title='bbox 1557 3905 1611 3948; x_wconf 93' lang='lat' dir='ltr'><strong>ut</strong></span> <span class='ocrx_word' id='word_1_559' title='bbox 1638 3895 1881 3964; x_wconf 86' lang='lat' dir='ltr'><strong>adsolet,</strong></span> <span class='ocrx_word' id='word_1_560' title='bbox 1916 3896 2061 3951; x_wconf 88' lang='lat' dir='ltr'><strong>hiatu</strong></span> <span class='ocrx_word' id='word_1_561' title='bbox 2096 3898 2175 3952; x_wconf 84' lang='lat' dir='ltr'><strong>Io-</strong></span> 
     </span>
    </p>
   </div>
   <div class='ocr_carea' id='block_1_69' title="bbox 570 3985 2175 4065">
    <p class='ocr_par' dir='ltr' id='par_1_69' title="bbox 570 3985 2175 4065">
     <span class='ocr_line' id='line_1_69' title="bbox 570 3985 2175 4065; baseline 0.002 -24"><span class='ocrx_word' id='word_1_562' title='bbox 570 3999 669 4041; x_wconf 90' lang='lat' dir='ltr'><strong>cus</strong></span> <span class='ocrx_word' id='word_1_563' title='bbox 708 3985 889 4041; x_wconf 81' lang='lat' dir='ltr'><strong>violati</strong></span> <span class='ocrx_word' id='word_1_564' title='bbox 929 3985 1174 4042; x_wconf 83' lang='lat' dir='ltr'><strong>sacriﬁcii</strong></span> <span class='ocrx_word' id='word_1_565' title='bbox 1216 3986 1471 4043; x_wconf 82' lang='lat' dir='ltr'><strong>desedit?</strong></span> <span class='ocrx_word' id='word_1_566' title='bbox 1500 3988 1699 4061; x_wconf 86' lang='lat' dir='ltr'><strong>Scyrus</strong></span> <span class='ocrx_word' id='word_1_567' title='bbox 1726 3987 1796 4045; x_wconf 90' lang='lat' dir='ltr'><strong>de</strong></span> <span class='ocrx_word' id='word_1_568' title='bbox 1833 3990 2064 4046; x_wconf 85' lang='lat' dir='ltr'><strong>diacono</strong></span> <span class='ocrx_word' id='word_1_569' title='bbox 2092 3990 2175 4065; x_wconf 85' lang='grc' dir='ltr'><strong>(Ιι)</strong></span> 
     </span>
    </p>
   </div>
   <div class='ocr_carea' id='block_1_70' title="bbox 570 4077 2173 4148">
    <p class='ocr_par' dir='ltr' id='par_1_70' title="bbox 570 4077 2173 4148">
     <span class='ocr_line' id='line_1_70' title="bbox 570 4077 2173 4148; baseline 0.002 -15"><span class='ocrx_word' id='word_1_570' title='bbox 570 4078 861 4148; x_wconf 71' lang='lat' dir='ltr'><strong>episcopus</strong></span> <span class='ocrx_word' id='word_1_571' title='bbox 899 4077 1171 4134; x_wconf 85' lang='lat' dir='ltr'><strong>adseritur</strong></span> <span class='ocrx_word' id='word_1_572' title='bbox 1207 4079 1519 4146; x_wconf 87' lang='lat' dir='ltr'><strong>ordinatus;</strong></span> <span class='ocrx_word' id='word_1_573' title='bbox 1556 4086 1617 4135; x_wconf 88' lang='lat' dir='ltr'><strong>ut</strong></span> <span class='ocrx_word' id='word_1_574' title='bbox 1652 4080 1722 4137; x_wconf 87' lang='lat' dir='ltr'><strong>de</strong></span> <span class='ocrx_word' id='word_1_575' title='bbox 1760 4081 2086 4137; x_wconf 85' lang='lat' dir='ltr'><strong>centumclia</strong></span> <span class='ocrx_word' id='word_1_576' title='bbox 2123 4084 2173 4137; x_wconf 93' lang='lat' dir='ltr'><strong>in</strong></span> 
     </span>
    </p>
   </div>
   <div class='ocr_carea' id='block_1_71' title="bbox 573 4175 2176 4247">
    <p class='ocr_par' dir='ltr' id='par_1_71' title="bbox 573 4175 2176 4247">
     <span class='ocr_line' id='line_1_71' title="bbox 573 4175 2176 4247; baseline 0.003 -20"><span class='ocrx_word' id='word_1_577' title='bbox 573 4175 894 4245; x_wconf 84' lang='lat' dir='ltr'><strong>presbytero</strong></span> <span class='ocrx_word' id='word_1_578' title='bbox 928 4188 1181 4243; x_wconf 89' lang='lat' dir='ltr'><strong>perpessa</strong></span> <span class='ocrx_word' id='word_1_579' title='bbox 1214 4175 1525 4229; x_wconf 88' lang='lat' dir='ltr'><strong>mentientis</strong></span> <span class='ocrx_word' id='word_1_580' title='bbox 1564 4175 1803 4245; x_wconf 85' lang='lat' dir='ltr'><strong>episcopi</strong></span> <span class='ocrx_word' id='word_1_581' title='bbox 1836 4175 2009 4247; x_wconf 86' lang='lat' dir='ltr'><strong>major</strong></span> <span class='ocrx_word' id='word_1_582' title='bbox 2048 4190 2176 4231; x_wconf 90' lang='lat' dir='ltr'><strong>auc-</strong></span> 
     </span>
    </p>
   </div>
   <div class='ocr_carea' id='block_1_72' title="bbox 576 4266 2174 4342">
    <p class='ocr_par' dir='ltr' id='par_1_72' title="bbox 576 4266 2174 4342">
     <span class='ocr_line' id='line_1_72' title="bbox 576 4266 2174 4342; baseline 0.001 -19"><span class='ocrx_word' id='word_1_583' title='bbox 576 4277 766 4324; x_wconf 78' lang='lat' dir='ltr'><strong>toritas</strong></span> <span class='ocrx_word' id='word_1_584' title='bbox 787 4269 875 4322; x_wconf 86' lang='lat' dir='ltr'><strong>sit.</strong></span> <span class='ocrx_word' id='word_1_585' title='bbox 902 4266 1009 4325; x_wconf 88' lang='lat' dir='ltr'><strong>Sed</strong></span> <span class='ocrx_word' id='word_1_586' title='bbox 1037 4270 1185 4324; x_wconf 88' lang='lat' dir='ltr'><strong>locus</strong></span> <span class='ocrx_word' id='word_1_587' title='bbox 1210 4268 1453 4324; x_wconf 69' lang='lat' dir='ltr'><strong>CCClCSiiC</strong></span> <span class='ocrx_word' id='word_1_588' title='bbox 1483 4267 1546 4342; x_wconf 88' lang='lat' dir='ltr'><strong>(i)</strong></span> <span class='ocrx_word' id='word_1_589' title='bbox 1572 4267 1618 4325; x_wconf 89' lang='lat' dir='ltr'><strong>si</strong></span> <span class='ocrx_word' id='word_1_590' title='bbox 1640 4269 1757 4335; x_wconf 84' lang='lat' dir='ltr'><strong>fuit,</strong></span> <span class='ocrx_word' id='word_1_591' title='bbox 1783 4278 1836 4327; x_wconf 86' lang='lat' dir='ltr'><strong>et</strong></span> <span class='ocrx_word' id='word_1_592' title='bbox 1855 4280 1969 4325; x_wconf 82' lang='lat' dir='ltr'><strong>est:</strong></span> <span class='ocrx_word' id='word_1_593' title='bbox 1996 4272 2042 4326; x_wconf 90' lang='lat' dir='ltr'><strong>si</strong></span> <span class='ocrx_word' id='word_1_594' title='bbox 2068 4287 2174 4327; x_wconf 91' lang='lat' dir='ltr'><strong>non</strong></span> 
     </span>
    </p>
   </div>
   <div class='ocr_carea' id='block_1_73' title="bbox 576 4359 2177 4431">
    <p class='ocr_par' dir='ltr' id='par_1_73' title="bbox 576 4359 2177 4431">
     <span class='ocr_line' id='line_1_73' title="bbox 576 4359 2177 4431; baseline 0.002 -16"><span class='ocrx_word' id='word_1_595' title='bbox 576 4369 678 4425; x_wconf 87' lang='lat' dir='ltr'><strong>est,</strong></span> <span class='ocrx_word' id='word_1_596' title='bbox 710 4377 809 4415; x_wconf 88' lang='lat' dir='ltr'><strong>nec</strong></span> <span class='ocrx_word' id='word_1_597' title='bbox 837 4359 954 4414; x_wconf 79' lang='lat' dir='ltr'><strong>fuit.</strong></span> <span class='ocrx_word' id='word_1_598' title='bbox 986 4360 1046 4415; x_wconf 88' lang='lat' dir='ltr'><strong>Et</strong></span> <span class='ocrx_word' id='word_1_599' title='bbox 1071 4360 1196 4431; x_wconf 90' lang='lat' dir='ltr'><strong>quid</strong></span> <span class='ocrx_word' id='word_1_600' title='bbox 1225 4359 1529 4431; x_wconf 82' lang='lat' dir='ltr'><strong>ambiguum</strong></span> <span class='ocrx_word' id='word_1_601' title='bbox 1553 4370 1657 4426; x_wconf 87' lang='lat' dir='ltr'><strong>est,</strong></span> <span class='ocrx_word' id='word_1_602' title='bbox 1686 4364 1782 4417; x_wconf 84' lang='lat' dir='ltr'><strong>hos</strong></span> <span class='ocrx_word' id='word_1_603' title='bbox 1810 4362 1987 4431; x_wconf 82' lang='lat' dir='ltr'><strong>potius</strong></span> <span class='ocrx_word' id='word_1_604' title='bbox 2016 4362 2177 4419; x_wconf 72' lang='lat' dir='ltr'><strong>falso-</strong></span> 
     </span>
    </p>
   </div>
   <div class='ocr_carea' id='block_1_74' title="bbox 578 4453 2173 4531">
    <p class='ocr_par' dir='ltr' id='par_1_74' title="bbox 578 4453 2173 4531">
     <span class='ocr_line' id='line_1_74' title="bbox 578 4453 2173 4531; baseline 0.002 -21"><span class='ocrx_word' id='word_1_605' title='bbox 578 4470 697 4511; x_wconf 89' lang='lat' dir='ltr'><strong>rum</strong></span> <span class='ocrx_word' id='word_1_606' title='bbox 725 4453 1011 4510; x_wconf 86' lang='lat' dir='ltr'><strong>criminum</strong></span> <span class='ocrx_word' id='word_1_607' title='bbox 1046 4454 1249 4510; x_wconf 91' lang='lat' dir='ltr'><strong>indices</strong></span> <span class='ocrx_word' id='word_1_608' title='bbox 1286 4453 1585 4510; x_wconf 87' lang='lat' dir='ltr'><strong>asseruisse</strong></span> <span class='ocrx_word' id='word_1_609' title='bbox 1615 4454 1814 4512; x_wconf 84' lang='lat' dir='ltr'><strong>factum</strong></span> <span class='ocrx_word' id='word_1_610' title='bbox 1845 4472 1966 4513; x_wconf 71' lang='lat' dir='ltr'><strong>esse</strong></span> <span class='ocrx_word' id='word_1_611' title='bbox 1987 4501 2000 4527; x_wconf 87' lang='lat'><strong>,</strong></span> <span class='ocrx_word' id='word_1_612' title='bbox 2031 4459 2173 4531; x_wconf 78' lang='lat' dir='ltr'><strong>quod</strong></span> 
     </span>
    </p>
   </div>
   <div class='ocr_carea' id='block_1_75' title="bbox 2276 3325 3864 3396">
    <p class='ocr_par' dir='ltr' id='par_1_75' title="bbox 2276 3325 3864 3396">
     <span class='ocr_line' id='line_1_75' title="bbox 2276 3325 3864 3396; baseline 0.001 -19"><span class='ocrx_word' id='word_1_613' title='bbox 2276 3325 2534 3379; x_wconf 87' lang='lat' dir='ltr'><strong>munione</strong></span> <span class='ocrx_word' id='word_1_614' title='bbox 2571 3325 2953 3382; x_wconf 88' lang='lat' dir='ltr'><strong>reverentiam.</strong></span> <span class='ocrx_word' id='word_1_615' title='bbox 2995 3326 3101 3381; x_wconf 84' lang='lat' dir='ltr'><strong>Sed</strong></span> <span class='ocrx_word' id='word_1_616' title='bbox 3131 3327 3407 3396; x_wconf 87' lang='lat' dir='ltr'><strong>ignorasse</strong></span> <span class='ocrx_word' id='word_1_617' title='bbox 3445 3341 3542 3381; x_wconf 86' lang='lat' dir='ltr'><strong>vos</strong></span> <span class='ocrx_word' id='word_1_618' title='bbox 3582 3325 3864 3396; x_wconf 77' lang='lat' dir='ltr'><strong>negabitis,</strong></span> 
     </span>
    </p>
   </div>
   <div class='ocr_carea' id='block_1_76' title="bbox 2275 3418 3863 3490">
    <p class='ocr_par' dir='ltr' id='par_1_76' title="bbox 2275 3418 3863 3490">
     <span class='ocr_line' id='line_1_76' title="bbox 2275 3418 3863 3490; baseline -0.002 -15"><span class='ocrx_word' id='word_1_619' title='bbox 2275 3418 2596 3486; x_wconf 77' lang='lat' dir='ltr'><strong>Athanasio,</strong></span> <span class='ocrx_word' id='word_1_620' title='bbox 2619 3421 2774 3490; x_wconf 86' lang='lat' dir='ltr'><strong>cujus</strong></span> <span class='ocrx_word' id='word_1_621' title='bbox 2798 3420 3201 3476; x_wconf 85' lang='lat' dir='ltr'><strong>damnationem</strong></span> <span class='ocrx_word' id='word_1_622' title='bbox 3229 3434 3260 3474; x_wconf 89' lang='lat' dir='ltr'><strong>a</strong></span> <span class='ocrx_word' id='word_1_623' title='bbox 3286 3418 3437 3475; x_wconf 81' lang='lat' dir='ltr'><strong>vobis</strong></span> <span class='ocrx_word' id='word_1_624' title='bbox 3468 3418 3691 3486; x_wconf 74' lang='lat' dir='ltr'><strong>Valens,</strong></span> <span class='ocrx_word' id='word_1_625' title='bbox 3719 3418 3863 3475; x_wconf 83' lang='lat' dir='ltr'><strong>Ursa-</strong></span> 
     </span>
    </p>
   </div>
   <div class='ocr_carea' id='block_1_77' title="bbox 2274 3510 3870 3585">
    <p class='ocr_par' dir='ltr' id='par_1_77' title="bbox 2274 3510 3870 3585">
     <span class='ocr_line' id='line_1_77' title="bbox 2274 3510 3870 3585; baseline -0.004 -15"><span class='ocrx_word' id='word_1_626' title='bbox 2274 3515 2422 3579; x_wconf 85' lang='lat' dir='ltr'><strong>cins,</strong></span> <span class='ocrx_word' id='word_1_627' title='bbox 2451 3516 2774 3571; x_wconf 85' lang='lat' dir='ltr'><strong>Saturninus</strong></span> <span class='ocrx_word' id='word_1_628' title='bbox 2797 3514 3047 3585; x_wconf 76' lang='lat' dir='ltr'><strong>exigunt,</strong></span> <span class='ocrx_word' id='word_1_629' title='bbox 3077 3514 3147 3569; x_wconf 86' lang='lat' dir='ltr'><strong>ab</strong></span> <span class='ocrx_word' id='word_1_630' title='bbox 3171 3512 3363 3580; x_wconf 81' lang='lat' dir='ltr'><strong>Ossio,</strong></span> <span class='ocrx_word' id='word_1_631' title='bbox 3396 3510 3711 3580; x_wconf 74' lang='lat' dir='ltr'><strong>Maximino,</strong></span> <span class='ocrx_word' id='word_1_632' title='bbox 3738 3511 3870 3568; x_wconf 73' lang='lat' dir='ltr'><strong>iulio</strong></span> 
     </span>
    </p>
   </div>
   <div class='ocr_carea' id='block_1_78' title="bbox 2277 3605 3868 3676">
    <p class='ocr_par' dir='ltr' id='par_1_78' title="bbox 2277 3605 3868 3676">
     <span class='ocr_line' id='line_1_78' title="bbox 2277 3605 3868 3676; baseline -0.002 -12"><span class='ocrx_word' id='word_1_633' title='bbox 2277 3606 2544 3664; x_wconf 82' lang='lat' dir='ltr'><strong>redditam</strong></span> <span class='ocrx_word' id='word_1_634' title='bbox 2570 3608 3047 3664; x_wconf 80' lang='lat' dir='ltr'><strong>communionem?</strong></span> <span class='ocrx_word' id='word_1_635' title='bbox 3070 3607 3186 3664; x_wconf 82' lang='lat' dir='ltr'><strong>Non</strong></span> <span class='ocrx_word' id='word_1_636' title='bbox 3215 3605 3357 3663; x_wconf 90' lang='lat' dir='ltr'><strong>facio</strong></span> <span class='ocrx_word' id='word_1_637' title='bbox 3384 3608 3868 3676; x_wconf 88' lang='lat' dir='ltr'><strong>comparationem:</strong></span> 
     </span>
    </p>
   </div>
   <div class='ocr_carea' id='block_1_79' title="bbox 2280 3700 3873 3773">
    <p class='ocr_par' dir='ltr' id='par_1_79' title="bbox 2280 3700 3873 3773">
     <span class='ocr_line' id='line_1_79' title="bbox 2280 3700 3873 3773; baseline -0.004 -14"><span class='ocrx_word' id='word_1_638' title='bbox 2280 3717 2431 3773; x_wconf 80' lang='lat' dir='ltr'><strong>rogo,</strong></span> <span class='ocrx_word' id='word_1_639' title='bbox 2456 3718 2581 3773; x_wconf 67' lang='lat' dir='ltr'><strong>qum</strong></span> <span class='ocrx_word' id='word_1_640' title='bbox 2601 3702 2669 3757; x_wconf 92' lang='lat' dir='ltr'><strong>dc</strong></span> <span class='ocrx_word' id='word_1_641' title='bbox 2694 3703 2920 3759; x_wconf 89' lang='lat' dir='ltr'><strong>crimine</strong></span> <span class='ocrx_word' id='word_1_642' title='bbox 2940 3702 3219 3759; x_wconf 82' lang='lat' dir='ltr'><strong>Athanasii</strong></span> <span class='ocrx_word' id='word_1_643' title='bbox 3244 3709 3424 3758; x_wconf 81' lang='lat' dir='ltr'><strong>vestra</strong></span> <span class='ocrx_word' id='word_1_644' title='bbox 3449 3700 3719 3758; x_wconf 84' lang='lat' dir='ltr'><strong>sententia</strong></span> <span class='ocrx_word' id='word_1_645' title='bbox 3742 3700 3873 3756; x_wconf 72' lang='lat' dir='ltr'><strong>fuit!</strong></span> 
     </span>
    </p>
   </div>
   <div class='ocr_carea' id='block_1_80' title="bbox 2280 3795 3873 3869">
    <p class='ocr_par' dir='ltr' id='par_1_80' title="bbox 2280 3795 3873 3869">
     <span class='ocr_line' id='line_1_80' title="bbox 2280 3795 3873 3869; baseline -0.001 -17"><span class='ocrx_word' id='word_1_646' title='bbox 2280 3796 2574 3869; x_wconf 87' lang='lat' dir='ltr'><strong>Presbyter</strong></span> <span class='ocrx_word' id='word_1_647' title='bbox 2598 3797 2717 3868; x_wconf 75' lang='lat' dir='ltr'><strong>ejus</strong></span> <span class='ocrx_word' id='word_1_648' title='bbox 2748 3795 3050 3853; x_wconf 74' lang='lat' dir='ltr'><strong>Macharins</strong></span> <span class='ocrx_word' id='word_1_649' title='bbox 3078 3796 3303 3853; x_wconf 86' lang='lat' dir='ltr'><strong>irruisse</strong></span> <span class='ocrx_word' id='word_1_650' title='bbox 3344 3798 3396 3851; x_wconf 92' lang='lat' dir='ltr'><strong>in</strong></span> <span class='ocrx_word' id='word_1_651' title='bbox 3435 3795 3725 3853; x_wconf 78' lang='lat' dir='ltr'><strong>ecclesiam</strong></span> <span class='ocrx_word' id='word_1_652' title='bbox 3764 3797 3873 3854; x_wconf 57' lang='lat' dir='ltr'><strong>Ma-</strong></span> 
     </span>
    </p>
   </div>
   <div class='ocr_carea' id='block_1_81' title="bbox 2280 3891 3871 3965">
    <p class='ocr_par' dir='ltr' id='par_1_81' title="bbox 2280 3891 3871 3965">
     <span class='ocr_line' id='line_1_81' title="bbox 2280 3891 3871 3965; baseline 0.001 -20"><span class='ocrx_word' id='word_1_653' title='bbox 2280 3892 2543 3947; x_wconf 79' lang='lat' dir='ltr'><strong>rentidem</strong></span> <span class='ocrx_word' id='word_1_654' title='bbox 2574 3891 2790 3956; x_wconf 90' lang='lat' dir='ltr'><strong>dicitur.</strong></span> <span class='ocrx_word' id='word_1_655' title='bbox 2822 3892 3049 3965; x_wconf 89' lang='lat' dir='ltr'><strong>Scyrum</strong></span> <span class='ocrx_word' id='word_1_656' title='bbox 3083 3892 3454 3964; x_wconf 87' lang='lat' dir='ltr'><strong>presbyterum</strong></span> <span class='ocrx_word' id='word_1_657' title='bbox 3498 3892 3839 3964; x_wconf 85' lang='lat' dir='ltr'><strong>perturbasse</strong></span> <span class='ocrx_word' id='word_1_658' title='bbox 3858 3931 3871 3953; x_wconf 90' lang='lat'><strong>.</strong></span> 
     </span>
    </p>
   </div>
   <div class='ocr_carea' id='block_1_82' title="bbox 2279 3983 3873 4056">
    <p class='ocr_par' dir='ltr' id='par_1_82' title="bbox 2279 3983 3873 4056">
     <span class='ocr_line' id='line_1_82' title="bbox 2279 3983 3873 4056; baseline -0.003 -14"><span class='ocrx_word' id='word_1_659' title='bbox 2279 3996 2331 4042; x_wconf 88' lang='lat' dir='ltr'><strong>et</strong></span> <span class='ocrx_word' id='word_1_660' title='bbox 2359 3985 2550 4041; x_wconf 89' lang='lat' dir='ltr'><strong>salutis</strong></span> <span class='ocrx_word' id='word_1_661' title='bbox 2577 3998 2778 4044; x_wconf 71' lang='lat' dir='ltr'><strong>nostra:</strong></span> <span class='ocrx_word' id='word_1_662' title='bbox 2802 3996 3138 4044; x_wconf 86' lang='lat' dir='ltr'><strong>sacramenta</strong></span> <span class='ocrx_word' id='word_1_663' title='bbox 3169 3987 3494 4056; x_wconf 79' lang='lat' dir='ltr'><strong>projecisse:</strong></span> <span class='ocrx_word' id='word_1_664' title='bbox 3519 3986 3588 4040; x_wconf 91' lang='lat' dir='ltr'><strong>ad</strong></span> <span class='ocrx_word' id='word_1_665' title='bbox 3620 3986 3780 4056; x_wconf 83' lang='lat' dir='ltr'><strong>hujus</strong></span> <span class='ocrx_word' id='word_1_666' title='bbox 3802 3983 3873 4039; x_wconf 88' lang='lat' dir='ltr'><strong>rci</strong></span> 
     </span>
    </p>
   </div>
   <div class='ocr_carea' id='block_1_83' title="bbox 2282 4077 3876 4153">
    <p class='ocr_par' dir='ltr' id='par_1_83' title="bbox 2282 4077 3876 4153">
     <span class='ocr_line' id='line_1_83' title="bbox 2282 4077 3876 4153; baseline 0 -20"><span class='ocrx_word' id='word_1_667' title='bbox 2282 4088 2450 4134; x_wconf 83' lang='lat' dir='ltr'><strong>testes</strong></span> <span class='ocrx_word' id='word_1_668' title='bbox 2486 4079 2933 4137; x_wconf 86' lang='lat' dir='ltr'><strong>cathecumenum</strong></span> <span class='ocrx_word' id='word_1_669' title='bbox 2972 4088 3027 4137; x_wconf 89' lang='lat' dir='ltr'><strong>et</strong></span> <span class='ocrx_word' id='word_1_670' title='bbox 3064 4080 3320 4153; x_wconf 89' lang='lat' dir='ltr'><strong>gentilem</strong></span> <span class='ocrx_word' id='word_1_671' title='bbox 3366 4082 3749 4151; x_wconf 83' lang='lat' dir='ltr'><strong>interrogatos.</strong></span> <span class='ocrx_word' id='word_1_672' title='bbox 3782 4077 3876 4133; x_wconf 75' lang='lat' dir='ltr'><strong>Vc-</strong></span> 
     </span>
    </p>
   </div>
   <div class='ocr_carea' id='block_1_84' title="bbox 2282 4174 3875 4248">
    <p class='ocr_par' dir='ltr' id='par_1_84' title="bbox 2282 4174 3875 4248">
     <span class='ocr_line' id='line_1_84' title="bbox 2282 4174 3875 4248; baseline -0.003 -17"><span class='ocrx_word' id='word_1_673' title='bbox 2282 4192 2399 4231; x_wconf 89' lang='lat' dir='ltr'><strong>rnm</strong></span> <span class='ocrx_word' id='word_1_674' title='bbox 2432 4187 2612 4247; x_wconf 86' lang='lat' dir='ltr'><strong>postea</strong></span> <span class='ocrx_word' id='word_1_675' title='bbox 2641 4192 2669 4231; x_wconf 90' lang='lat' dir='ltr'><strong>a</strong></span> <span class='ocrx_word' id='word_1_676' title='bbox 2699 4177 2902 4231; x_wconf 88' lang='lat' dir='ltr'><strong>sanctis</strong></span> <span class='ocrx_word' id='word_1_677' title='bbox 2929 4175 3206 4247; x_wconf 82' lang='lat' dir='ltr'><strong>(Sardicac</strong></span> <span class='ocrx_word' id='word_1_678' title='bbox 3235 4174 3614 4248; x_wconf 79' lang='lat' dir='ltr'><strong>congregatis)</strong></span> <span class='ocrx_word' id='word_1_679' title='bbox 3663 4174 3875 4233; x_wconf 88' lang='lat' dir='ltr'><strong>nescitis</strong></span> 
     </span>
    </p>
   </div>
   <div class='ocr_carea' id='block_1_85' title="bbox 2277 4269 3872 4345">
    <p class='ocr_par' dir='ltr' id='par_1_85' title="bbox 2277 4269 3872 4345">
     <span class='ocr_line' id='line_1_85' title="bbox 2277 4269 3872 4345; baseline -0.003 -20"><span class='ocrx_word' id='word_1_680' title='bbox 2277 4270 2576 4345; x_wconf 74' lang='lat' dir='ltr'><strong>judicatum</strong></span> <span class='ocrx_word' id='word_1_681' title='bbox 2615 4270 2789 4343; x_wconf 78' lang='lat' dir='ltr'><strong>(adde,</strong></span> <span class='ocrx_word' id='word_1_682' title='bbox 2813 4269 2990 4342; x_wconf 87' lang='lat' dir='ltr'><strong>apud)</strong></span> <span class='ocrx_word' id='word_1_683' title='bbox 3043 4271 3338 4329; x_wconf 83' lang='lat' dir='ltr'><strong>Marcotem</strong></span> <span class='ocrx_word' id='word_1_684' title='bbox 3359 4269 3649 4327; x_wconf 79' lang='lat' dir='ltr'><strong>ecclesiam</strong></span> <span class='ocrx_word' id='word_1_685' title='bbox 3674 4269 3872 4335; x_wconf 77' lang='lat' dir='ltr'><strong>nullam</strong></span> 
     </span>
    </p>
   </div>
   <div class='ocr_carea' id='block_1_86' title="bbox 2281 4360 3870 4434">
    <p class='ocr_par' dir='ltr' id='par_1_86' title="bbox 2281 4360 3870 4434">
     <span class='ocr_line' id='line_1_86' title="bbox 2281 4360 3870 4434; baseline 0 -14"><span class='ocrx_word' id='word_1_686' title='bbox 2281 4380 2436 4431; x_wconf 81' lang='lat' dir='ltr'><strong>esse;</strong></span> <span class='ocrx_word' id='word_1_687' title='bbox 2462 4364 2690 4434; x_wconf 85' lang='lat' dir='ltr'><strong>Scyrum</strong></span> <span class='ocrx_word' id='word_1_688' title='bbox 2712 4378 2843 4420; x_wconf 84' lang='lat' dir='ltr'><strong>vero</strong></span> <span class='ocrx_word' id='word_1_689' title='bbox 2865 4362 3241 4433; x_wconf 79' lang='lat' dir='ltr'><strong>presbyterum</strong></span> <span class='ocrx_word' id='word_1_690' title='bbox 3264 4378 3373 4419; x_wconf 82' lang='lat' dir='ltr'><strong>nou</strong></span> <span class='ocrx_word' id='word_1_691' title='bbox 3391 4361 3599 4419; x_wconf 77' lang='lat' dir='ltr'><strong>fuisse?</strong></span> <span class='ocrx_word' id='word_1_692' title='bbox 3617 4360 3756 4430; x_wconf 86' lang='lat' dir='ltr'><strong>Quid</strong></span> <span class='ocrx_word' id='word_1_693' title='bbox 3775 4367 3870 4420; x_wconf 76' lang='lat' dir='ltr'><strong>est.</strong></span> 
     </span>
    </p>
   </div>
   <div class='ocr_carea' id='block_1_87' title="bbox 2281 4452 3872 4528">
    <p class='ocr_par' dir='ltr' id='par_1_87' title="bbox 2281 4452 3872 4528">
     <span class='ocr_line' id='line_1_87' title="bbox 2281 4452 3872 4528; baseline -0.004 -15"><span class='ocrx_word' id='word_1_694' title='bbox 2281 4458 2425 4528; x_wconf 85' lang='lat' dir='ltr'><strong>quod</strong></span> <span class='ocrx_word' id='word_1_695' title='bbox 2448 4456 2619 4515; x_wconf 87' lang='lat' dir='ltr'><strong>secuti</strong></span> <span class='ocrx_word' id='word_1_696' title='bbox 2644 4457 2809 4515; x_wconf 78' lang='lat' dir='ltr'><strong>estis?</strong></span> <span class='ocrx_word' id='word_1_697' title='bbox 2830 4456 3005 4517; x_wconf 77' lang='lat' dir='ltr'><strong>Falsis</strong></span> <span class='ocrx_word' id='word_1_698' title='bbox 3029 4457 3297 4528; x_wconf 83' lang='lat' dir='ltr'><strong>episcopis</strong></span> <span class='ocrx_word' id='word_1_699' title='bbox 3323 4456 3697 4513; x_wconf 78' lang='lat' dir='ltr'><strong>auctoritatem</strong></span> <span class='ocrx_word' id='word_1_700' title='bbox 3718 4452 3872 4518; x_wconf 86' lang='lat' dir='ltr'><strong>datis,</strong></span> 
     </span>
    </p>
   </div>
   <div class='ocr_carea' id='block_1_88' title="bbox 653 4637 3871 4717">
    <p class='ocr_par' dir='ltr' id='par_1_88' title="bbox 653 4637 3871 4717">
     <span class='ocr_line' id='line_1_88' title="bbox 653 4637 3871 4717; baseline 0.002 -19"><span class='ocrx_word' id='word_1_701' title='bbox 653 4645 731 4717; x_wconf 84' lang='lat' dir='ltr'><strong>(a)</strong></span> <span class='ocrx_word' id='word_1_702' title='bbox 765 4643 904 4717; x_wconf 85' lang='lat' dir='ltr'><strong>Pith.</strong></span> <span class='ocrx_word' id='word_1_703' title='bbox 954 4658 1080 4708; x_wconf 88' lang='lat' dir='ltr'><strong>ms.,</strong></span> <span class='ocrx_word' id='word_1_704' title='bbox 1125 4641 1302 4717; x_wconf 73' lang='lat' dir='ltr'><strong>Caius.</strong></span> <span class='ocrx_word' id='word_1_705' title='bbox 1358 4638 1550 4707; x_wconf 88' lang='lat' dir='ltr'><strong>Labb.,</strong></span> <span class='ocrx_word' id='word_1_706' title='bbox 1605 4637 1792 4698; x_wconf 84' lang='lat' dir='ltr'><strong>Calvus</strong></span> <span class='ocrx_word' id='word_1_707' title='bbox 1832 4658 1863 4695; x_wconf 92' lang='lat' dir='ltr'><strong>a</strong></span> <span class='ocrx_word' id='word_1_708' title='bbox 1895 4640 2061 4703; x_wconf 75' lang='lat' dir='ltr'><strong>Dacia</strong></span> <span class='ocrx_word' id='word_1_709' title='bbox 2099 4644 2576 4717; x_wconf 80' lang='lat' dir='ltr'><strong>ri-Djactitabat.</strong></span> <span class='ocrx_word' id='word_1_710' title='bbox 2631 4643 2909 4701; x_wconf 82' lang='lat' dir='ltr'><strong>Mareotici</strong></span> <span class='ocrx_word' id='word_1_711' title='bbox 2962 4654 3142 4700; x_wconf 89' lang='lat' dir='ltr'><strong>autem</strong></span> <span class='ocrx_word' id='word_1_712' title='bbox 3197 4645 3499 4717; x_wconf 87' lang='lat' dir='ltr'><strong>presbyteri</strong></span> <span class='ocrx_word' id='word_1_713' title='bbox 3549 4663 3615 4705; x_wconf 89' lang='lat' dir='ltr'><strong>ac</strong></span> <span class='ocrx_word' id='word_1_714' title='bbox 3667 4647 3871 4704; x_wconf 75' lang='lat' dir='ltr'><strong>diaconi</strong></span> 
     </span>
    </p>
   </div>
   <div class='ocr_carea' id='block_1_89' title="bbox 579 4715 1236 4789">
    <p class='ocr_par' dir='ltr' id='par_1_89' title="bbox 579 4715 1236 4789">
     <span class='ocr_line' id='line_1_89' title="bbox 579 4715 1236 4789; baseline -0.008 -19"><span class='ocrx_word' id='word_1_715' title='bbox 579 4715 721 4789; x_wconf 74' lang='lat' dir='ltr'><strong>pensi</strong></span> <span class='ocrx_word' id='word_1_716' title='bbox 745 4716 807 4789; x_wconf 79' lang='lat' dir='ltr'><strong>de</strong></span> <span class='ocrx_word' id='word_1_717' title='bbox 834 4716 1010 4770; x_wconf 85' lang='lat' dir='ltr'><strong>Castra</strong></span> <span class='ocrx_word' id='word_1_718' title='bbox 1036 4715 1236 4769; x_wconf 85' lang='lat' dir='ltr'><strong>martis.</strong></span> 
     </span>
    </p>
   </div>
   <div class='ocr_carea' id='block_1_90' title="bbox 654 4784 2161 4860">
    <p class='ocr_par' dir='ltr' id='par_1_90' title="bbox 654 4784 2161 4860">
     <span class='ocr_line' id='line_1_90' title="bbox 654 4784 2161 4860; baseline 0.001 -19"><span class='ocrx_word' id='word_1_719' title='bbox 654 4789 727 4860; x_wconf 72' lang='grc' dir='ltr'><strong>(ὁ)</strong></span> <span class='ocrx_word' id='word_1_720' title='bbox 772 4786 861 4843; x_wconf 87' lang='lat' dir='ltr'><strong>Sic.</strong></span> <span class='ocrx_word' id='word_1_721' title='bbox 909 4802 989 4842; x_wconf 87' lang='lat' dir='ltr'><strong>ms</strong></span> <span class='ocrx_word' id='word_1_722' title='bbox 1050 4803 1115 4841; x_wconf 81' lang='lat' dir='ltr'><strong>ex</strong></span> <span class='ocrx_word' id='word_1_723' title='bbox 1158 4804 1265 4860; x_wconf 85' lang='lat' dir='ltr'><strong>quo</strong></span> <span class='ocrx_word' id='word_1_724' title='bbox 1292 4785 1549 4860; x_wconf 63' lang='lat' dir='ltr'><strong>vulgavit</strong></span> <span class='ocrx_word' id='word_1_725' title='bbox 1584 4784 1778 4860; x_wconf 81' lang='lat' dir='ltr'><strong>Faber,</strong></span> <span class='ocrx_word' id='word_1_726' title='bbox 1829 4784 1905 4860; x_wconf 84' lang='lat' dir='ltr'><strong>de_</strong></span> <span class='ocrx_word' id='word_1_727' title='bbox 1938 4786 2161 4845; x_wconf 79' lang='lat' dir='ltr'><strong>Putrois.</strong></span> 
     </span>
    </p>
   </div>
   <div class='ocr_carea' id='block_1_91' title="bbox 578 4855 2172 4929">
    <p class='ocr_par' dir='ltr' id='par_1_91' title="bbox 578 4855 2172 4929">
     <span class='ocr_line' id='line_1_91' title="bbox 578 4855 2172 4929; baseline -0.002 -12"><span class='ocrx_word' id='word_1_728' title='bbox 578 4855 748 4917; x_wconf 77' lang='lat' dir='ltr'><strong>Antea</strong></span> <span class='ocrx_word' id='word_1_729' title='bbox 781 4859 1062 4915; x_wconf 87' lang='lat' dir='ltr'><strong>mallemus</strong></span> <span class='ocrx_word' id='word_1_730' title='bbox 1101 4855 1429 4913; x_wconf 53' lang='lat' dir='ltr'><strong>ab&#39;AchuiaI</strong></span> <span class='ocrx_word' id='word_1_731' title='bbox 1451 4857 1608 4929; x_wconf 82' lang='lat' dir='ltr'><strong>Apud</strong></span> <span class='ocrx_word' id='word_1_732' title='bbox 1640 4857 1832 4924; x_wconf 84' lang='lat' dir='ltr'><strong>Labb.,</strong></span> <span class='ocrx_word' id='word_1_733' title='bbox 1863 4855 2172 4916; x_wconf 80' lang='lat' dir='ltr'><strong>Prostarcus</strong></span> 
     </span>
    </p>
   </div>
   <div class='ocr_carea' id='block_1_92' title="bbox 578 4928 1171 4986">
    <p class='ocr_par' dir='ltr' id='par_1_92' title="bbox 578 4928 1171 4986">
     <span class='ocr_line' id='line_1_92' title="bbox 578 4928 1171 4986; baseline -0.002 0"><span class='ocrx_word' id='word_1_734' title='bbox 578 4934 642 4986; x_wconf 86' lang='lat' dir='ltr'><strong>ab</strong></span> <span class='ocrx_word' id='word_1_735' title='bbox 674 4932 866 4985; x_wconf 78' lang='lat' dir='ltr'><strong>Acltuin</strong></span> <span class='ocrx_word' id='word_1_736' title='bbox 892 4934 952 4984; x_wconf 86' lang='lat' dir='ltr'><strong>dc</strong></span> <span class='ocrx_word' id='word_1_737' title='bbox 980 4928 1171 4985; x_wconf 84' lang='lat' dir='ltr'><strong>Patris.</strong></span> 
     </span>
    </p>
   </div>
   <div class='ocr_carea' id='block_1_93' title="bbox 654 5001 2171 5086">
    <p class='ocr_par' dir='ltr' id='par_1_93' title="bbox 654 5001 2171 5086">
     <span class='ocr_line' id='line_1_93' title="bbox 654 5001 2171 5086; baseline -0.001 -29"><span class='ocrx_word' id='word_1_738' title='bbox 654 5003 1171 5086; x_wconf 37' lang='lat' dir='ltr'><strong>(c)‘Antanuen&#39;s‘ium</strong></span> <span class='ocrx_word' id='word_1_739' title='bbox 1204 5002 1587 5086; x_wconf 72' lang='lat' dir='ltr'><strong>lapsu__editum</strong></span> <span class='ocrx_word' id='word_1_740' title='bbox 1620 5013 1738 5086; x_wconf 80' lang='lat' dir='ltr'><strong>erat</strong></span> <span class='ocrx_word' id='word_1_741' title='bbox 1769 5001 1921 5057; x_wconf 78' lang='lat' dir='ltr'><strong>Arius</strong></span> <span class='ocrx_word' id='word_1_742' title='bbox 1949 5003 2011 5056; x_wconf 85' lang='lat' dir='ltr'><strong>ab</strong></span> <span class='ocrx_word' id='word_1_743' title='bbox 2038 5002 2171 5086; x_wconf 74' lang='lat' dir='ltr'><strong>Ara-</strong></span> 
     </span>
    </p>
   </div>
   <div class='ocr_carea' id='block_1_94' title="bbox 576 5072 2175 5206">
    <p class='ocr_par' dir='ltr' id='par_1_94' title="bbox 576 5072 2175 5206">
     <span class='ocr_line' id='line_1_94' title="bbox 576 5072 2175 5206; baseline 0 -77"><span class='ocrx_word' id='word_1_744' title='bbox 576 5072 681 5206; x_wconf 58' lang='lat' dir='ltr'><strong>gio,</strong></span> <span class='ocrx_word' id='word_1_745' title='bbox 708 5072 936 5131; x_wconf 45' lang='lat' dir='ltr'><strong>&#39;Astarus</strong></span> <span class='ocrx_word' id='word_1_746' title='bbox 961 5092 993 5127; x_wconf 89' lang='lat' dir='ltr'><strong>a</strong></span> <span class='ocrx_word' id='word_1_747' title='bbox 1016 5072 1315 5199; x_wconf 46' lang='lat' dir='ltr'><strong>guttatim.</strong></span> <span class='ocrx_word' id='word_1_748' title='bbox 1352 5076 1550 5130; x_wconf 70' lang='lat' dir='ltr'><strong>[iurum</strong></span> <span class='ocrx_word' id='word_1_749' title='bbox 1565 5077 1941 5147; x_wconf 77' lang='lat' dir='ltr'><strong>episcoporum</strong></span> <span class='ocrx_word' id='word_1_750' title='bbox 1974 5076 2175 5130; x_wconf 87' lang='lat' dir='ltr'><strong>mentio</strong></span> 
     </span>
     <span class='ocr_line' id='line_1_95' title="bbox 620 5161 1087 5206; baseline -0.013 -2"><span class='ocrx_word' id='word_1_751' title='bbox 620 5162 823 5206; x_wconf 84' lang='lat' dir='ltr'><strong>tsnpra</strong></span> <span class='ocrx_word' id='word_1_752' title='bbox 861 5161 1008 5201; x_wconf 88' lang='lat' dir='ltr'><strong>nttm.</strong></span> <span class='ocrx_word' id='word_1_753' title='bbox 1074 5187 1087 5199; x_wconf 93' lang='lat'><strong>.</strong></span> 
     </span>
    </p>
   </div>
   <div class='ocr_carea' id='block_1_95' title="bbox 710 5164 1087 5200">
    <p class='ocr_par' dir='ltr' id='par_1_95' title="bbox 710 5164 1087 5200">
     <span class='ocr_line' id='line_1_96' title="bbox 710 5164 1087 5200; baseline -0.003 0"><span class='ocrx_word' id='word_1_754' title='bbox 710 5164 823 5200; x_wconf 73' lang='lat' dir='ltr'><strong>lDl&#39;il</strong></span> <span class='ocrx_word' id='word_1_755' title='bbox 861 5164 1008 5200; x_wconf 89' lang='lat' dir='ltr'><strong>num.</strong></span> <span class='ocrx_word' id='word_1_756' title='bbox 1043 5164 1062 5199; x_wconf 84' lang='grc' dir='ltr'><strong><em>Ι</em></strong></span> <span class='ocrx_word' id='word_1_757' title='bbox 1074 5187 1087 5199; x_wconf 89' lang='grc'><strong>.</strong></span> 
     </span>
    </p>
   </div>
   <div class='ocr_carea' id='block_1_96' title="bbox 620 5161 2177 5292">
    <p class='ocr_par' dir='ltr' id='par_1_96' title="bbox 620 5161 2177 5292">
     <span class='ocr_line' id='line_1_97' title="bbox 620 5161 1087 5218; baseline -0.013 -14"><span class='ocrx_word' id='word_1_758' title='bbox 620 5162 823 5218; x_wconf 88' lang='lat' dir='ltr'><strong>tsnpra</strong></span> <span class='ocrx_word' id='word_1_759' title='bbox 861 5161 1008 5201; x_wconf 90' lang='lat' dir='ltr'><strong>num.</strong></span> <span class='ocrx_word' id='word_1_760' title='bbox 1043 5161 1087 5199; x_wconf 83' lang='grc' dir='ltr'><strong>ι.</strong></span> 
     </span>
     <span class='ocr_line' id='line_1_98' title="bbox 649 5215 2177 5292; baseline 0.001 -18"><span class='ocrx_word' id='word_1_761' title='bbox 649 5223 725 5292; x_wconf 88' lang='lat' dir='ltr'><strong>(d)</strong></span> <span class='ocrx_word' id='word_1_762' title='bbox 758 5221 812 5274; x_wconf 89' lang='lat' dir='ltr'><strong>In</strong></span> <span class='ocrx_word' id='word_1_763' title='bbox 847 5235 946 5274; x_wconf 90' lang='lat' dir='ltr'><strong>ms.</strong></span> <span class='ocrx_word' id='word_1_764' title='bbox 979 5219 1141 5284; x_wconf 84' lang='lat' dir='ltr'><strong>Pitti.,</strong></span> <span class='ocrx_word' id='word_1_765' title='bbox 1175 5215 1356 5274; x_wconf 62' lang='grc' dir='ltr'><strong>ϐοείας</strong></span> <span class='ocrx_word' id='word_1_766' title='bbox 1380 5220 1443 5273; x_wconf 87' lang='lat' dir='ltr'><strong>ab</strong></span> <span class='ocrx_word' id='word_1_767' title='bbox 1471 5216 1859 5275; x_wconf 78' lang='lat' dir='ltr'><strong>Acacias.&#39;l‘nm</strong></span> <span class='ocrx_word' id='word_1_768' title='bbox 1890 5218 2082 5290; x_wconf 88' lang='lat' dir='ltr'><strong>Sirm.,</strong></span> <span class='ocrx_word' id='word_1_769' title='bbox 2112 5220 2177 5275; x_wconf 86' lang='lat' dir='ltr'><strong>de</strong></span> 
     </span>
    </p>
   </div>
   <div class='ocr_carea' id='block_1_97' title="bbox 576 5292 972 5363">
    <p class='ocr_par' dir='ltr' id='par_1_97' title="bbox 576 5292 972 5363">
     <span class='ocr_line' id='line_1_99' title="bbox 576 5292 972 5363; baseline -0.005 -10"><span class='ocrx_word' id='word_1_770' title='bbox 576 5292 972 5363; x_wconf 76' lang='lat' dir='ltr'><strong>Asaspofcebiis.</strong></span> 
     </span>
    </p>
   </div>
   <div class='ocr_carea' id='block_1_98' title="bbox 656 5361 2174 5443">
    <p class='ocr_par' dir='ltr' id='par_1_98' title="bbox 656 5361 2174 5443">
     <span class='ocr_line' id='line_1_100' title="bbox 656 5361 2174 5443; baseline -0.002 -22"><span class='ocrx_word' id='word_1_771' title='bbox 656 5361 726 5443; x_wconf 77' lang='grc' dir='ltr'><strong>(ε)</strong></span> <span class='ocrx_word' id='word_1_772' title='bbox 769 5361 904 5443; x_wconf 81' lang='lat' dir='ltr'><strong>Infra</strong></span> <span class='ocrx_word' id='word_1_773' title='bbox 938 5363 1155 5443; x_wconf 64' lang='lat' dir='ltr'><strong>Er.ignt._</strong></span> <span class='ocrx_word' id='word_1_774' title='bbox 1188 5378 1263 5443; x_wconf 78' lang='lat' dir='ltr'><strong>ut,</strong></span> <span class='ocrx_word' id='word_1_775' title='bbox 1292 5378 1347 5417; x_wconf 93' lang='lat' dir='ltr'><strong>n.</strong></span> <span class='ocrx_word' id='word_1_776' title='bbox 1380 5361 1472 5429; x_wconf 71' lang='lat' dir='ltr'><strong>2t),</strong></span> <span class='ocrx_word' id='word_1_777' title='bbox 1516 5362 1721 5418; x_wconf 90' lang='lat' dir='ltr'><strong>mentio</strong></span> <span class='ocrx_word' id='word_1_778' title='bbox 1754 5364 1814 5417; x_wconf 88' lang='lat' dir='ltr'><strong>lit</strong></span> <span class='ocrx_word' id='word_1_779' title='bbox 1844 5364 2081 5437; x_wconf 81' lang='lat' dir='ltr'><strong>Dionysii</strong></span> <span class='ocrx_word' id='word_1_780' title='bbox 2108 5363 2174 5418; x_wconf 71' lang='lat' dir='ltr'><strong>ab</strong></span> 
     </span>
    </p>
   </div>
   <div class='ocr_carea' id='block_1_99' title="bbox 575 5435 1287 5508">
    <p class='ocr_par' dir='ltr' id='par_1_99' title="bbox 575 5435 1287 5508">
     <span class='ocr_line' id='line_1_101' title="bbox 575 5435 1287 5508; baseline -0.015 -10"><span class='ocrx_word' id='word_1_781' title='bbox 575 5435 727 5498; x_wconf 70' lang='lat' dir='ltr'><strong>Elicit</strong></span> <span class='ocrx_word' id='word_1_782' title='bbox 748 5438 1022 5508; x_wconf 75' lang='lat' dir='ltr'><strong>provincia:</strong></span> <span class='ocrx_word' id='word_1_783' title='bbox 1052 5435 1287 5508; x_wconf 30' lang='lat' dir='ltr'><strong>’Acltaiat.</strong></span> 
     </span>
    </p>
   </div>
   <div class='ocr_carea' id='block_1_100' title="bbox 647 5506 1889 5583">
    <p class='ocr_par' dir='ltr' id='par_1_100' title="bbox 647 5506 1889 5583">
     <span class='ocr_line' id='line_1_102' title="bbox 647 5506 1889 5583; baseline -0.008 -18"><span class='ocrx_word' id='word_1_784' title='bbox 647 5512 729 5583; x_wconf 80' lang='lat' dir='ltr'><strong>(f)</strong></span> <span class='ocrx_word' id='word_1_785' title='bbox 749 5506 831 5565; x_wconf 35' lang='lat' dir='ltr'><strong>‘lta</strong></span> <span class='ocrx_word' id='word_1_786' title='bbox 856 5526 923 5565; x_wconf 79' lang='lat' dir='ltr'><strong>ex</strong></span> <span class='ocrx_word' id='word_1_787' title='bbox 950 5507 1115 5583; x_wconf 84' lang='lat' dir='ltr'><strong>Sirm.</strong></span> <span class='ocrx_word' id='word_1_788' title='bbox 1145 5507 1291 5583; x_wconf 70' lang='lat' dir='ltr'><strong>Alias</strong></span> <span class='ocrx_word' id='word_1_789' title='bbox 1319 5522 1468 5570; x_wconf 86' lang='lat' dir='ltr'><strong>vero,</strong></span> <span class='ocrx_word' id='word_1_790' title='bbox 1495 5507 1560 5559; x_wconf 80' lang='lat' dir='ltr'><strong>At</strong></span> <span class='ocrx_word' id='word_1_791' title='bbox 1587 5506 1649 5583; x_wconf 64' lang='lat' dir='ltr'><strong>de</strong></span> <span class='ocrx_word' id='word_1_792' title='bbox 1673 5506 1889 5583; x_wconf 61' lang='lat' dir='ltr'><strong>origine,</strong></span> 
     </span>
    </p>
   </div>
   <div class='ocr_carea' id='block_1_101' title="bbox 649 5512 2171 5653">
    <p class='ocr_par' dir='ltr' id='par_1_101' title="bbox 649 5512 2171 5653">
     <span class='ocr_line' id='line_1_103' title="bbox 649 5512 2039 5583; baseline -0.004 -19"><span class='ocrx_word' id='word_1_793' title='bbox 649 5513 702 5583; x_wconf 80' lang='lat' dir='ltr'><strong>(f</strong></span> <span class='ocrx_word' id='word_1_794' title='bbox 759 5512 831 5565; x_wconf 90' lang='lat' dir='ltr'><strong>lta</strong></span> <span class='ocrx_word' id='word_1_795' title='bbox 856 5526 923 5565; x_wconf 79' lang='lat' dir='ltr'><strong>ex</strong></span> <span class='ocrx_word' id='word_1_796' title='bbox 950 5512 1115 5563; x_wconf 87' lang='lat' dir='ltr'><strong>Sirnt.</strong></span> <span class='ocrx_word' id='word_1_797' title='bbox 1145 5512 1291 5562; x_wconf 76' lang='lat' dir='ltr'><strong>Alias</strong></span> <span class='ocrx_word' id='word_1_798' title='bbox 1319 5522 1468 5570; x_wconf 87' lang='lat' dir='ltr'><strong>vero,</strong></span> <span class='ocrx_word' id='word_1_799' title='bbox 1495 5512 1560 5559; x_wconf 83' lang='lat' dir='ltr'><strong>At</strong></span> <span class='ocrx_word' id='word_1_800' title='bbox 1587 5512 1649 5558; x_wconf 88' lang='lat' dir='ltr'><strong>de</strong></span> <span class='ocrx_word' id='word_1_801' title='bbox 1673 5512 1889 5578; x_wconf 79' lang='lat' dir='ltr'><strong>origine.</strong></span> <span class='ocrx_word' id='word_1_802' title='bbox 2033 5533 2039 5539; x_wconf 95' lang='lat'>-</span> 
     </span>
     <span class='ocr_line' id='line_1_104' title="bbox 649 5512 2171 5653; baseline -0.003 -16"><span class='ocrx_word' id='word_1_803' title='bbox 649 5512 729 5653; x_wconf 60' lang='lat' dir='ltr'><strong>(gi</strong></span> <span class='ocrx_word' id='word_1_804' title='bbox 764 5584 816 5637; x_wconf 93' lang='lat' dir='ltr'><strong>In</strong></span> <span class='ocrx_word' id='word_1_805' title='bbox 847 5596 915 5637; x_wconf 93' lang='lat' dir='ltr'><strong>eo</strong></span> <span class='ocrx_word' id='word_1_806' title='bbox 946 5581 1200 5635; x_wconf 88' lang='lat' dir='ltr'><strong>nimirum</strong></span> <span class='ocrx_word' id='word_1_807' title='bbox 1233 5580 1381 5653; x_wconf 71' lang='lat' dir='ltr'><strong>vico,</strong></span> <span class='ocrx_word' id='word_1_808' title='bbox 1414 5593 1573 5649; x_wconf 88' lang='lat' dir='ltr'><strong>quem</strong></span> <span class='ocrx_word' id='word_1_809' title='bbox 1606 5576 1856 5653; x_wconf 79' lang='lat' dir='ltr'><strong>Ischyras</strong></span> <span class='ocrx_word' id='word_1_810' title='bbox 1884 5578 2171 5653; x_wconf 72' lang='lat' dir='ltr'><strong>incolebat.</strong></span> 
     </span>
    </p>
   </div>
   <div class='ocr_carea' id='block_1_102' title="bbox 576 5647 2175 5721">
    <p class='ocr_par' dir='ltr' id='par_1_102' title="bbox 576 5647 2175 5721">
     <span class='ocr_line' id='line_1_105' title="bbox 576 5647 2175 5721; baseline -0.003 -13"><span class='ocrx_word' id='word_1_811' title='bbox 576 5647 727 5713; x_wconf 57' lang='lat' dir='ltr'><strong>Alias</strong></span> <span class='ocrx_word' id='word_1_812' title='bbox 758 5656 940 5708; x_wconf 63' lang='lat' dir='ltr'><strong>multm</strong></span> <span class='ocrx_word' id='word_1_813' title='bbox 965 5660 1122 5707; x_wconf 89' lang='lat' dir='ltr'><strong>erant</strong></span> <span class='ocrx_word' id='word_1_814' title='bbox 1147 5652 1285 5721; x_wconf 88' lang='lat' dir='ltr'><strong>apud</strong></span> <span class='ocrx_word' id='word_1_815' title='bbox 1310 5647 1600 5706; x_wconf 79' lang='lat' dir='ltr'><strong>Mareotem</strong></span> <span class='ocrx_word' id='word_1_816' title='bbox 1624 5647 1905 5705; x_wconf 66' lang='lat' dir='ltr'><strong>ecclesiae:</strong></span> <span class='ocrx_word' id='word_1_817' title='bbox 1927 5650 2175 5721; x_wconf 88' lang='lat' dir='ltr'><strong>quamvis</strong></span> 
     </span>
    </p>
   </div>
   <div class='ocr_carea' id='block_1_103' title="bbox 575 5722 1370 5785">
    <p class='ocr_par' dir='ltr' id='par_1_103' title="bbox 575 5722 1370 5785">
     <span class='ocr_line' id='line_1_106' title="bbox 575 5722 1370 5785; baseline -0.009 0"><span class='ocrx_word' id='word_1_818' title='bbox 575 5724 721 5785; x_wconf 84' lang='lat' dir='ltr'><strong>aliud</strong></span> <span class='ocrx_word' id='word_1_819' title='bbox 750 5736 942 5780; x_wconf 88' lang='lat' dir='ltr'><strong>sonent</strong></span> <span class='ocrx_word' id='word_1_820' title='bbox 974 5722 1158 5778; x_wconf 84' lang='lat' dir='ltr'><strong>Hilarii</strong></span> <span class='ocrx_word' id='word_1_821' title='bbox 1188 5724 1370 5778; x_wconf 85' lang='lat' dir='ltr'><strong>verba.</strong></span> 
     </span>
    </p>
   </div>
   <div class='ocr_carea' id='block_1_104' title="bbox 652 5791 2176 5868">
    <p class='ocr_par' dir='ltr' id='par_1_104' title="bbox 652 5791 2176 5868">
     <span class='ocr_line' id='line_1_107' title="bbox 652 5791 2176 5868; baseline 0.001 -23"><span class='ocrx_word' id='word_1_822' title='bbox 652 5797 734 5868; x_wconf 87' lang='lat' dir='ltr'><strong>(h)</strong></span> <span class='ocrx_word' id='word_1_823' title='bbox 763 5796 1064 5868; x_wconf 77' lang='lat' dir='ltr'><strong>lschyrasa</strong></span> <span class='ocrx_word' id='word_1_824' title='bbox 1091 5791 1411 5868; x_wconf 70' lang='lat' dir='ltr'><strong>Nicmphoro</strong></span> <span class='ocrx_word' id='word_1_825' title='bbox 1438 5793 1652 5868; x_wconf 16' lang='lat' dir='ltr'><strong>lib._tx_»,</strong></span> <span class='ocrx_word' id='word_1_826' title='bbox 1681 5791 1848 5868; x_wconf 37' lang='grc' dir='ltr'><strong>(εγω,</strong></span> <span class='ocrx_word' id='word_1_827' title='bbox 1877 5808 1942 5868; x_wconf 66' lang='lat' dir='ltr'><strong>ea;</strong></span> <span class='ocrx_word' id='word_1_828' title='bbox 1960 5807 2016 5847; x_wconf 88' lang='lat' dir='ltr'><strong>se</strong></span> <span class='ocrx_word' id='word_1_829' title='bbox 2035 5806 2176 5848; x_wconf 86' lang='lat' dir='ltr'><strong>ortus</strong></span> 
     </span>
    </p>
   </div>
   <div class='ocr_carea' id='block_1_105' title="bbox 580 5863 2173 5944">
    <p class='ocr_par' dir='ltr' id='par_1_105' title="bbox 580 5863 2173 5944">
     <span class='ocr_line' id='line_1_108' title="bbox 580 5863 2173 5944; baseline -0.003 -21"><span class='ocrx_word' id='word_1_830' title='bbox 580 5863 838 5944; x_wconf 65' lang='lat' dir='ltr'><strong>presbyter</strong></span> <span class='ocrx_word' id='word_1_831' title='bbox 884 5863 1204 5935; x_wconf 79' lang='lat' dir='ltr'><strong>appellatur.</strong></span> <span class='ocrx_word' id='word_1_832' title='bbox 1257 5865 1374 5933; x_wconf 84' lang='lat' dir='ltr'><strong>Ipse</strong></span> <span class='ocrx_word' id='word_1_833' title='bbox 1420 5881 1478 5920; x_wconf 88' lang='lat' dir='ltr'><strong>se</strong></span> <span class='ocrx_word' id='word_1_834' title='bbox 1518 5863 1752 5922; x_wconf 87' lang='lat' dir='ltr'><strong>Collutbi</strong></span> <span class='ocrx_word' id='word_1_835' title='bbox 1798 5864 2173 5936; x_wconf 85' lang='lat' dir='ltr'><strong>presbyterum</strong></span> 
     </span>
    </p>
   </div>
   <div class='ocr_carea' id='block_1_106' title="bbox 2276 4716 3874 4788">
    <p class='ocr_par' dir='ltr' id='par_1_106' title="bbox 2276 4716 3874 4788">
     <span class='ocr_line' id='line_1_109' title="bbox 2276 4716 3874 4788; baseline 0.001 -17"><span class='ocrx_word' id='word_1_836' title='bbox 2276 4716 2418 4785; x_wconf 82' lang='lat' dir='ltr'><strong>apud</strong></span> <span class='ocrx_word' id='word_1_837' title='bbox 2459 4716 2815 4771; x_wconf 80' lang='lat' dir='ltr'><strong>Athanasium</strong></span> <span class='ocrx_word' id='word_1_838' title='bbox 2858 4733 2978 4788; x_wconf 85' lang='lat' dir='ltr'><strong>pag.</strong></span> <span class='ocrx_word' id='word_1_839' title='bbox 3024 4718 3165 4783; x_wconf 74' lang='lat'><strong>792,</strong></span> <span class='ocrx_word' id='word_1_840' title='bbox 3198 4716 3579 4787; x_wconf 75' lang='lat' dir='ltr'><strong>testiﬁcantur,</strong></span> <span class='ocrx_word' id='word_1_841' title='bbox 3623 4720 3769 4776; x_wconf 83' lang='lat' dir='ltr'><strong>illum</strong></span> <span class='ocrx_word' id='word_1_842' title='bbox 3810 4734 3874 4773; x_wconf 84' lang='lat' dir='ltr'><strong>ne</strong></span> 
     </span>
    </p>
   </div>
   <div class='ocr_carea' id='block_1_107' title="bbox 2276 4788 3872 4859">
    <p class='ocr_par' dir='ltr' id='par_1_107' title="bbox 2276 4788 3872 4859">
     <span class='ocr_line' id='line_1_110' title="bbox 2276 4788 3872 4859; baseline -0.001 -15"><span class='ocrx_word' id='word_1_843' title='bbox 2276 4791 2530 4844; x_wconf 81' lang='lat' dir='ltr'><strong>clericum</strong></span> <span class='ocrx_word' id='word_1_844' title='bbox 2554 4788 2771 4857; x_wconf 87' lang='lat' dir='ltr'><strong>quidem</strong></span> <span class='ocrx_word' id='word_1_845' title='bbox 2799 4805 3050 4859; x_wconf 86' lang='lat' dir='ltr'><strong>umquam</strong></span> <span class='ocrx_word' id='word_1_846' title='bbox 3074 4790 3316 4846; x_wconf 85' lang='lat' dir='ltr'><strong>habitum</strong></span> <span class='ocrx_word' id='word_1_847' title='bbox 3347 4791 3533 4858; x_wconf 61' lang='lat' dir='ltr'><strong>fume,</strong></span> <span class='ocrx_word' id='word_1_848' title='bbox 3560 4791 3664 4851; x_wconf 88' lang='lat' dir='ltr'><strong>nisi</strong></span> <span class='ocrx_word' id='word_1_849' title='bbox 3686 4793 3823 4847; x_wconf 87' lang='lat' dir='ltr'><strong>forte</strong></span> <span class='ocrx_word' id='word_1_850' title='bbox 3843 4806 3872 4842; x_wconf 76' lang='lat' dir='ltr'><strong>a</strong></span> 
     </span>
    </p>
   </div>
   <div class='ocr_carea' id='block_1_108' title="bbox 2276 4861 3871 4935">
    <p class='ocr_par' dir='ltr' id='par_1_108' title="bbox 2276 4861 3871 4935">
     <span class='ocr_line' id='line_1_111' title="bbox 2276 4861 3871 4935; baseline 0.001 -19"><span class='ocrx_word' id='word_1_851' title='bbox 2276 4862 2518 4935; x_wconf 75' lang='lat' dir='ltr'><strong>cognatis</strong></span> <span class='ocrx_word' id='word_1_852' title='bbox 2544 4861 2691 4935; x_wconf 82' lang='lat' dir='ltr'><strong>etab</strong></span> <span class='ocrx_word' id='word_1_853' title='bbox 2720 4861 2898 4935; x_wconf 84' lang='lat' dir='ltr'><strong>iisqni</strong></span> <span class='ocrx_word' id='word_1_854' title='bbox 2931 4862 3089 4935; x_wconf 79' lang='lat' dir='ltr'><strong>longe</strong></span> <span class='ocrx_word' id='word_1_855' title='bbox 3116 4863 3358 4935; x_wconf 86' lang='lat' dir='ltr'><strong>ab_illius</strong></span> <span class='ocrx_word' id='word_1_856' title='bbox 3388 4879 3524 4935; x_wconf 79' lang='lat' dir='ltr'><strong>pago</strong></span> <span class='ocrx_word' id='word_1_857' title='bbox 3553 4867 3871 4935; x_wconf 76' lang='lat' dir='ltr'><strong>habitarent.</strong></span> 
     </span>
    </p>
   </div>
   <div class='ocr_carea' id='block_1_109' title="bbox 2348 4930 3873 5006">
    <p class='ocr_par' dir='ltr' id='par_1_109' title="bbox 2348 4930 3873 5006">
     <span class='ocr_line' id='line_1_112' title="bbox 2348 4930 3873 5006; baseline 0.002 -22"><span class='ocrx_word' id='word_1_858' title='bbox 2348 4932 2411 5005; x_wconf 86' lang='lat' dir='ltr'><strong>(i)</strong></span> <span class='ocrx_word' id='word_1_859' title='bbox 2446 4930 2710 5006; x_wconf 74' lang='lat' dir='ltr'><strong>Audimus</strong></span> <span class='ocrx_word' id='word_1_860' title='bbox 2759 4934 2803 4987; x_wconf 85' lang='lat' dir='ltr'><strong>si</strong></span> <span class='ocrx_word' id='word_1_861' title='bbox 2818 4930 2840 4999; x_wconf 53' lang='lat'><strong>,&#39;</strong></span> <span class='ocrx_word' id='word_1_862' title='bbox 2864 4933 3007 5003; x_wconf 86' lang='lat' dir='ltr'><strong>quod</strong></span> <span class='ocrx_word' id='word_1_863' title='bbox 3031 4930 3325 4991; x_wconf 80' lang='lat' dir='ltr'><strong>manifeste</strong></span> <span class='ocrx_word' id='word_1_864' title='bbox 3350 4930 3591 5006; x_wconf 58' lang='lat' dir='ltr'><strong>postulat</strong></span> <span class='ocrx_word' id='word_1_865' title='bbox 3618 4932 3873 4994; x_wconf 73' lang='lat' dir='ltr'><strong>orationis</strong></span> 
     </span>
    </p>
   </div>
   <div class='ocr_carea' id='block_1_110' title="bbox 2274 5004 2576 5069">
    <p class='ocr_par' dir='ltr' id='par_1_110' title="bbox 2274 5004 2576 5069">
     <span class='ocr_line' id='line_1_113' title="bbox 2274 5004 2576 5069; baseline -0.003 -10"><span class='ocrx_word' id='word_1_866' title='bbox 2274 5004 2576 5069; x_wconf 77' lang='lat' dir='ltr'><strong>integritas.</strong></span> 
     </span>
    </p>
   </div>
   <div class='ocr_carea' id='block_1_111' title="bbox 2341 5075 3874 5152">
    <p class='ocr_par' dir='ltr' id='par_1_111' title="bbox 2341 5075 3874 5152">
     <span class='ocr_line' id='line_1_114' title="bbox 2341 5075 3874 5152; baseline -0.001 -20"><span class='ocrx_word' id='word_1_867' title='bbox 2341 5076 2427 5152; x_wconf 35' lang='lat' dir='ltr'><strong>.(j)_</strong></span> <span class='ocrx_word' id='word_1_868' title='bbox 2454 5076 2620 5152; x_wconf 83' lang='lat' dir='ltr'><strong>Sirm.</strong></span> <span class='ocrx_word' id='word_1_869' title='bbox 2650 5092 2714 5152; x_wconf 77' lang='lat' dir='ltr'><strong>ex</strong></span> <span class='ocrx_word' id='word_1_870' title='bbox 2744 5091 2845 5152; x_wconf 73' lang='lat' dir='ltr'><strong>nis.</strong></span> <span class='ocrx_word' id='word_1_871' title='bbox 2875 5075 3107 5152; x_wconf 81' lang='lat' dir='ltr'><strong>Remig.,</strong></span> <span class='ocrx_word' id='word_1_872' title='bbox 3136 5078 3469 5134; x_wconf 82' lang='lat' dir='ltr'><strong>constitutum</strong></span> <span class='ocrx_word' id='word_1_873' title='bbox 3493 5089 3589 5135; x_wconf 82' lang='lat' dir='ltr'><strong>est.</strong></span> <span class='ocrx_word' id='word_1_874' title='bbox 3617 5078 3700 5136; x_wconf 79' lang='lat' dir='ltr'><strong>Ex</strong></span> <span class='ocrx_word' id='word_1_875' title='bbox 3729 5086 3874 5134; x_wconf 52' lang='lat' dir='ltr'><strong>utra.</strong></span> 
     </span>
    </p>
   </div>
   <div class='ocr_carea' id='block_1_112' title="bbox 2277 5149 3873 5221">
    <p class='ocr_par' dir='ltr' id='par_1_112' title="bbox 2277 5149 3873 5221">
     <span class='ocr_line' id='line_1_115' title="bbox 2277 5149 3873 5221; baseline 0.003 -21"><span class='ocrx_word' id='word_1_876' title='bbox 2277 5149 2382 5218; x_wconf 83' lang='lat' dir='ltr'><strong>que</strong></span> <span class='ocrx_word' id='word_1_877' title='bbox 2414 5149 2646 5221; x_wconf 84' lang='lat' dir='ltr'><strong>lectione</strong></span> <span class='ocrx_word' id='word_1_878' title='bbox 2678 5149 2832 5205; x_wconf 80' lang='lat' dir='ltr'><strong>facile</strong></span> <span class='ocrx_word' id='word_1_879' title='bbox 2860 5150 3130 5206; x_wconf 78' lang='lat' dir='ltr'><strong>cunilcere</strong></span> <span class='ocrx_word' id='word_1_880' title='bbox 3160 5157 3245 5204; x_wconf 88' lang='lat' dir='ltr'><strong>est</strong></span> <span class='ocrx_word' id='word_1_881' title='bbox 3273 5154 3606 5221; x_wconf 78' lang='lat' dir='ltr'><strong>conspicuum</strong></span> <span class='ocrx_word' id='word_1_882' title='bbox 3634 5161 3706 5206; x_wconf 82' lang='lat' dir='ltr'><strong>est</strong></span> <span class='ocrx_word' id='word_1_883' title='bbox 3734 5165 3873 5221; x_wconf 68' lang='lat' dir='ltr'><strong>insa-</strong></span> 
     </span>
    </p>
   </div>
   <div class='ocr_carea' id='block_1_113' title="bbox 2278 5220 3874 5296">
    <p class='ocr_par' dir='ltr' id='par_1_113' title="bbox 2278 5220 3874 5296">
     <span class='ocr_line' id='line_1_116' title="bbox 2278 5220 3874 5296; baseline 0 -24"><span class='ocrx_word' id='word_1_884' title='bbox 2278 5226 2435 5296; x_wconf 74' lang='lat' dir='ltr'><strong>titos:</strong></span> <span class='ocrx_word' id='word_1_885' title='bbox 2465 5220 2707 5289; x_wconf 86' lang='lat' dir='ltr'><strong>adeoque</strong></span> <span class='ocrx_word' id='word_1_886' title='bbox 2737 5221 2965 5296; x_wconf 79' lang='lat' dir='ltr'><strong>libenter</strong></span> <span class='ocrx_word' id='word_1_887' title='bbox 2990 5220 3556 5296; x_wconf 9' lang='lat' dir='ltr'><strong>prml‘erretitum&#39;quod</strong></span> <span class='ocrx_word' id='word_1_888' title='bbox 3583 5240 3689 5283; x_wconf 81' lang='lat' dir='ltr'><strong>esse</strong></span> <span class='ocrx_word' id='word_1_889' title='bbox 3711 5220 3874 5293; x_wconf 73' lang='lat' dir='ltr'><strong>patuit</strong></span> 
     </span>
    </p>
   </div>
   <div class='ocr_carea' id='block_1_114' title="bbox 2278 5291 3872 5367">
    <p class='ocr_par' dir='ltr' id='par_1_114' title="bbox 2278 5291 3872 5367">
     <span class='ocr_line' id='line_1_117' title="bbox 2278 5291 3872 5367; baseline 0.003 -22"><span class='ocrx_word' id='word_1_890' title='bbox 2278 5291 2556 5367; x_wconf 76' lang='lat' dir='ltr'><strong>infectum:</strong></span> <span class='ocrx_word' id='word_1_891' title='bbox 2579 5303 2634 5345; x_wconf 86' lang='lat' dir='ltr'><strong>ut</strong></span> <span class='ocrx_word' id='word_1_892' title='bbox 2661 5306 2769 5367; x_wconf 76' lang='lat' dir='ltr'><strong>eos,</strong></span> <span class='ocrx_word' id='word_1_893' title='bbox 2798 5294 2897 5367; x_wconf 73' lang='lat' dir='ltr'><strong>qui</strong></span> <span class='ocrx_word' id='word_1_894' title='bbox 2912 5291 3085 5363; x_wconf 71' lang='lat' dir='ltr'><strong>postea</strong></span> <span class='ocrx_word' id='word_1_895' title='bbox 3112 5291 3779 5367; x_wconf 46' lang='lat' dir='ltr'><strong>indicaruntfconspicm</strong></span> <span class='ocrx_word' id='word_1_896' title='bbox 3800 5298 3872 5367; x_wconf 53' lang='lat' dir='ltr'><strong>cf!</strong></span> 
     </span>
    </p>
   </div>
   <div class='ocr_carea' id='block_1_115' title="bbox 2279 5361 3869 5434">
    <p class='ocr_par' dir='ltr' id='par_1_115' title="bbox 2279 5361 3869 5434">
     <span class='ocr_line' id='line_1_118' title="bbox 2279 5361 3869 5434; baseline 0.001 -17"><span class='ocrx_word' id='word_1_897' title='bbox 2279 5365 2517 5417; x_wconf 80' lang='lat' dir='ltr'><strong>mentitos</strong></span> <span class='ocrx_word' id='word_1_898' title='bbox 2543 5380 2642 5417; x_wconf 85' lang='lat' dir='ltr'><strong>non</strong></span> <span class='ocrx_word' id='word_1_899' title='bbox 2669 5361 2850 5434; x_wconf 79' lang='lat' dir='ltr'><strong>fuisse.</strong></span> <span class='ocrx_word' id='word_1_900' title='bbox 2874 5361 3066 5420; x_wconf 86' lang='lat' dir='ltr'><strong>Sermo</strong></span> <span class='ocrx_word' id='word_1_901' title='bbox 3085 5374 3234 5420; x_wconf 84' lang='lat' dir='ltr'><strong>certe</strong></span> <span class='ocrx_word' id='word_1_902' title='bbox 3261 5373 3347 5420; x_wconf 58' lang='lat' dir='ltr'><strong>est</strong></span> <span class='ocrx_word' id='word_1_903' title='bbox 3373 5378 3486 5425; x_wconf 86' lang='lat' dir='ltr'><strong>tum</strong></span> <span class='ocrx_word' id='word_1_904' title='bbox 3506 5361 3586 5423; x_wconf 72' lang='lat' dir='ltr'><strong>de</strong></span> <span class='ocrx_word' id='word_1_905' title='bbox 3599 5361 3869 5431; x_wconf 72' lang='lat' dir='ltr'><strong>Athanasii</strong></span> 
     </span>
    </p>
   </div>
   <div class='ocr_carea' id='block_1_116' title="bbox 2278 5436 3871 5512">
    <p class='ocr_par' dir='ltr' id='par_1_116' title="bbox 2278 5436 3871 5512">
     <span class='ocr_line' id='line_1_119' title="bbox 2278 5436 3871 5512; baseline 0 -22"><span class='ocrx_word' id='word_1_906' title='bbox 2278 5436 2830 5512; x_wconf 77' lang='lat' dir='ltr'><strong>accusatoribus,_gui</strong></span> <span class='ocrx_word' id='word_1_907' title='bbox 2859 5438 3047 5512; x_wconf 82' lang='lat' dir='ltr'><strong>calicis</strong></span> <span class='ocrx_word' id='word_1_908' title='bbox 3085 5438 3291 5512; x_wconf 81' lang='lat' dir='ltr'><strong>eliracti</strong></span> <span class='ocrx_word' id='word_1_909' title='bbox 3324 5439 3545 5512; x_wconf 81' lang='lat' dir='ltr'><strong>crimen</strong></span> <span class='ocrx_word' id='word_1_910' title='bbox 3568 5440 3618 5494; x_wconf 89' lang='lat' dir='ltr'><strong>ei</strong></span> <span class='ocrx_word' id='word_1_911' title='bbox 3656 5436 3871 5512; x_wconf 61' lang='lat' dir='ltr'><strong>afﬁnxc;</strong></span> 
     </span>
    </p>
   </div>
   <div class='ocr_carea' id='block_1_117' title="bbox 2279 5506 3869 5579">
    <p class='ocr_par' dir='ltr' id='par_1_117' title="bbox 2279 5506 3869 5579">
     <span class='ocr_line' id='line_1_120' title="bbox 2279 5506 3869 5579; baseline 0.004 -18"><span class='ocrx_word' id='word_1_912' title='bbox 2279 5515 2409 5579; x_wconf 85' lang='lat' dir='ltr'><strong>runt</strong></span> <span class='ocrx_word' id='word_1_913' title='bbox 2430 5549 2443 5572; x_wconf 88' lang='lat'><strong>,</strong></span> <span class='ocrx_word' id='word_1_914' title='bbox 2475 5518 2585 5561; x_wconf 86' lang='lat' dir='ltr'><strong>tuin</strong></span> <span class='ocrx_word' id='word_1_915' title='bbox 2613 5506 2680 5579; x_wconf 86' lang='lat' dir='ltr'><strong>de</strong></span> <span class='ocrx_word' id='word_1_916' title='bbox 2708 5506 3012 5579; x_wconf 68' lang='lat' dir='ltr'><strong>Maccabeis</strong></span> <span class='ocrx_word' id='word_1_917' title='bbox 3036 5509 3389 5579; x_wconf 85' lang='lat' dir='ltr'><strong>presbyteris,</strong></span> <span class='ocrx_word' id='word_1_918' title='bbox 3413 5526 3479 5565; x_wconf 91' lang='lat' dir='ltr'><strong>ac</strong></span> <span class='ocrx_word' id='word_1_919' title='bbox 3499 5510 3765 5579; x_wconf 66' lang='lat' dir='ltr'><strong>diaconis.</strong></span> <span class='ocrx_word' id='word_1_920' title='bbox 3781 5506 3869 5576; x_wconf 63' lang='grc' dir='ltr'><strong>φὶ</strong></span> 
     </span>
    </p>
   </div>
   <div class='ocr_carea' id='block_1_118' title="bbox 2280 5577 3873 5707">
    <p class='ocr_par' dir='ltr' id='par_1_118' title="bbox 2280 5577 3873 5707">
     <span class='ocr_line' id='line_1_121' title="bbox 2280 5577 3873 5653; baseline 0.001 -20"><span class='ocrx_word' id='word_1_921' title='bbox 2280 5578 2521 5633; x_wconf 86' lang='lat' dir='ltr'><strong>criminis</strong></span> <span class='ocrx_word' id='word_1_922' title='bbox 2554 5578 2713 5649; x_wconf 88' lang='lat' dir='ltr'><strong>hujus</strong></span> <span class='ocrx_word' id='word_1_923' title='bbox 2743 5577 3253 5652; x_wconf 35' lang='lat' dir='ltr'><strong>falsitatem’postea</strong></span> <span class='ocrx_word' id='word_1_924' title='bbox 3300 5580 3611 5641; x_wconf 86' lang='lat' dir='ltr'><strong>indicarunt</strong></span> <span class='ocrx_word' id='word_1_925' title='bbox 3636 5578 3771 5653; x_wconf 90' lang='lat' dir='ltr'><strong>apud</strong></span> <span class='ocrx_word' id='word_1_926' title='bbox 3801 5580 3873 5631; x_wconf 78' lang='lat' dir='ltr'><strong>A-</strong></span> 
     </span>
     <span class='ocr_line' id='line_1_122' title="bbox 2280 5649 2804 5707; baseline 0.002 -1"><span class='ocrx_word' id='word_1_927' title='bbox 2280 5651 2489 5707; x_wconf 81' lang='lat' dir='ltr'><strong>lbanas.</strong></span> <span class='ocrx_word' id='word_1_928' title='bbox 2523 5665 2643 5707; x_wconf 73' lang='lat' dir='ltr'><strong>nan.</strong></span> <span class='ocrx_word' id='word_1_929' title='bbox 2678 5649 2804 5707; x_wconf 63' lang='lat'><strong>793.</strong></span> 
     </span>
    </p>
   </div>
   <div class='ocr_carea' id='block_1_119' title="bbox 2276 5660 2804 5707">
    <p class='ocr_par' dir='ltr' id='par_1_119' title="bbox 2276 5660 2804 5707">
     <span class='ocr_line' id='line_1_123' title="bbox 2276 5660 2804 5707; baseline 0 0"><span class='ocrx_word' id='word_1_930' title='bbox 2276 5660 2489 5707; x_wconf 80' lang='lat' dir='ltr'><strong>titanas.</strong></span> <span class='ocrx_word' id='word_1_931' title='bbox 2523 5665 2643 5707; x_wconf 73' lang='lat' dir='ltr'><strong>nan.</strong></span> <span class='ocrx_word' id='word_1_932' title='bbox 2678 5660 2804 5707; x_wconf 64' lang='lat'><strong>79!.</strong></span> 
     </span>
    </p>
   </div>
   <div class='ocr_carea' id='block_1_120' title="bbox 2348 5665 3865 5800">
    <p class='ocr_par' dir='ltr' id='par_1_120' title="bbox 2348 5665 3865 5800">
     <span class='ocr_line' id='line_1_124' title="bbox 2348 5665 2804 5721; baseline 0.009 -18"><span class='ocrx_word' id='word_1_933' title='bbox 2348 5666 2489 5703; x_wconf 75' lang='lat' dir='ltr'><strong>anas.</strong></span> <span class='ocrx_word' id='word_1_934' title='bbox 2523 5665 2643 5721; x_wconf 87' lang='lat' dir='ltr'><strong>pag.</strong></span> <span class='ocrx_word' id='word_1_935' title='bbox 2679 5665 2804 5707; x_wconf 64' lang='grc' dir='ltr'><strong>71η.</strong></span> 
     </span>
     <span class='ocr_line' id='line_1_125' title="bbox 2348 5716 3865 5800; baseline 0.02 -27"><span class='ocrx_word' id='word_1_936' title='bbox 2348 5720 2439 5800; x_wconf 65' lang='grc' dir='ltr'><strong>(ιι)</strong></span> <span class='ocrx_word' id='word_1_937' title='bbox 2470 5721 2525 5776; x_wconf 94' lang='lat' dir='ltr'><strong>In</strong></span> <span class='ocrx_word' id='word_1_938' title='bbox 2551 5723 2700 5800; x_wconf 78' lang='lat' dir='ltr'><strong>prius</strong></span> <span class='ocrx_word' id='word_1_939' title='bbox 2721 5722 2970 5800; x_wconf 66' lang='lat' dir='ltr'><strong>vulgatis,</strong></span> <span class='ocrx_word' id='word_1_940' title='bbox 2994 5729 3053 5791; x_wconf 79' lang='lat' dir='ltr'><strong>ut</strong></span> <span class='ocrx_word' id='word_1_941' title='bbox 3073 5721 3131 5800; x_wconf 71' lang='lat' dir='ltr'><strong>in</strong></span> <span class='ocrx_word' id='word_1_942' title='bbox 3151 5738 3277 5790; x_wconf 75' lang='grc' dir='ltr'><strong>τηε..</strong></span> <span class='ocrx_word' id='word_1_943' title='bbox 3299 5726 3670 5800; x_wconf 73' lang='lat' dir='ltr'><strong>consttmnionis</strong></span> <span class='ocrx_word' id='word_1_944' title='bbox 3688 5740 3715 5800; x_wconf 59' lang='lat'><strong>.1</strong></span> <span class='ocrx_word' id='word_1_945' title='bbox 3728 5716 3865 5800; x_wconf 60' lang='lat' dir='ltr'><strong>sit?“</strong></span> 
     </span>
    </p>
   </div>
   <div class='ocr_carea' id='block_1_121' title="bbox 2278 5792 3866 5869">
    <p class='ocr_par' dir='ltr' id='par_1_121' title="bbox 2278 5792 3866 5869">
     <span class='ocr_line' id='line_1_126' title="bbox 2278 5792 3866 5869; baseline 0.001 -18"><span class='ocrx_word' id='word_1_946' title='bbox 2278 5792 2535 5869; x_wconf 73' lang='lat' dir='ltr'><strong>mendum</strong></span> <span class='ocrx_word' id='word_1_947' title='bbox 2577 5794 2631 5848; x_wconf 87' lang='lat' dir='ltr'><strong>in</strong></span> <span class='ocrx_word' id='word_1_948' title='bbox 2673 5792 3007 5869; x_wconf 23' lang='lat' dir='ltr'><strong>mssQVaIde</strong></span> <span class='ocrx_word' id='word_1_949' title='bbox 3048 5794 3305 5855; x_wconf 83' lang='lat' dir='ltr'><strong>usitatum</strong></span> <span class='ocrx_word' id='word_1_950' title='bbox 3344 5799 3482 5855; x_wconf 84' lang='lat' dir='ltr'><strong>alias</strong></span> <span class='ocrx_word' id='word_1_951' title='bbox 3520 5792 3755 5869; x_wconf 75' lang='lat' dir='ltr'><strong>experti,</strong></span> <span class='ocrx_word' id='word_1_952' title='bbox 3784 5792 3866 5844; x_wconf 73' lang='lat' dir='ltr'><strong>hic</strong></span> 
     </span>
    </p>
   </div>
   <div class='ocr_carea' id='block_1_122' title="bbox 2280 5865 3106 5936">
    <p class='ocr_par' dir='ltr' id='par_1_122' title="bbox 2280 5865 3106 5936">
     <span class='ocr_line' id='line_1_127' title="bbox 2280 5865 3106 5936; baseline 0 -14"><span class='ocrx_word' id='word_1_953' title='bbox 2280 5865 2556 5936; x_wconf 80' lang='lat' dir='ltr'><strong>corrigere</strong></span> <span class='ocrx_word' id='word_1_954' title='bbox 2585 5880 2692 5923; x_wconf 88' lang='lat' dir='ltr'><strong>non</strong></span> <span class='ocrx_word' id='word_1_955' title='bbox 2719 5865 3106 5924; x_wconf 76' lang='lat' dir='ltr'><strong>dubitavimus.</strong></span> 
     </span>
    </p>
   </div>
  </div>
