4062 6332
575 320 672 381 651

1767 319 2011 379 SANCTI
2051 319 2307 380 llILARII
2348 319 2654 380 EPISCOPI

3773 328 3862 385 65%

576 443 700 512 quia
750 447 1052 510 promptum
1101 446 1183 495 est
1228 453 1296 494 ex
1326 438 1468 494 bono
1499 437 1698 493 malum
1729 439 1893 509 efﬁci,
1947 439 2174 509 praebuit
2200 445 2254 507 Α
2277 455 2602 510 quamquam
2630 439 2908 509 conceptis
2921 439 3030 508 jam
3051 439 3144 495 diu
3165 437 3217 494 in
3243 437 3599 498 Athanasium
3622 440 3864 498 Odiissuis

582 553 686 592 non
733 536 836 590 illis
878 551 996 606 qua:
1045 535 1097 590 in
1153 534 1459 589 Marcellum
1492 543 1640 604 gesta
1682 543 1806 590 ante
1833 534 1908 604 (α)
1944 536 2173 602 fuerant,

582 632 676 687 sed
712 631 795 686 his
818 645 937 700 quae
986 630 1037 685 in
1070 629 1361 686 Photinum
1409 628 1644 704 gerenda
1677 639 1853 695 erant,
1887 629 2177 683 auctorita-

585 737 713 782 ICHL

650 821 743 876 22.
812 819 879 875 In
922 820 1144 892 gratiam
1199 819 1470 873 Athanasii
1519 827 1660 889 gesta
1703 817 2036 874 Sardicensia
2089 815 2177 886 qui

583 926 828 972 conentur
854 913 1140 968 Orientales
1161 913 1311 968 irrita
1345 916 1608 982 focere.—
1637 931 1654 963 ι
1686 911 1818 968 lllud
1849 920 2026 966 autem
2053 924 2176 965 esse

578 1011 850 1081 cognitum
897 1009 1105 1064 cunctis
1133 1017 1368 1078 oportet,
1405 1007 1606 1062 nullam
1635 1022 1886 1076 umquam
1915 1005 2174 1060 adversus

583 1105 917 1169 Marcellum,
966 1112 1164 1174 prteter
1209 1117 1327 1157 eam
1360 1118 1480 1172 qua:
1508 1100 1924 1157 Sardicensibns
1952 1109 2035 1154 est
2066 1097 2176 1154 dis-

578 1203 754 1256 soluta
783 1199 1091 1263 sententiis,
1141 1197 1398 1266 deinceps
1445 1196 1710 1268 synodum
1741 1194 1904 1250 fuisse
1931 1203 2176 1249 contrac-

579 1305 717 1360 tam;
761 1309 935 1365 neque
964 1293 1040 1364 (b)
1093 1301 1221 1347 tunc
1251 1306 1370 1346 cum
1401 1291 1468 1346 de
1513 1289 1742 1345 Photino
1783 1289 2059 1346 decretum
2105 1289 2176 1344 ab

576 1388 1018 1446 Occidentalibus
1049 1397 1132 1443 est
1159 1397 1213 1442 et
1243 1387 1309 1442 ad
1353 1387 1658 1442 Orientales
1687 1397 1769 1442 est
1797 1387 2047 1452 relatum,
2078 1386 2176 1441 ali-

575 1483 720 1555 quod
751 1485 804 1539 in
834 1499 956 1538 eum
985 1496 1303 1551 expressum
1334 1481 1497 1537 fuisse
1519 1481 1780 1551 judicium
1808 1499 1820 1534 :
1853 1481 1947 1536 sed
1999 1482 2174 1536 homi—

575 1594 672 1636 nes
717 1589 899 1634 mente
947 1577 1194 1644 callidos,
1246 1577 1463 1647 ingenio
1490 1577 1742 1642 subtiles,
1777 1577 1976 1632 malitia
2006 1577 2174 1647 perti-

571 1688 758 1738 naces,
805 1671 1148 1729 occasionem
1191 1671 1502 1726 revolvendi
1547 1671 1686 1742 ejus,
1718 1671 1859 1741 quod
1891 1670 2171 1726 Athanasii

573 1765 913 1820 absolutione
965 1763 1226 1836 (Sardica:
1279 1761 1426 1834 data)
1473 1761 1641 1836 διο
1690 1771 1775 1819 est
1825 1762 2167 1831 dissolutum,

2280 532 2532 600 satisﬁat,
2562 535 2613 587 in
2647 537 2906 603 majorem
2951 543 3128 590 tamen
3161 534 3387 590 sceleris
3418 534 3645 608 gradum
3678 536 3864 591 molitio

2291 636 2434 680 tanta
2468 627 2728 696 procedit.

2347 718 2437 773 24.
2461 720 2787 790 Rescriptum
2807 721 3088 777 Sirmiense
3103 722 3257 789 ﬁdem
3276 733 3466 777 rectam
3489 738 3600 794 pra:
3618 739 3672 776 se
3689 722 3864 792 ferens,

2279 811 2464 882 fraude
2493 823 2539 867 et
2570 829 2759 868 veneno
2802 815 3010 886 plenum
3039 825 3132 871 est.
3182 847 3252 856 -
3279 836 3297 869 ε
3329 816 3461 872 Nam
3513 818 3704 872 tertius
3752 817 3865 871 mihi

2279 904 2430 960 locus
2459 917 2698 976 praestat,
2749 917 2806 963 ut
2853 907 3038 976 ﬁdem,
3091 925 3250 981 quam
3295 909 3539 980 epistola:
3584 909 3869 980 primordio

2275 1002 2667 1068 condiderunt,
2728 1003 3162 1075 fraudulentam,
3223 1008 3556 1074 haereticam,
3608 1017 3666 1064 et
3703 1007 3868 1063 verbis

2277 1096 2676 1153 blandientibus
2706 1113 2912 1155 veneno
2932 1101 3188 1158 interiore
3216 1102 3474 1157 snli'usam
3498 1117 3620 1158 esse
3649 1102 3866 1158 demon-

2276 1201 2464 1246 strem.
2505 1191 2821 1261 I'roﬁtemur
2847 1197 2984 1248 enim
3006 1195 3077 1249 ita
3103 1211 3120 1248 :
3150 1194 3324 1250 Unum
3349 1196 3559 1268 quidem
3595 1197 3865 1268 ingenitum

2276 1301 2382 1340 esse
2412 1283 2576 1339 Deum
2607 1298 2824 1356 patrem,
2849 1298 2895 1342 et
2923 1306 3081 1342 unum
3109 1290 3318 1344 unicum
3343 1293 3454 1357 eius
3477 1289 3700 1357 Filium,
3721 1291 3867 1346 Datin

2275 1397 2340 1436 ex
2364 1380 2494 1444 Deo,
2525 1382 2695 1438 lumen
2723 1400 2786 1439 ea:
2807 1384 3018 1451 lumine,
3054 1386 3453 1459 primogenitum
3487 1387 3657 1440 omnis
3683 1397 3866 1441 creatu-

2278 1490 2369 1538 rae.
2395 1483 2442 1529 et
2469 1475 2676 1530 tertium
2703 1477 2949 1532 addentes
2979 1477 3231 1548 Spiritum
3267 1490 3503 1534 sanctum
3524 1481 3868 1552 paraclettnn:

2280 1578 2336 1623 ut
2362 1585 2485 1624 eum
2512 1572 2777 1626 securitas
2809 1571 3118 1642 legentium,
3143 1574 3225 1628 vel
3256 1573 3598 1628 indoctorum
3623 1574 3867 1643 simplici-

2278 1673 2360 1718 tas
2392 1675 2497 1719 tam
2528 1665 2783 1721 mollibus
2808 1665 2963 1721 fuerit
2990 1667 3282 1738 intercepta
3310 1668 3590 1738 principiis
3613 1684 3628 1733 ;
3649 1683 3758 1724 uno
3779 1683 3866 1722 eo-

2275 1759 2506 1830 demque
2532 1761 2944 1830 SIIbSCI‘ipliOﬂiS
2980 1762 3172 1816 elicita:
3213 1778 3438 1816 assensu
3471 1805 3486 1827 ,
3541 1761 3595 1816 in
3650 1761 3855 1816 Pbotini

575 1859 858 1929 quaesiisse
885 1857 1105 1928 jttdicii;
1155 1867 1210 1913 et
1249 1857 1621 1913 rescribentes
1647 1858 1716 1913 de
1747 1857 1998 1924 Photino,
2029 1859 2171 1912 Mar-
2201 1859 2248 1920 B
2274 1853 2820 1916 animadversionem.
2847 1855 2900 1910 in
2923 1855 3203 1910 Athanasii
3226 1864 3453 1922 reatum,
3489 1857 3540 1910 in
3564 1854 3861 1910 damnatio-

569 1952 691 2009 celli
735 1953 1090 2015 mentionem,
1121 1951 1270 2007 velut
1306 1950 1702 2006 institutionum
1735 1950 1920 2005 talium
1968 1950 2165 2021 magis-

571 2046 663 2110 tri.
712 2044 988 2101 addidisse
1021 2064 1033 2098 ε
1078 2053 1135 2099 ut
1184 2052 1449 2099 mortuam
1482 2043 1550 2099 de
1580 2042 1878 2099 Athanasio
1919 2042 2167 2113 ipsojam

571 2151 817 2212 tempore
842 2140 1220 2210 quasstionem,
1271 2149 1326 2194 et
1369 2139 1612 2193 veritatis
1637 2135 1840 2206 judicio
1881 2138 2169 2208 consepul-

571 2243 708 2299 tam,
739 2235 793 2289 in
827 2233 1097 2304 publicam
1128 2232 1560 2288 recordationem
1606 2247 1785 2287 causa:
1815 2232 2026 2287 novitas
2073 2249 2168 2288 ex-

566 2329 778 2392 citaret,
820 2336 874 2382 et
901 2326 1201 2395 subrepens
1232 2343 1326 2396 per
1350 2325 1564 2381 Photini
1596 2325 1996 2382 damnationem
2028 2327 2166 2382 Mar-

563 2420 686 2476 celli
718 2435 912 2476 nomen
942 2419 1240 2474 inveberet.
1268 2419 1458 2474 Exstat
1486 2427 1665 2473 autem
1691 2419 1744 2473 in
1769 2417 1842 2491 (c)
1871 2419 2166 2488 superioris

519 2505 522 2508 ’
567 2513 812 2584 epistolae
861 2528 1110 2582 corpore,
1167 2511 1477 2566 Marcellum
1521 2512 1588 2564 ab
1629 2511 1846 2566 Arianis
1878 2510 2165 2567 occasione

562 2607 706 2675 libri,
757 2621 916 2679 quem
945 2606 1014 2662 de
1040 2605 1377 2674 subjectione
1409 2605 1620 2660 Domini
1654 2604 1854 2660 Christi
1884 2605 2156 2672 ediderat,

564 2715 670 2756 una
698 2716 820 2756 cum
847 2698 1144 2753 Athanasio
1175 2699 1338 2753 fuisse
1369 2698 1705 2753 damnatum.
1741 2698 1972 2754 Docetur
1999 2699 2163 2754 etiam

569 2792 890 2848 recitatione
934 2791 1178 2862 ejusdem
1230 2791 1347 2846 libri
1413 2792 1753 2846 innocentem
1804 2792 2158 2862 deprehendi.

567 2887 880 2945 Falsitatem
908 2903 1121 2959 quoque
1137 2886 1325 2958 jndicii
1358 2887 1545 2942 Ariani
1574 2887 1646 2959 (in
1685 2887 1884 2959 synodo
1906 2886 2163 2942 Constan-

569 2985 731 3055 tinOp.
764 3001 852 3038 an.
888 2981 1015 3050 336)
1041 2982 1304 3036 exstantis
1332 2981 1509 3036 adlmc
1556 2981 1674 3036 libri
1708 2981 1843 3036 ﬁdes
1863 2981 2056 3052 arguit.
2085 2981 2162 3036 De

570 3076 800 3131 Photino
825 3083 1006 3130 autem
1049 3074 1128 3146 (d)
1177 3083 1404 3139 tantum,
1451 3075 1604 3130 sicuti
1636 3091 1754 3129 mos
1787 3075 2064 3145 poscebat,
2093 3073 2161 3129 ad

560 3170 863 3226 Orientales
892 3170 1135 3240 epistola:
1163 3169 1321 3235 ﬁunt,
1369 3185 1475 3224 non
1525 3169 1720 3238 injuria
1773 3167 2160 3239 extorquendi,

2271 1966 2394 2004 nem
2429 1950 2552 2004 ﬁdei
2600 1951 2879 2005 catholica:
2909 1960 3234 2006 transeatur.
3273 1951 3342 2006 Et
3381 1966 3545 2022 spero
3591 1951 3860 2019 quodnon

2268 2047 2513 2110 exiguam
2543 2055 2750 2114 partem
2772 2045 3093 2114 cognitionis
3117 2044 3270 2100 istius
3297 2044 3442 2117 (scil.
3481 2045 3762 2099 Athanasii
3787 2046 3863 2098 in-

2270 2137 2536 2205 nocentiae)
2569 2139 2806 2209 synodus
2851 2137 3186 2194 Sardicensis
3207 2139 3469 2206 attulerit,
3515 2139 3603 2194 ubi
3652 2142 3870 2196 insecta-

2277 2231 2422 2285 tione
2448 2230 2771 2285 Arianorum
2801 2231 2980 2286 omnia
3028 2235 3081 2288 in
3112 2232 3467 2286 Athanasium
3497 2232 3725 2287 crimina
3751 2247 3868 2288 Cun-

2271 2323 2391 2376 ﬁcta
2421 2338 2543 2378 esse
2576 2333 2965 2391 monstrantur,
3018 2333 3073 2379 et
3141 2325 3219 2379 vis
3267 2323 3506 2379 adhibita
3583 2324 3728 2396 plebi
3784 2324 3866 2379 Dei

2270 2414 2433 2485 (Vide
2449 2431 2630 2484 supra.
2665 2432 2718 2469 η.
2751 2416 2831 2486 5),
2865 2426 2923 2470 ut
2953 2417 3002 2470 in
3033 2417 3343 2486 pestiferam
3375 2417 3594 2473 letbalis
3619 2418 3866 2474 doctrina:

2269 2510 2670 2566 conniventiam
2698 2513 3008 2567 transirent.
3036 2512 3169 2568 Rem
3189 2521 3393 2582 tamen,
3419 2515 3542 2584 quia
3566 2528 3730 2569 causa
3753 2530 3866 2584 pus-

2270 2607 2435 2671 tulat,
2468 2606 2712 2662 breviter
2741 2608 2944 2663 dicam.

2342 2699 2435 2753 ‘25.
2468 2699 2545 2752 Ad
2591 2700 2834 2754 tuendam
2868 2699 3142 2756 Trinitatis
3168 2703 3323 2772 ﬁdem
3349 2717 3553 2768 semper
3581 2702 3867 2756 laborarunt

2269 2794 2542 2860 apostolici
2571 2796 2684 2848 viri.
2727 2794 2970 2849 Ecclesia?
2999 2797 3220 2850 hostium
3257 2796 3374 2850 inde
3399 2796 3450 2850 in
3484 2811 3538 2850 se
3561 2800 3863 2850 concitarunt

2270 2887 2464 2940 odium.
2487 2916 2559 2926 —
2587 2907 2604 2939 ι
2629 2888 2765 2942 Cura
2795 2898 2848 2942 et
2875 2890 3146 2958 negotium
3171 2889 3480 2958 apostolicis
3507 2889 3641 2943 viris
3667 2901 3864 2957 semper

2278 2978 2404 3036 fuit.
2437 2982 2707 3035 constanti
2732 2989 2786 3034 et
2815 2981 3021 3050 publica
3052 2982 3300 3048 perlecta:
3323 2980 3446 3034 ﬁdei
3475 2980 3859 3047 praedicatione,

2268 3083 2503 3129 conatus
2533 3091 2720 3130 omnes
2760 3074 3079 3129 oblatrantis
3112 3075 3333 3130 haeresis
3384 3075 3772 3145 comprimere,
3802 3079 3852 3126 et

2269 3172 2513 3240 exposita
2543 3170 2953 3240 Evangeliorum
2987 3169 3216 3224 veritate
3237 3209 3253 3234 ,
3287 3168 3701 3239 perversitatem
3741 3166 3858 3221 doc—

565 3275 623 3322 ut
654 3281 795 3320 nunc
822 3263 893 3336 (e)
943 3265 1140 3335 agitur,
1171 3278 1478 3330 assensum,
1509 3261 1605 3319 sed
1656 3263 1987 3318 instruenda:
2037 3261 2159 3316 uni-
2193 3262 2238 3326 C
2273 3265 2426 3318 trina:
2457 3265 2692 3318 errantis
2733 3263 3114 3331 exstinguere;
3170 3279 3238 3319 ne
3281 3263 3615 3318 audientium
3667 3273 3860 3317 mentes

562 3373 847 3414 versorum
875 3357 1116 3411 scientiae
1143 3356 1564 3414 consuetudine.

633 3452 725 3507 9.5.
783 3469 801 3501 ι
848 3449 952 3505 Sed
996 3465 1094 3505 cur
1144 3448 1423 3519 abnegatm
1466 3448 1720 3503 1Marcello
1763 3446 2161 3503 communionis

563 3543 886 3600 Athanasius
916 3557 1040 3596 rens
1067 3557 1191 3596 esse
1220 3540 1539 3596 rescribitur
1563 3541 1632 3610 (Α
1665 3541 1940 3596 Sirmiensi
1974 3540 2159 3594 Orien-

563 3638 746 3692 talium
789 3634 1051 3707 synodo)?
1093 3634 1357 3706 Numquid
1391 3644 1609 3703 proiiter
1642 3633 1763 3688 libri
1797 3635 1982 3688 vitium
2017 3633 2159 3688 Mar-

557 3730 731 3785 celius
757 3729 1039 3786 abstentus
1064 3727 1187 3782 est?
1214 3724 1406 3781 Testes
1450 3726 1549 3794 ipsi
1596 3734 1742 3791 sunt,
1788 3741 1853 3781 ex
1903 3725 2163 3780 institutis

559 3821 677 3892 ejus
707 3821 994 3875 Pltotinum
1027 3817 1398 3890 perversitatis
1445 3818 1596 3873 istius
1645 3817 1792 3872 initia
1839 3819 2158 3888 sumpsisse.

563 3915 692 3970 Nam
719 3921 910 3986 negata
934 3912 1034 3969 sibi
1069 3912 1136 3966 ab
1163 3911 1456 3966 Athanasio
1481 3910 1886 3976 communione,
1912 3911 2162 3980 ingressu

559 4024 680 4065 sese
705 4009 950 4066 ecclesiae
975 4006 1260 4062 Marcellus
1288 4005 1565 4061 abstinuit.
1596 4005 1669 4059 lta
1699 4004 2008 4060 communio
2035 4019 2159 4058 cum

561 4119 626 4158 eo
657 4104 710 4157 in
742 4104 841 4158 ista
877 4101 981 4156 ﬁde
1011 4100 1077 4169 (f.
1116 4101 1242 4154 inita
1268 4111 1470 4154 reetam
1515 4099 1698 4168 ﬁdem)
1725 4098 1793 4154 de
1824 4099 2161 4169 subjectione

556 4207 609 4251 et
634 4195 921 4251 traditione
951 4192 1101 4265 regni
1133 4193 1290 4250 docet
1320 4212 1330 4246 :
1356 4191 1518 4266 641
1562 4204 1748 4262 negata
1795 4210 2006 4248 rursum
2039 4211 2162 4265 pra-

564 4292 729 4347 vitate
761 4291 883 4362 (leg.
930 4286 1272 4360 pravitatem)
1319 4288 1578 4342 doctrinm
1628 4287 1854 4342 alterius
1898 4288 2156 4343 ostendit.

562 4383 638 4438 Ac
683 4383 761 4438 sic
806 4394 1093 4452 utrumque
1136 4379 1235 4434 viri
1284 4379 1438 4434 istius
1479 4379 1739 4448 judicium
1783 4390 1931 4435 caret
1975 4381 2158 4450 culpa,

559 4492 680 4531 cum
709 4476 759 4529 in
791 4474 914 4530 data
947 4473 1326 4528 communione
1359 4472 1548 4543 synodi
1582 4473 1952 4546 (Sardicensis)
1985 4476 2056 4531 sit
2081 4491 2164 4531 se-

561 4579 714 4626 cutus
744 4584 1060 4631 assensum;
1095 4568 1145 4620 in
1187 4567 1445 4636 abuegata
1486 4583 1638 4631 vero,
1671 4567 1787 4637 ipso
1818 4585 1875 4623 se
1906 4571 2162 4626 Marcello

2269 3357 2498 3426 quadam
2524 3357 2646 3412 labe
2673 3356 3048 3412 contaminatis
3070 3358 3378 3428 contagium
3406 3356 3520 3411 vitii
3544 3356 3861 3411 adhaerentis

2267 3451 2538 3522 inﬁigeret
2557 3451 2622 3521 (f.
2657 3449 2948 3521 inliceret).
2984 3451 3167 3521 Itaque
3195 3449 3481 3521 diligenter
3506 3450 3753 3520 epistolis
3779 3465 3862 3502 va-

2267 3546 2382 3610 riis,
2415 3560 2535 3616 quae
2564 3544 2632 3600 de
2663 3545 2772 3599 Deo
2801 3555 2955 3615 patre
2984 3545 3169 3614 Opinio
3195 3587 3210 3611 ,
3261 3561 3385 3616 qua:
3415 3543 3483 3598 de
3514 3543 3608 3598 Dei
3643 3543 3866 3600 ﬁlioco-

2267 3639 2457 3710 gnitio,
2491 3653 2611 3708 quae
2653 3643 2703 3692 in
2746 3636 2950 3706 Spiritu
2982 3646 3172 3692 sancto
3207 3637 3564 3692 sanctiﬁcatio
3601 3643 3867 3709 oporteret

2268 3747 2410 3792 esse,
2446 3730 2756 3800 frequenter
2782 3729 3112 3799 copioseque
3154 3731 3429 3797 complexi
3477 3737 3634 3793 sunt;
3666 3727 3862 3800 (supple

2269 3825 2414 3888 ideo)
2457 3833 2514 3879 ut
2559 3824 2805 3894 cognitus
2833 3823 2900 3878 de
2926 3823 3036 3877 Deo
3089 3829 3242 3892 patre
3297 3823 3448 3876 ﬁeret
3491 3820 3658 3894 σεε
3711 3820 3862 3874 Filius

2271 3921 2435 3985 Deus,
2465 3927 2519 3974 et
2549 3919 2600 3972 in
2637 3919 2742 3972 [)eo
2771 3917 2882 3972 ﬁlio
2913 3916 3122 3991 (supple
3151 3921 3317 3989 esset)
3343 3919 3481 3972 Deus
3514 3930 3701 3987 pater,
3742 3915 3865 3971 etin

2272 4013 2382 4068 Deo
2413 4020 2562 4077 patre
2597 4010 2762 4066 Filius
2794 4011 2956 4066 Deus.
2989 4010 3067 4065 Ae
3095 4012 3172 4065 sic
3200 4010 3498 4067 secundum
3549 4010 3718 4080 ipsith
3744 4008 3866 4064 deli-

2271 4106 2534 4162 nitionem
2568 4105 2800 4160 dicentis
2839 4121 2856 4159 :
2901 4104 3013 4177 Ego
3041 4115 3086 4159 et
3121 4104 3278 4160 Pater
3300 4119 3455 4160 unum
3486 4120 3665 4158 sumus
3696 4101 3860 4176 (Joan.

2273 4215 2329 4263 κ,
2362 4197 2476 4270 30),
2507 4207 2562 4252 et
2584 4213 2831 4252 rursom:
2869 4197 3036 4265 Sicut,
3073 4196 3248 4264 Pater,
3269 4208 3323 4252 tu
3351 4199 3402 4250 in
3432 4214 3528 4258 me,
3566 4207 3612 4251 et
3636 4214 3726 4269 ego
3749 4197 3799 4249 in
3821 4205 3863 4249 te

2274 4291 2456 4364 (Joan.
2489 4309 2597 4347 xvn
2627 4334 2640 4358 ,
2687 4292 2802 4365 ει),
2833 4271 3302 4348 contineturﬁdes
3332 4304 3514 4348 nostra
3546 4293 3597 4348 in
3627 4292 3794 4348 Patris
3812 4298 3861 4346 et

2273 4385 2390 4440 Filii
2437 4387 2746 4441 nominibus
2775 4388 3129 4459 personisque
3157 4388 3300 4444 Deus
3329 4403 3487 4442 unus.
3519 4387 3703 4459 Neque
3729 4387 3856 4441 enim

2273 4481 2354 4535 vel
2386 4479 2582 4535 invidia
2608 4480 2941 4548 Judmorum,
2961 4483 3045 4538 vel
3071 4482 3252 4537 odium
3285 4482 3592 4551 gentilium,
3622 4483 3699 4538 vel
3727 4481 3858 4536 furor

2272 4573 2649 4630 harreticorum
2681 4577 2797 4632 aliis
2826 4577 3003 4646 potius
3033 4577 3298 4634 adversus
3321 4595 3419 4634 nos
3459 4578 3640 4633 causis
3666 4589 3742 4631 est
3770 4589 3856 4628 ex-

559 4665 844 4720 abdicante
886 4663 1004 4717 solo
1033 4663 1150 4716 sine
1180 4662 1284 4715 ulla
1336 4662 1526 4734 synodi
1569 4665 1908 4720 auctoritate.
1961 4667 2162 4722 Verum
2192 4679 2250 4741 1)
2275 4673 2469 4728 citatus
2493 4716 2505 4737 ,
2536 4690 2694 4743 quam
2736 4675 2877 4746 quod
2917 4675 3233 4730 mtertiitatis
3267 4674 3336 4747 (ί)
3366 4676 3644 4740 virtutem,
3677 4683 3855 4728 nomen

557 4760 734 4817 omnis
762 4759 859 4813 ista
891 4757 1112 4812 alterius
1139 4771 1316 4812 causre
1343 4766 1396 4811 et
1423 4757 1628 4813 doloris
1666 4768 1750 4815 est
1796 4761 2042 4832 quaestio.
2095 4763 2163 4819 Et

561 4963 684 5003 men
715 4962 816 5001 non
849 4945 1022 4998 solum
1074 4943 1345 4998 consa-ntit
1393 4943 1683 5011 Sulpicius,
1735 4960 1797 4998 ex
1832 4944 1937 4999 ﬁde
1987 4945 2157 5016 ipsius

559 5021 747 5076 eadem
797 5019 1068 5079 scribens;
1104 5016 1196 5069 sed
1229 5017 1404 5069 ethoc
1450 5017 1646 5080 ipsum.
1705 5027 1758 5070 ut
1811 5016 1946 5070 infra
2001 5019 2158 5072 initio

563 5109 713 5146 nunt.
770 5089 835 5144 25
898 5088 1226 5150 declaratur,
1277 5087 1582 5141 continebat
1633 5087 1992 5143 Orientaliqu
2040 5091 2157 5158 epi-

560 5169 698 5219 stola
731 5179 795 5217 ex
823 5160 1106 5216 Sirtniensi
1135 5159 1340 5229 synodo
1367 5159 1432 5212 ad
1484 5159 1933 5213 Mediolauensem
1959 5164 2156 5216 rescri-

556 5237 817 5290 bentium.
851 5233 933 5287 An
963 5232 1100 5286 fnt‘lt'
1131 5248 1274 5284 mera
1295 5231 1410 5284 lta-c
1434 5230 1531 5282 fuit.
1551 5231 1902 5285 Orientalium
1932 5233 2151 5288 illorum

555 5307 846 5368 calumnia,
881 5306 963 5358 eui
997 5303 1227 5356 Hilarius
1258 5302 1414 5370 paulo
1441 5300 1645 5355 facilius
1677 5303 2010 5357 crediderit?
2055 5307 2148 5374 qui

553 5379 748 5435 deinde
775 5393 894 5434 cum
927 5375 1003 5429 ait
1031 5375 1338 5428 Marcellum
1389 5375 1455 5425 ah
1502 5375 1794 5427 Athanasio
1837 5384 2145 5432 abstentum

551 5451 805 5503 anteriore
833 5458 1059 5516 tempore
1079 5463 1228 5516 quam
1266 5442 1520 5497 Photinus
1550 5446 1817 5513 arguitur;
1848 5462 1950 5499 non
1987 5448 2143 5502 intel-

555 5522 672 5586 ligit
717 5531 949 5589 tempus,
1000 5521 1137 5582 quod
1192 5516 1644 5589 Mediolanensem
1694 5517 1957 5589 synodum
2013 5520 2140 5573 anni

552 5593 656 5648 547
709 5586 1010 5660 praecessit,
1044 5591 1134 5642 sed
1154 5586 1296 5660 illud
1328 5597 1554 5660 tantum,
1587 5587 1725 5660 quod
1752 5587 2140 5660 Mediolanensi

551 5665 673 5718 anni
705 5659 810 5717 549
862 5661 1112 5731 superius
1145 5659 1262 5725 fuit,
1292 5659 1382 5713 ubi
1431 5659 1744 5714 solemniori
1792 5659 2021 5728 quadam
2055 5678 2146 5717 ra-

550 5737 692 5790 tione
725 5733 986 5789 Photinus
1011 5739 1094 5786 est
1118 5731 1424 5786 damnatus.

624 5826 701 5894 (η)
733 5825 953 5898 Scilicet
981 5823 1572 5898 Constantinopolitana
1602 5823 1809 5896 synodo
1841 5826 1967 5882 anni
2009 5828 2138 5898 556,

548 5900 699 5967 tujus
725 5904 874 5966 gesta
905 5894 1222 5950 Sardicensi'
1243 5894 1499 5950 dissoluta
1526 5894 1668 5952 sunt.

2274 4765 2394 4822 Filii
2423 4768 2744 4824 conﬁtemur
2791 4769 2842 4824 in
2884 4768 3064 4824 Patre.
3099 4769 3488 4827 [hereticorum
3533 4778 3706 4824 autem
3747 4779 3859 4836 per-

2345 4951 2418 5024 (b)
2471 4951 2624 5007 Hunc
2670 4953 2850 5009 locum
2900 4971 2964 5010 ex
3000 4955 3275 5011 Sirmondi
3309 4957 3633 5012 lectionibus
3661 4964 3855 5011 restau-

2269 5038 2454 5078 ramus
2484 5043 2494 5077 :
2532 5042 2651 5080 cum
2683 5028 2832 5096 prius
2865 5027 3177 5094 haberetur,
3211 5047 3372 5091 neque
3417 5042 3538 5084 tunc
3561 5030 3694 5083 unde
3726 5028 3855 5096 1),le

2273 5096 2398 5148 tino.
2463 5096 2557 5151 llic
2613 5095 2932 5162 conquestio
2983 5109 3087 5160 est.
3151 5101 3292 5170 quod
3338 5101 3644 5156 Orientales
3690 5095 3857 5154 Sirmii

2266 5171 2573 5236 congregati
2605 5170 2671 5224 de
2705 5171 2954 5224 Marcello
2985 5172 3180 5225 callide
3210 5173 3590 5238 rescripseriut
3610 5216 3622 5233 ,
3654 5174 3715 5226 de
3759 5183 3858 5237 quo

2265 5238 2644 5295 Occidentales
2674 5258 2705 5297 e
2736 5242 3125 5299 Mcdiolanensi
3158 5243 3366 5316 synodo
3398 5244 3532 5299 nihil
3573 5245 3703 5316 ipsis
3724 5241 3855 5297 scri-

2268 5322 2505 5378 pscrnnt.

2333 5383 2402 5459 (c)
2435 5383 2597 5459 Editi,
2630 5385 2912 5459 superiore.
2948 5386 3136 5442 Melius
3169 5402 3297 5452 ms.,
3321 5388 3632 5459 superioris,
3658 5384 3851 5442 scilicet

2259 5453 2504 5520 epistolao
2537 5453 2879 5512 Sardi’censis
2906 5473 3058 5514 num.
3087 5459 3141 5513 6.

2337 5547 2414 5616 (ιι)
2442 5547 2734 5618 Adjicitnus
2757 5561 2953 5604 tantum
2973 5567 3039 5605 ex
3063 5551 3334 5610 Sirmondi
3363 5553 3696 5609 lectionibus.
3719 5547 3851 5604 Con-

2259 5621 2510 5698 stansltic
2543 5635 2722 5698 seruio
2751 5621 3374 5698 est_d_e_chide_ntalium
3401 5628 3570 5698 gestis
3592 5626 3639 5679 in
3662 5620 3847 5698 Meg-’1'th
3918 5680 3925 5690 ,

2261 5688 2475 5763 lancnsi
2497 5692 2703 5761 synodo
2731 5693 2854 5747 :mni
2888 5693 3016 5763 549,
3045 5703 3101 5750 et
3128 5695 3197 5752 de
3219 5688 3573 5754 Orientalium
3598 5688 3841 5754 Νεαίρίο

2259 5776 2291 5813 e
2322 5761 2600 5817 Sirmiensi
2632 5765 2866 5820 civitate.

2333 5833 2405 5910 (ιζ)
2431 5833 2597 5910 Ριηιι,Δ
2627 5847 2743 5910 post
2777 5837 3177 5894 Ariminensem
3208 5839 3501 5910 synodum.

2331 5907 2399 5972 (Γ)
2431 5903 2485 5958 ltt
2514 5906 2760 5976 vulgatis,
2790 5912 3085 5966 a'ternitutis
3109 5903 3311 5967 virtute.
3344 5910 3512 5982 Magis
3541 5907 3836 5979 placetcum
