4062 6332
576 272 684 331 655

1776 267 2017 326 SANCTI
2059 267 2313 326 HILARII
2352 270 2657 331 EPISCOPI

3719 296 3803 355 656

574 389 732 459 plena
760 393 921 456 atque
944 382 1178 456 perlecta
1200 386 1306 447 est,
1337 387 1390 436 et
1416 380 1665 435 omnibus
1688 381 1944 454 undique,
1974 385 2167 455 quibus
2193 394 2241 453 Α
2274 388 2643 461 primogenitns
2680 392 2845 447 omnis
2872 403 3118 450 creaturre
3149 412 3168 452 :
3196 396 3315 468 quia
3356 399 3407 452 in
3445 401 3551 469 ipso
3577 411 3805 468 constituta

574 483 816 551 irrepere
856 476 1098 534 haeretici
1130 475 1327 541 solent,
1361 474 1597 531 aditibus
1624 475 1910 547 obseratis,
1945 479 2173 534 inviola—

577 575 669 629 bili
712 575 854 628 inter
902 571 1118 626 Patrem
1156 578 1211 623 et
1243 568 1436 622 Filium
1484 576 1702 623 :rtermc
1735 570 1954 625 unitatis
1985 571 2169 627 solidi-

574 679 685 727 tate
732 667 1073 725 connectitur
1105 683 1117 720 :
1151 663 1269 720 htec
1311 679 1443 719 vero
1478 663 1823 735 simplicitate
1868 664 2167 735 blanditur,

573 765 804 841 primum
835 774 1086 817 asserens
1116 774 1215 815 nos
1248 759 1319 813 ita
1350 758 1598 825 credere,
1633 758 1776 831 quod
1804 759 1943 815 abSit
1970 777 1998 815 a
2030 777 2167 833 quo-

570 874 754 932 quam.
783 856 1050 913 Czeterum
1079 853 1507 911 Occidentalium
1539 853 1694 919 ﬁdes,
1728 855 2055 927 evangelicis
2081 856 2168 912 in-

570 953 754 1008 stituta
782 947 1065 1014 doctrinis,
1097 946 1312 1001 Patrem
1352 946 1405 1001 in
1451 945 1587 1003 Filio
1613 989 1627 1013 ,
1658 945 1850 1003 Filium
1882 949 2171 1007 conﬁtetur

568 1045 622 1100 in
644 1043 801 1099 Patre
826 1057 840 1107 ;
869 1039 1085 1096 Patrem
1116 1038 1436 1109 ingenitum,
1463 1037 1656 1093 Filium
1680 1039 1979 1096 substantia
2012 1052 2168 1098 aeter-

568 1138 754 1197 nitatis
781 1146 1067 1200 :eternum,
1093 1132 1145 1188 id
1170 1140 1275 1199 est,
1306 1139 1365 1187 ut
1393 1131 1608 1189 Patrem
1638 1149 1873 1203 semper,
1900 1135 1970 1190 ita
2002 1144 2056 1192 et
2081 1135 2169 1192 Fi-

567 1234 699 1290 lium
744 1246 960 1301 semper
995 1229 1047 1285 in
1082 1228 1261 1291 Patre,
1291 1238 1344 1282 et
1369 1234 1552 1282 natum
1576 1226 1643 1282 de
1674 1227 1970 1303 Deos“
2000 1230 2165 1286 Deum

567 1344 711 1396 esse,
743 1343 849 1383 non
873 1335 1194 1395 conceptum
1219 1321 1451 1386 scilicet,
1484 1330 1537 1378 et
1559 1321 1612 1378 in
1642 1336 1708 1378 eo
1733 1337 1947 1394 semper
1971 1324 2039 1381 de
2062 1340 2168 1396 quo

565 1430 670 1486 est,
701 1435 843 1478 esse.

635 1517 726 1573 29.
780 1534 800 1569 t
847 1514 917 1571 At
943 1529 1074 1570 vero
1124 1513 1240 1569 hmc
1285 1510 1506 1584 perﬁdia
1542 1511 1913 1585 (Orientalium
1967 1513 2166 1571 Sirmio

562 1608 975 1678 rescribentium)
1010 1622 1115 1663 non
1161 1605 1295 1662 lides
1317 1647 1334 1674 ,
1390 1604 1556 1660 Deum
1595 1622 1659 1661 ea:
1693 1605 1797 1660 Deo
1829 1606 2015 1663 dicens
2043 1650 2057 1675 ,
2111 1617 2165 1664 et

561 1704 960 1779 primogenitum
988 1699 1378 1757 commendans
1401 1742 1418 1769 ,
1450 1708 1505 1756 et
1545 1699 1829 1756 Trinitatis
1854 1717 2050 1758 nomen
2083 1703 2167 1757 in-

2273 493 2393 538 sunt
2420 486 2591 539 omnia
2620 486 2673 540 in
2702 488 2840 542 caelis
2866 499 2911 543 et
2937 491 2994 543 in
3025 500 3180 559 terra,
3213 493 3428 549 visibilia
3454 506 3498 550 et
3536 500 3771 560 invisibilia
3792 552 3805 574 ,

2271 575 2375 631 sive
2406 576 2615 644 Throni,
2653 581 2761 636 sive
2785 579 3194 653 Dominationes,
3227 588 3331 641 sive
3378 587 3699 663 Principalus,
3729 602 3812 656 sive

2274 668 2575 738 Potestates,
2601 677 2771 731 omnia
2794 694 2883 746 per
2918 680 3088 748 ipsum
3121 692 3170 737 et
3195 684 3247 737 in
3273 684 3387 755 ipso
3415 689 3606 744 condita
3634 705 3750 764 sunt,
3774 707 3812 753 et

2271 764 2381 836 ipse
2429 778 2502 823 est
2535 780 2653 824 ante
2685 787 2862 828 omnes
2892 772 3112 843 (Coloss.
3161 793 3194 842 l,
3233 778 3462 853 {5,16}.
3508 782 3670 857 Imago
3708 806 3814 861 ergo

2271 858 2367 915 Dei
2385 859 2672 919 invisibilis
2698 880 2766 920 ex
2792 865 2962 921 nihilo
2984 868 3117 924 ordo
3143 879 3245 938 est,
3276 874 3505 945 etcuapit
3528 891 3552 928 a
3575 858 3813 949 tempore?

2271 952 2381 1009 Aut
2407 956 2526 1027 quia
2550 956 2938 1028 primogenitus
2962 962 3139 1018 omnis
3167 974 3429 1022 creaturae
3459 977 3558 1035 est,
3576 971 3695 1026 ordo
3716 977 3814 1044 qui-

2271 1045 2392 1102 dem
2416 1046 2469 1102 in
2500 1064 2566 1104 eo
2590 1064 2845 1107 connexze
2877 1052 2951 1124 (a)
2983 1052 3269 1127 incognita:
3295 1062 3579 1117 creationis
3602 1066 3818 1135 exprimi-

2272 1145 2378 1206 tur,
2410 1140 2503 1195 scd
2535 1155 2640 1196 neu
2660 1144 2904 1214 sequitur
2924 1145 3337 1216 primOgenitum
3366 1153 3539 1207 oumis
3564 1159 3816 1213 creaturae?

2270 1233 2407 1300 Quia
2439 1235 2490 1289 in
2522 1235 2639 1305 ipso
2679 1238 2969 1295 constituta
3015 1253 3141 1297 sunt
3190 1244 3373 1301 omnia
3406 1245 3459 1303 in
3504 1250 3647 1305 caelis
3684 1262 3732 1306 ct
3776 1254 3816 1308 in

2272 1338 2436 1398 terra,
2462 1329 2515 1386 id
2544 1342 2647 1399 est,
2682 1333 2880 1404 inlipso
2912 1335 3285 1395 universorum
3317 1341 3688 1400 elementorum
3713 1348 3819 1402 visi-

2268 1422 2452 1478 bilium
2479 1436 2531 1479 et
2558 1423 2905 1483 invisibilium
2934 1431 3149 1487 condita
3199 1444 3253 1489 et
3297 1436 3588 1493 constituta
3628 1443 3817 1499 materia

2267 1525 2383 1581 est;
2415 1524 2470 1573 et
2517 1517 2720 1575 idcirco
2749 1523 2931 1577 omnia
2969 1539 3064 1593 per
3095 1526 3267 1596 ipsum
3298 1537 3353 1585 et
3384 1530 3440 1586 in
3469 1531 3581 1603 ipso
3608 1550 3620 1586 :
3655 1534 3821 1593 idcirco

2270 1609 2657 1681 primogenitus
2687 1615 2862 1670 omnis
2888 1626 3171 1688 creatur-.e,
3206 1621 3331 1692 quia
3363 1623 3419 1678 in
3448 1626 3652 1692 eodem,
3676 1627 3770 1699 jam
3794 1645 3819 1685 a

2266 1704 2554 1776 principio,
2586 1707 2828 1763 omnium
2851 1725 2971 1781 qua:
3001 1711 3290 1770 eﬁ'ecturus
3320 1727 3460 1784 erat,
3492 1720 3660 1775 omnia
3687 1736 3820 1797 gene-

560 1800 811 1863 stitueus,
834 1795 983 1850 virus
1012 1810 1168 1849 suum
1195 1793 1296 1849 sub
1326 1792 1589 1848 modestia
1614 1793 1879 1864 religiosa:
1911 1794 2161 1851 modera-
2190 1802 2240 1863 Β
2266 1800 2532 1855 rationum
2563 1800 2729 1875 645
2758 1801 2903 1859 initia
2934 1803 3008 1878 (b)
3036 1807 3414 1864 consutcrunt.
3439 1810 3611 1883 Atque
3642 1830 3735 1871 non
3758 1796 3815 1870 ita

560 1891 724 1947 tionis
749 1889 1006 1955 occultat,
1042 1886 1253 1954 dicens,
1288 1884 1456 1940 Deum
1483 1900 1546 1939 ea:
1591 1884 1736 1954 Deo,
1771 1886 1943 1940 lumen
1985 1903 2048 1942 ea:
2075 1888 2159 1942 lu-

558 1986 694 2040 mine
722 2000 741 2039 :
768 1992 825 2038 ut
856 1999 951 2055 per
972 1981 1312 2037 occasionem
1344 1978 1703 2035 confessionis
1736 1979 1891 2035 istius
1910 2022 1925 2048 ,
1955 1996 2020 2037 ex
2048 1981 2158 2039 Deo

555 2095 620 2136 ac
647 2079 868 2142 lumine,
906 2078 1045 2133 Deus
1070 2091 1135 2131 ac
1167 2076 1349 2132 lumen
1384 2076 1552 2129 tactus
1577 2088 1605 2128 a
1634 2074 1763 2141 Deo,
1814 2092 1919 2129 non
1948 2077 2159 2146 genitus

553 2176 622 2232 de
653 2175 787 2241 Deo,
820 2173 873 2229 id
900 2180 1005 2239 est,
1036 2187 1139 2227 non
1168 2170 1234 2225 de
1260 2168 1562 2225 substantia
1602 2179 1841 2240 paternae
1881 2170 2159 2225 asternita-

554 2271 623 2325 tis
645 2268 932 2333 exstiterit;
962 2280 1024 2320 ac
1052 2265 1132 2321 sic
1160 2263 1491 2320 contumelia
1536 2263 1712 2320 Patris
1738 2264 1961 2319 vilescat
1986 2273 2041 2319 et
2070 2262 2157 2319 Fi-

550 2364 681 2429 lius,
712 2364 755 2419 si
785 2363 928 2417 Deus
957 2371 1108 2416 ortus
1136 2374 1203 2415 ex
1233 2358 1400 2413 nihilo
1422 2367 1510 2415 est
1540 2374 1553 2411 :
1580 2358 1630 2413 in
1657 2357 2156 2429 primogenitia'ero

550 2457 894 2515 confessione
925 2454 1172 2510 ordinem
1204 2451 1491 2523 quemdam
1521 2450 1588 2507 ab
1624 2450 1740 2522 ejus
1770 2460 1890 2507 ortu
1920 2449 2155 2506 creantis

548 2552 614 2622 (ι’.
644 2548 864 2621 creatis)
898 2547 1082 2603 mundi
1115 2546 1278 2602 rebus
1308 2545 1587 2617 assignent
1615 2561 1630 2600 :
1680 2553 1738 2599 ut
1764 2546 1886 2615 quia
1920 2544 2153 2600 mundus

547 2661 613 2700 ex
643 2652 887 2714 tempore
909 2650 1013 2707 est,
1039 2651 1241 2707 tamen,
1258 2640 1382 2696 licet
1400 2639 1601 2694 mundo
1620 2639 1768 2709 prior
1786 2640 1854 2693 sit
1880 2637 2148 2719 Christus,

548 2755 612 2795 ex
639 2749 882 2809 tempore
909 2735 1010 2801 sit;
1056 2743 1112 2791 et
1141 2749 1246 2790 non
1276 2732 1552 2789 aeternitas
1584 2733 1635 2787 iu
1668 2747 1735 2788 eo
1767 2742 2009 2802 tempore
2059 2733 2152 2802 (an

547 2844 675 2891 ante
698 2832 1021 2903 tcmpora‘i),
1038 2829 1132 2886 sed
1154 2829 1290 2885 ordo
1309 2830 1361 2885 in
1379 2838 1621 2899 tempore
1641 2826 1891 2881 sitcreati
1912 2828 1976 2898 (f.
1999 2842 2146 2881 crea-

546 2927 638 3002 tis)
672 2945 684 2981 :
713 2943 775 2983 ac
808 2942 904 2999 per
929 2925 1033 2981 hoc
1059 2923 1262 2993 aliquid
1285 2921 1428 2994 quod
1472 2933 1597 2977 ante
1621 2937 1743 2976 eum
1769 2921 1839 2975 sit
1871 2921 2147 2992 relinqua-

544 3035 651 3089 tur,
682 3021 774 3094 qui
804 3037 926 3077 esse
952 3019 1118 3090 coepit
1144 3034 1208 3074 ex
1243 3030 1526 3087 tempore;
1559 3015 1720 3088 (adde
1760 3014 1837 3087 et)
1883 3013 2148 3071 dissolva-

540 3128 626 3174 tur
657 3119 712 3174 in
740 3117 958 3173 Christo
994 3130 1159 3170 omne
1186 3114 1329 3185 quod
1377 3113 1521 3169 Deus
1546 3121 1650 3176 est,
1688 3128 1813 3167 cum
1845 3114 1897 3167 in
1940 3128 2005 3167 co
2035 3129 2141 3170 non

540 3197 801 3268 eistantis
825 3207 1117 3280 aliquando
1143 3207 1323 3262 Mariae
1351 3214 1501 3261 ortus
1527 3221 1560 3260 a
1584 3216 1831 3275 tempore
1853 3205 1943 3260 sit.

609 3303 701 3360 50.
729 3302 962 3358 Christus
985 3318 1083 3373 quo
1105 3316 1256 3356 sensu
1285 3298 1657 3370 primogenitus
1674 3298 1838 3352 omnis
1868 3310 2135 3354 creaturae.

537 3426 609 3439 —-
645 3416 664 3449 ‹
699 3395 841 3465 Quin
871 3395 1035 3450 etiam
1085 3392 1331 3449 homines
1372 3406 1467 3461 spe
1496 3391 1642 3446 omni
1672 3390 1811 3446 bona
1841 3393 1993 3447 vacui
2019 3434 2033 3456 ,
2067 3391 2134 3447 ad

536 3490 876 3547 occasionem
909 3487 1042 3541 tanti
1098 3485 1322 3556 periculi
1365 3483 1742 3539 auctoritatem
1781 3484 2134 3555 apostolicam

537 3581 884 3655 portendunt;
916 3579 1042 3651 quia
1071 3578 1139 3634 de
1166 3578 1233 3634 eo
1259 3579 1459 3632 dictmn
1488 3578 1580 3641 sit,
1619 3578 1990 3649 primogenitus
2020 3594 2133 3632 om-

534 3678 615 3732 nis
636 3685 905 3731 creaturaz.
951 3671 1059 3728 Sed
1098 3668 1476 3727 subtrahentes
1501 3668 1912 3727 antecedentem
1939 3685 2134 3727 conse-

535 3780 899 3843 quentemque
927 3766 1289 3831 sententiam,
1324 3773 1511 3835 aptant
1537 3764 1602 3837 (f.
1635 3761 1839 3836 aptam)
1872 3764 2136 3822 doctrinis

534 3865 647 3920 suis
675 3863 775 3919 sub
798 3859 1043 3933 Apostoli
1071 3860 1288 3914 nomine
1322 3867 1636 3927 perstruunt
1663 3856 1974 3913 falsitatem.
2001 3857 2135 3913 Nam

533 3957 656 4015 talis
681 3965 765 4014 est
794 3956 926 4013 ordo
948 3955 1215 4011 dictorum
1242 3969 1255 4006 :
1285 3950 1386 4017 Qui
1411 3959 1485 4006 est
1514 3950 1685 4023 imago
1711 3947 1813 4006 Dei
1839 3950 2132 4020 invisibilis,

574 4078 662 4134 uid
695 4076 1031 4142 mutandum,
1082 4073 1253 4144 magis
1305 4068 1569 4144 arrideret
1618 4070 1945 4144 intentionis,
2002 4080 2130 4141 puta

581 4151 884 4207 rientalium
918 4166 930 4201 :
963 4141 1052 4218 qui
1085 4141 1281 4225 Sirmio
1309 4142 1709 4225 rescribente's,
1764 4141 1885 4225 ﬁdei
1918 4144 2133 4225 contes-

530 4226 737 4278 sionem
764 4213 995 4276 nomino
1013 4218 1209 4273 nudam
1255 4230 1319 4271 ac
1357 4214 1598 4285 jejunam
1630 4213 1845 4269 Photini
1872 4213 2129 4270 condem-

530 4296 736 4349 nationi
767 4294 1195 4348 sobuexuerunt.

602 4366 679 4436 (a)
707 4365 833 4420 Mss.
882 4365 1159 4443 incognita.
1206 4359 1323 4443 Non
1365 4357 1677 4443 displiceret
1705 4359 2004 4443 congenitte,
2042 4359 2127 4443 vel

531 4435 670 4491 ineo
710 4438 911 4508 genitor.
959 4435 1015 4489 lu
1060 4435 1386 4508 ipso‘antem
1415 4439 1676 4508 nascente
1718 4440 1897 4508 creata
1943 4435 2127 4508 omnia

2267 1891 2319 1946 in
2364 1891 2554 1949 ordine
2599 1904 2966 1952 creaturarum
2995 1940 3011 1963 ,
3057 1915 3176 1970 qua:
3218 1900 3270 1955 in
3315 1901 3507 1959 ordine
3548 1907 3818 1963 constituta:

2263 1995 2407 2053 sunt,
2439 1987 2644 2056 primus
2697 1989 2749 2043 in
2778 2004 3008 2045 numero
3034 2001 3117 2047 est
3142 2009 3154 2045 ε
3180 1993 3273 2049 sed
3304 1994 3420 2063 ipse
3449 1996 3618 2073 imago
3653 1999 3732 2054 Dei
3756 2002 3823 2055 in-

2262 2076 2514 2143 visibilis,
2548 2095 2772 2136 manens
2819 2098 2913 2149 per
2945 2082 3194 2142 virtutem
3247 2085 3518 2144 efﬁciendi
3550 2104 3750 2163 semper
3781 2093 3822 2148 in

2261 2171 2400 2242 ipso,
2434 2188 2491 2229 se
2520 2173 2935 2246 primogenitum
2966 2176 3218 2233 habuerit
3256 2194 3470 2248 eorum,
3515 2198 3631 2254 qua:
3656 2199 3740 2255 per
3759 2183 3824 2256 ip-

2261 2280 2379 2321 sum
2420 2265 2473 2321 in
2503 2267 2644 2323 cmlo
2686 2277 2741 2326 et
2769 2269 2820 2325 in
2854 2280 2996 2326 terra
3026 2272 3259 2328 visibilia
3303 2282 3358 2330 et
3392 2275 3671 2332 invisibilia
3700 2292 3823 2335 crea-

2266 2370 2461 2417 rentur
2490 2365 2778 2420 exstantia.

2327 2455 2416 2510 5].
2448 2454 2674 2511 Trinitas
2719 2458 2806 2527 qui
2856 2459 3035 2531 dispar
3072 2461 3448 2520 inducatur.—
3470 2482 3489 2519 t
3520 2465 3652 2534 Quin
3687 2466 3822 2522 etiam

2257 2547 2403 2605 haud
2455 2551 2754 2617 dissimilis,
2789 2552 2841 2608 in
2869 2554 3153 2611 Trinitatis
3186 2561 3617 2630 nuncupatione,
3654 2560 3824 2616 falsitao

2257 2646 2323 2696 tis
2345 2658 2532 2697 eormn
2562 2651 2850 2702 contextus
2879 2654 2982 2702 est.
3010 2646 3107 2703 Ubi
3134 2650 3278 2705 enim
3303 2664 3335 2704 a
3356 2649 3589 2708 diversis
3608 2653 3825 2708 substan-

2254 2734 2345 2791 tiis
2374 2734 2565 2791 Filium
2608 2752 2636 2791 a
2681 2738 2862 2805 Patre,
2899 2740 3059 2810 impio
3085 2748 3142 2796 et
3171 2744 3437 2800 maledico
3469 2761 3562 2801 ore
3593 2745 3660 2817 (c)
3687 2746 3822 2801 disci-

2254 2828 2468 2897 derint,
2512 2840 2563 2885 ct
2604 2830 2657 2885 in
2707 2835 2973 2902 separatis
3013 2834 3224 2890 throhus
3259 2839 3484 2894 assistat
3530 2841 3821 2908 auctoritas,

2255 2924 2412 2976 tertia
2467 2923 2843 2981 dinumeratur
2884 2927 2936 2981 in
2971 2926 3172 2999 Spiritu
3207 2947 3220 2983 :
3249 2930 3407 3005 et(d)
3440 2949 3561 2989 cum
3603 2936 3659 2989 ﬁt
3692 2935 3823 2990 Pater

2252 3016 2303 3071 in
2334 3015 2469 3073 Filio
2496 3026 2552 3072 et
2577 3018 2748 3074 Filius
2772 3018 2827 3075 in
2850 3020 3031 3090 Patre,
3058 3030 3114 3079 et
3133 3024 3367 3093 Spiritus
3380 3038 3601 3085 sanctus
3627 3028 3821 3101 accipiat

2250 3120 2604 3190 cx’tttroque;
2636 3116 2686 3170 in
2717 3131 2783 3172 eo
2803 3159 2818 3183 ,
2848 3116 2988 3188 quod
3021 3116 3257 3186 Spiritus
3291 3124 3614 3190 exprimitur
3651 3131 3824 3180 sanciat

2172 3206 2217 3270 C
2253 3188 2412 3275 huius
2445 3207 2768 3262 inviolabilis
2794 3210 2970 3265 unitas
3003 3210 3068 3281 (f.
3089 3211 3214 3265 add.
3239 3188 3569 3288 Trinitatis),
3602 3214 3822 3272 harrctim

2252 3308 2401 3368 parte
2443 3302 2705 3370 parturiat
2744 3302 2979 3359 Trinitas
3017 3307 3332 3376 pronuntiat
3367 3307 3435 3381 (f.
3473 3310 3822 3381 pronunciata)

2247 3390 2552 3448 dissidium.

2314 3485 2405 3541 3'2.
2437 3484 2490 3540 Ν
2496 3487 2686 3543 irtenus
2712 3497 2958 3545 tractatus
2985 3509 3139 3563 quam
3160 3506 3463 3552 accuratus.
3490 3528 3557 3539 —-
3593 3518 3610 3551 ι
3634 3496 3731 3554 Sed
3754 3494 3822 3551 di-

2245 3578 2417 3651 ligcns
2448 3579 2648 3635 Nicami
2679 3588 2941 3638 tractatus
2966 3585 3345 3660 perfectusque
3371 3604 3555 3646 sermo
3580 3590 3822 3647 artissimo

2245 3672 2491 3727 veritatis
2558 3675 2898 3745 praescripto,
2956 3680 3136 3734 omnia
3194 3680 3580 3739 haereticorum
3630 3681 3821 3754 ingenia

2245 3763 2316 3838 (c)
2334 3765 2619 3830 conclusit,
2644 3767 2716 3821 ita
2746 3783 2951 3838 ponens
2980 3769 3281 3829 :Credimus
3301 3775 3354 3828 in
3377 3792 3540 3829 unum
3566 3775 3717 3831 Deum
3740 3787 3821 3846 pa-

2244 3867 2394 3924 trem,
2421 3870 2468 3914 et
2494 3861 2545 3914 in
2573 3878 2735 3916 unum
2763 3863 2927 3933 [ilium
2968 3868 3078 3939 ejus
3125 3866 3309 3923 Jesum
3352 3869 3637 3926 Christum.
3664 3868 3817 3925 Unum

2246 3953 2430 4017 ambo,
2461 3960 2517 4007 et
2546 3964 2775 4026 uterque
2806 3972 2996 4028 unum,
3029 3958 3098 4032 (Γ)
3145 3971 3199 4016 et
3239 3961 3291 4017 in
3326 3963 3601 4034 personali
3631 3963 3821 4019 nomine

2243 4081 2330 4126 tur
2350 4073 2696 4148 discederent.
2724 4074 2929 4133 Sensus
2962 4082 3198 4148 postulat
3220 4083 3521 4139 disciderint
3539 4099 3559 4139 :
3581 4092 3636 4139 et
3653 4083 3817 4140 crebra

2239 4154 2323 4226 est
2348 4144 2403 4198 in
2437 4160 2568 4227 mss.
2598 4147 2615 4198 i
2644 4148 2697 4201 in
2724 4164 2750 4201 ε
2776 4144 3035 4227 mutatio;
3068 4153 3374 4227 sicutiloco
3400 4158 3455 4210 u‘t
3486 4171 3630 4227 saepe
3648 4169 3817 4213 oecur-

2242 4218 2310 4271 rit
2368 4227 2463 4297 et._
2488 4216 2746 4297 Adeoque
2774 4216 3031 4297 proxime
3061 4226 3345 4296 legendum
3379 4216 3662 4297 putamus,
3698 4238 3745 4280 ut
3773 4227 3817 4281 in

2238 4288 2489 4372 separatis
2517 4288 2714 4344 duobus
2760 4288 2969 4372 assistat
3010 4288 3288 4353 auct'oritas
3323 4315 3342 4354 :
3371 4288 3515 4369 quod
3551 4288 3718 4372 potest
3754 4299 3812 4353 ita

2239 4357 2487 4431 intelligi,
2558 4371 2616 4415 ut
2666 4364 3003 4442 auctoritas,_
3035 4385 3102 4442 ex
3149 4387 3253 4440 qua
3306 4357 3565 4442 prdcedit'
3605 4371 3813 4440 Spiritus

2239 4442 2480 4513 sanctus,
2510 4447 2618 4487 non
2660 4434 2731 4513 sit
2752 4451 2878 4513 una,
2909 4440 3005 4513 sed
3051 4439 3102 4495 in
3134 4434 3345 4499 duobus
3368 4446 3633 4513 separatis
3649 4434 3813 4500 exsis-

529 4501 774 4564 Conneita
804 4514 960 4564 erant
985 4518 1039 4561 et
1069 4501 1706 4591 quodammoduﬁenital:
1735 4503 1855 4591 quia
1880 4503 2125 4591 uasceli‘a-
2150 4509 2205 4570 Β
2231 4511 2332 4591 ξπ..
2368 4504 2509 4587 .Tutu
2555 4507 2704 4560 tertia
2751 4501 2966 4581 (supple
3016 4513 3324 4591 substantia)
3375 4501 3721 4572 dinumeratur
3766 4514 3812 4569 in

529 4591 613 4634 tur
641 4591 840 4635 creator
868 4579 1024 4641 Deus.
1058 4573 1115 4630 ut
1144 4573 1440 4643 expultitul‘
1469 4573 1561 4625 ill).
1591 4587 1625 4625 lt
1654 4574 1721 4625 de
1746 4574 1896 4628 Trin.
1925 4590 1977 4627 η.
2006 4575 2079 4629 20
2106 4591 2120 4628 2

535 4652 916 4725 Primogenitus
958 4652 1128 4725 itaque
1162 4647 1329 4725 omnis
1379 4652 1627 4725 creatura;
1650 4653 1756 4725 est.
1808 4645 1982 4713 inquit
2027 4646 2120 4725 lib.
2192 4674 2193 4681 ι

529 4740 625 4780 vui
650 4767 663 4792 ,
718 4716 772 4778 ἶι.
805 4725 895 4789 50,
950 4716 1067 4790 quia
1092 4721 1147 4774 in
1167 4721 1279 4792 ipso
1301 4726 1473 4770 creata
1491 4716 1674 4792 omnia
1688 4717 1789 4770 sint
1819 4733 1837 4770 :
1864 4727 1917 4771 et
1939 4718 2124 4788 paucis

526 4789 827 4865 interjei-tis
855 4814 868 4851 :
902 4789 1278 4865 Primogeuitus
1298 4789 1978 4865 Aquoqueﬂomuiscreatura'
2010 4800 2135 4865 est,

526 4859 791 4923 continens
819 4869 872 4920 in
916 4884 968 4920 se
992 4859 1339 4946 universitatis
1363 4859 1665 4946 exordium;
1703 4861 1775 4916 Ex
1807 4862 2006 4946 quibus
2034 4863 2121 4946 .sic

528 4942 804 5008 explicare
834 4940 951 4992 licet
986 4937 1126 4991 hunc
1156 4934 1549 5008 llilarii‘lncum
1582 4950 1595 4985 :
1624 4932 1891 5008 Numquid
1921 4936 2007 5002 qui
2034 4934 2115 5008 in-

527 5003 755 5067 visibilis
783 5012 872 5065 Dei
906 5011 1079 5079 imago
1095 5017 1198 5065 est.
1218 5021 1281 5063 ex
1303 5003 1466 5059 nihilo
1495 5006 1760 5073 putandus
1783 5012 1961 5089 est,.et
1983 5006 2117 5061 ordo

526 5100 621 5138 seu
653 5087 701 5136 in
735 5084 925 5139 ordine
955 5095 1132 5135 rerum
1165 5089 1463 5133 ert-alarum
1512 5090 1655 5138 esse,
1687 5086 1739 5130 et
1769 5084 2002 5144 empisse
2050 5092 2115 5131 ex

526 5155 810 5224 tempore?
856 5154 963 5209 Aut
1008 5149 1266 5221 numquid
1326 5150 1500 5229 potius
1552 5163 1673 5229 cum
1727 5148 2117 5229 primogenitus

523 5219 827 5297 appellatur
855 5229 1033 5302 omnis
1058 5219 1515 5302 creaturamprdp
1537 5220 1751 5297 quidem
1774 5234 2035 5302 conpes-.0
2063 5221 2114 5273 in

525 5292 891 5368 en'tainquam
944 5298 995 5352 in
1028 5309 1187 5351 causa
1226 5292 1523 5371 erettionis
1544 5294 1724 5371 omnis
1754 5293 2111 5371 exprimitur;

522 5372 615 5423 sed
646 5366 765 5425 nnn'
786 5369 1030 5439 sequitur
1061 5381 1182 5421 eum
1225 5366 1295 5417 ita
1326 5376 1448 5417 esse
1480 5366 1891 5444 primogenitum
1918 5372 2019 5444 aut
2062 5366 2112 5416 in

521 5444 713 5496 ordine
771 5442 838 5495 sit
868 5432 1068 5495 'rerum
1117 5445 1440 5491 creatarmn.
1502 5432 1651 5487 llanc
1699 5432 2112 5501 eXplicationem

518 5513 840 5586 conﬁrmant
854 5512 1129 5586 ASlllilleXu.
1212 5580 1221 5586 _
1438 5575 1449 5586 ι
1842 5574 1871 5586 Α.

589 5582 663 5654 (b)
694 5584 748 5636 lu
780 5582 1033 5658 vulgatis,
1060 5580 1409 5658 constituerat.
1438 5575 1490 5658 In
1520 5589 1673 5634 mss.,
1708 5575 2110 5658 constituerunt;

517 5664 567 5706 et
596 5647 754 5722 paulo
779 5647 923 5715 ant'e,
955 5654 1043 5723 qui
1070 5654 1346 5729 effecimus
1373 5656 1498 5715 erat,
1526 5661 1631 5701 non
1673 5661 1805 5729 qtae.
1851 5647 1962 5701 Duo
2015 5647 2107 5701 illa

515 5720 676 5779 verba
701 5739 805 5799 non
838 5720 1043 5780 temere
1072 5720 1226 5799 n'obis
1251 5720 1497 5799 videmur
1516 5720 1841 5799 correxisse.

589 5794 662 5869 (c)
699 5794 910 5850 Editum
943 5804 1060 5851 erat
1088 5792 1447 5860 distenderent,
1489 5804 1611 5846 cum
1653 5788 1706 5844 iu
1738 5804 1868 5845 mss.
1900 5786 2100 5846 habea-

2233 4574 2465 4645 Spiriru.

2304 4646 2385 4719 (ά)
2417 4648 2495 4703 Ex
2521 4649 2844 4708 lectionibus
2873 4654 3037 4711 Sirm.
3072 4656 3319 4715 addimus
3339 4678 3457 4717 cum
3487 4679 3505 4719 :
3532 4663 3624 4719 sed
3655 4671 3705 4718 et
3726 4675 3811 4714 an—

2230 4727 2313 4799 tea
2338 4731 2393 4773 ut
2419 4737 2515 4789 pro
2558 4732 2609 4799 et
2646 4724 2895 4799 lubenter
2933 4729 3353 4799 susciperemus.
3412 4736 3506 4791 Sic
3552 4739 3690 4799 enim
3738 4731 3811 4787 hic

2227 4790 2780 4868 Ιυειξῃρεθνοὶριμιιιε
2811 4799 3019 4854 videtur
3049 4790 3145 4856 :iit
3171 4820 3286 4857 cum
3313 4805 3378 4859 sit
3404 4790 3573 4861 Pater
3587 4790 3638 4861 in
3664 4803 3807 4868 Filio,

2226 4876 2273 4944 et
2320 4862 2494 4919 Filius
2532 4868 2583 4949 iu
2611 4866 2890 4949 lPatre,_et
2942 4871 3174 4949 Spiritus
3211 4878 3426 4949 accipiat
3471 4895 3539 4934 ea:
3583 4862 3807 4949 utroque}

2225 4934 2280 4988 iu
2308 4951 2388 5001 eo,
2442 4939 2576 5006 quod
2594 4937 2925 5022 .(secunduru
2949 4934 3271 5022 (εἷεμιοιὲτρδ)
3314 4934 3545 5016 Spiritus
3587 4934 3808 5022 exprimi;

2228 5015 2310 5088 tur
2347 5019 2537 5062 sancite
2586 5012 2739 5088 huius
2765 5015 3075 5069 inviolabilis
3123 5012 3393 5076 Trinitatis
3422 5024 3618 5088 unitas,
3648 5012 3808 5074 Ἰηπα-

2225 5078 2329 5132 tica
2355 5087 2500 5157 parte
2531 5085 2784 5157 parturiat
2808 5088 3012 5140 trinitas
3040 5093 3371 5157 pronuntiata
3396 5078 3681 5147 dissiditim.

2302 5156 2374 5220 (ε)
2402 5150 2458 5204 In
2487 5154 2740 5223 vulgatis,
2774 5158 3001 5213 inclusit.
3036 5150 3364 5219 Conciunius
3388 5175 3570 5220 tamen
3592 5165 3643 5219 in
3668 5177 3804 5224 mss.,

2226 5223 2512 5300 conclusit,
2540 5226 2590 5279 id
2626 5236 2730 5292 est,
2762 5227 2836 5281 ita
2861 5238 3206 5300 compressit,
3249 5244 3307 5289 ιιι
3343 5237 3524 5293 nullus
3564 5223 3804 5292 evadendi

2228 5292 2376 5374 locus
2420 5298 2838 5380 relinqueretur.
2908 5292 3078 5380 Paulo
3111 5292 3237 5360 ante
3293 5292 3638 5378 reposuimus
3689 5319 3809 5380 pri!-

2225 5366 2436 5446 scripta,
2464 5367 2552 5446 ubi
2576 5368 2864 5446 obtinebat
2889 5374 3188 5446 perscripto.

2295 5436 2362 5559 ἓν)
2393 5436 2546 5504 Quod
2574 5441 2659 5494 hic
2689 5442 2866 5509 deest,
2889 5436 3053 5501 ’ίιείιθ
3081 5436 3426 5521 intelligitur,
3458 5451 3671 5507 Patrem
3692 5448 3798 5506 scil.

2321 5505 2487 5559 ‘iliutu
2515 5524 2702 5559 natura
2738 5530 2901 5559 nniim
2921 5531 3042 5559 mea
3064 5534 3078 5547 ο
3109 5535 3228 5559 mm
3263 5533 3487 5559 ulna-una
3508 5540 3647 5559 ..ηηρ
3678 5525 3798 5559 non:

2218 5515 2273 5587 et
2295 5505 2487 5591 Filium
2515 5524 2703 5591 natura
2738 5505 2901 5569 unum
2921 5531 3078 5584 esse;
3109 5535 3229 5574 cum
3260 5505 3487 5591 uterque
3508 5505 3802 5591 unnsDeus

2216 5579 2307 5658 sit,
2333 5581 2432 5631 sub
2460 5584 2676 5665 nomine
2700 5594 2877 5665 tamen
2900 5603 2963 5643 ae
2989 5579 3325 5665 proprietate
3348 5579 3639 5665 personati.
3662 5590 3799 5665 Quod

2208 5647 2319 5717 jam
2377 5666 2527 5706 num.
2576 5653 2647 5709 25
2720 5647 3049 5715 declaratum
3092 5647 3197 5718 'est
3250 5647 3802 5722 tii's‘ié‘riiigﬁiaa

2210 5732 2385 5808 unostra
2413 5723 2528 5779 haec
2559 5727 2719 5808 (ἔξιρη
2749 5728 2923 5808 Patris
2952 5741 2998 5785 et
3023 5731 3164 5808 Filii
3180 5736 3464 5791 nominibus
3492 5737 3802 5808 personiiquc

2211 5788 2352 5846 Deus
2375 5809 2527 5850 unus.
2569 5788 2719 5855 Unde
2751 5803 3120 5872 eonjectamus
3151 5788 3458 5878 leVg—enduni‘
3484 5788 3798 5875 ééséiiiuim
