4062 6332
368 357 481 417 657

1305 365 1396 421 EX
1437 365 1669 423 OPERE
1710 365 2073 426 HlS'i‘ORlCO
2111 368 2587 430 FRAGMENTUM
2629 372 2715 429 ΙΙΙ.

3577 376 3682 435 ὒ58

365 479 560 550 patris.
592 479 656 533 Et
678 481 730 534 in
757 478 952 535 Filium
981 499 1156 548 unum,
1191 486 1316 555 quia
1348 502 1486 542 unus
1508 496 1593 543 est
1620 486 1690 545 de
1718 495 1969 562 utroque,
1998 492 2051 553 Α
2076 492 2277 547 stantia
2318 494 2638 549 aeternitatis
2681 494 2952 566 expletur.
2985 494 3140 565 Quod
3170 503 3350 551 autem
3398 495 3678 562 descendit,

364 568 539 627 Deum
567 592 739 630 verum
766 575 829 630 de
849 575 955 631 Deo
978 594 1097 635 vero.
1115 578 1274 636 docet
1295 590 1346 635 et
1376 580 1628 636 virtutem
1672 588 1728 638 ct
1766 598 1974 639 nuncu-

366 668 644 738 pationem
697 666 771 741 (a)
805 670 917 739 pari
968 671 1018 724 in
1048 679 1280 743 utroque
1328 674 1557 730 veritate
1585 691 1969 744 communem;

364 774 547 829 neque
592 760 735 814 aliud
781 761 835 817 in
886 762 995 817 alio
1021 765 1379 835 opinandum.
1413 783 1533 823 cum
1569 768 1710 824 Deus
1738 768 1805 826 de
1838 770 1969 837 Deo,

365 858 425 909 et
448 867 608 908 verus
636 853 703 909 de
725 870 856 910 vero
904 856 976 910 sit
1022 866 1249 930 uterque
1283 877 1466 916 unum.
1502 862 1636 917 Cum
1660 878 1789 919 vero
1816 864 1887 918 sit
1917 864 1970 921 in

366 954 599 1014 utroque
645 947 874 1019 (supple,
926 966 1115 1016 unum,
1159 953 1274 1007 scil.
1324 969 1546 1021 nomen,
1578 955 1769 1021 virtus,
1804 960 1967 1030 etc.);

366 1048 548 1091 natum
579 1054 812 1096 veronon
838 1042 1110 1112 factumad
1137 1047 1522 1117 proprietatem
1552 1060 1704 1106 ortns
1729 1059 1783 1107 et
1812 1054 1973 1124 origi-

364 1131 449 1185 nis
468 1130 631 1186 refert
656 1150 668 1186 :
694 1135 815 1204 quia
842 1135 977 1201 ﬁeri,
996 1151 1062 1193 ex
1084 1139 1230 1194 nullo
1253 1140 1563 1210 suhjaceat;
1593 1144 1736 1200 nasci
1761 1152 1964 1214 autem,

362 1222 435 1277 de
484 1231 636 1294 patre
669 1228 978 1298 proprium;
1032 1246 1209 1303 neque
1259 1233 1358 1288 alia
1410 1238 1778 1303 nascentibus,
1809 1255 1968 1297 uuam

361 1318 588 1389 Originis
612 1336 746 1389 suae,
773 1322 940 1377 forma
971 1324 1054 1380 vel
1082 1327 1255 1383 virtus
1281 1338 1384 1383 est.
1405 1329 1557 1399 Quod
1586 1342 1763 1388 autem
1796 1336 1874 1400 lit,
1902 1351 1967 1391 ex

360 1426 531 1483 opere
556 1414 765 1469 exsistit
793 1424 849 1469 ut
887 1414 1001 1472 ﬁat.
1056 1419 1230 1491 Atque
1274 1420 1346 1476 ita
1395 1438 1500 1479 non
1549 1423 1755 1480 factura
1800 1427 1853 1481 in
1903 1442 1968 1484 eo

361 1507 529 1576 cmpit
578 1524 644 1563 ex
694 1509 895 1577 nihilo;
953 1511 1048 1567 sed
1078 1525 1161 1569 est
1211 1517 1467 1574 nativitas
1511 1516 1585 1593 (b)
1639 1536 1668 1574 a
1718 1530 1965 1591 parente.

366 1598 538 1655 Unius
569 1609 749 1656 autem
796 1619 912 1656 cum
953 1618 1101 1677 patre
1148 1608 1473 1676 substantiae,
1520 1614 1656 1682 quod
1689 1610 1857 1667 (ἐπ’ωεὶ
1886 1613 1967 1667 di-

359 1702 485 1745 cunt
524 1690 815 1765 ὀμοούσιον.
847 1694 921 1750 Ita
952 1704 1035 1752 est
1060 1716 1069 1751 :
1095 1697 1260 1772 646
1289 1701 1565 1758 aeternitas
1609 1703 1722 1759 sola
1768 1705 1849 1759 sui
1894 1704 1968 1760 si-

358 1784 510 1839 milis
532 1793 637 1852 cst,
673 1794 727 1841 ct
753 1787 896 1859 quod
941 1799 1027 1844 est
1064 1806 1303 1862 semper,
1336 1793 1392 1849 in
1435 1794 1545 1850 Deo
1589 1804 1690 1853 est.
1742 1795 1820 1852 Ne
1862 1812 1965 1868 qua

2075 586 2376 642 incarnatus
2402 595 2498 653 est,
2533 588 2683 642 homo
2708 592 2871 659 factus
2896 599 2990 655 est,
3019 600 3066 643 et
3094 588 3376 644 resurrexit
3402 589 3554 643 tertia
3571 588 3677 655 die,

2077 680 2345 735 adscendit
2373 681 2428 734 in
2455 680 2629 743 ccelos,
2659 692 2899 737 venturus
2921 682 3160 750 iudicare
3180 682 3317 736 vivos
3338 691 3385 737 et
3416 691 3678 747 mortuos;

2075 782 2412 829 sacramenta
2433 774 2623 829 salutis
2654 786 2852 830 nostra:
2877 778 2927 830 in
2957 776 3040 831 his
3069 778 3436 832 continentur.
3463 777 3570 832 Sed
3598 775 3682 832 id-

2075 866 2222 921 circo
2253 867 2602 923 immutabilis
2633 876 2687 923 et
2724 868 3155 925 inconvertibilis
3186 868 3326 924 [ilius
3352 869 3446 925 Dei
3483 869 3586 943 (tl),
3619 879 3677 925 ut

2076 960 2130 1015 in
2182 962 2552 1032 assumptione
2602 962 2836 1018 hominis
2874 964 3210 1033 corruptioni
3244 964 3422 1035 potius
3450 964 3677 1035 gloriam

2074 1052 2360 1116 intulerit,
2392 1069 2554 1124 quam
2589 1054 2760 1109 labent
2793 1056 3106 1111 :eternitati.
3148 1056 3451 1113 Anatbema
3496 1064 3677 1113 autem

2076 1144 2127 1199 in
2160 1161 2274 1210 eos,
2306 1147 2395 1216 qui
2428 1161 2494 1202 ex
2528 1146 2696 1201 nihilo
2724 1146 2925 1203 factum
2952 1147 3171 1215 dicunt,
3202 1150 3342 1220 quod
3374 1150 3446 1224 (e)
3494 1152 3547 1217 ἐξ
3589 1153 3678 1206 οὐκ

2073 1235 2232 1295 ὄντων
2259 1238 2434 1295 δι’ωοὶ
2462 1240 2669 1309 dicunt,
2700 1251 2755 1296 et
2793 1243 2882 1313 qui
2924 1242 3110 1298 dicunt
3137 1259 3151 1297 :
3184 1242 3314 1299 Erat
3338 1250 3544 1316 quando
3575 1261 3678 1300 non
3772 1236 3777 1245 ί

2073 1342 2203 1397 erat,
2234 1341 2280 1386 et
2309 1333 2454 1403 prius
2480 1350 2632 1402 quam
2662 1347 2956 1390 nasceretur
2981 1354 3080 1392 non
3117 1348 3245 1405 erat,
3277 1338 3677 1394 damnationem

2070 1425 2124 1480 in
2173 1424 2387 1480 Christo
2430 1428 2646 1483 violatae
2686 1430 3027 1498 mternitatis,
3079 1431 3130 1486 id
3180 1431 3544 1499 est,'deitatis
3588 1448 3679 1503 pa-

2074 1527 2261 1582 ternae,
2286 1520 2388 1575 sub
2417 1521 2799 1577 maledictione
2824 1523 3091 1594 designat.

2144 1615 2233 1670 55.
2270 1614 2469 1687 illujus
2500 1615 2661 1688 igitur
2690 1616 3001 1673 intimandie
3023 1619 3233 1673 cunctis
3258 1618 3404 1684 ﬁdei,
3437 1617 3679 1674 Athana-

2071 1709 2186 1765 sius
2214 1709 2266 1764 in
2298 1708 2473 1765 Nicaea
2494 1708 2705 1781 synodo
2736 1709 3016 1776 diaconus,
3050 1711 3307 1783 deinceps
3330 1711 3677 1769 Alexandria:

2069 1804 2377 1875 episcopus,
2404 1803 2698 1859 vehemens
2729 1801 2794 1875 (ί)
2838 1811 3026 1859 auctor
3069 1807 3376 1872 exstiterat,
3429 1816 3484 1860 et
3526 1805 3681 1859 Aria-

359 1878 526 1948 igitur
557 1878 704 1934 labes
738 1880 788 1934 in
821 1881 1102 1937 Dominum
1151 1883 1341 1942 Jesum
1382 1886 1658 1944 Chrisnnn
1689 1887 1963 1945 Ιιιυιειὶείε
1996 1910 2044 1971 Β
2071 1912 2194 1952 nam
2217 1904 2424 1965 pestem
2462 1896 2514 1950 in
2549 1906 2655 1952 tota
2686 1894 3025 1967 (9)1Egypto
3054 1898 3165 1952 veri
3210 1906 3368 1952 tenax
3421 1896 3626 1951 vicerat
3660 1912 3674 1949 :

357 1976 653 2047 pravitatis
685 1977 975 2047 incideret,
1009 1979 1212 2036 idcirco
1259 1982 1313 2039 in
1363 1998 1429 2040 eo
1482 1986 1732 2041 essentia:
1763 1987 1964 2041 veritas

358 2073 691 2142 explicatur.
724 2073 793 2146 (c)
847 2074 1096 2131 Essentia
1143 2078 1287 2133 enim
1334 2094 1399 2135 ex
1443 2094 1527 2148 eo,
1579 2080 1722 2152 quod
1750 2097 1967 2153 semper

356 2177 468 2235 est,
497 2182 836 2242 nuncupatur
867 2188 880 2226 :
912 2188 1032 2244 qua:
1059 2174 1182 2243 quia
1224 2174 1565 2231 extrinsecus
1589 2176 1709 2247 Opis
1736 2175 1801 2231 ad
1830 2191 1963 2233 cou-

356 2262 636 2319 tinendam
664 2280 724 2321 se
750 2280 1039 2338 numqu‘tm
1069 2269 1298 2340 eguerit,
1324 2276 1377 2324 et
1403 2269 1707 2325 substantia
1732 2270 1960 2339 dicitur;

355 2356 508 2428 quod
541 2357 676 2413 intra
708 2375 766 2414 se
795 2350 867 2423 id,
901 2361 1041 2430 quod
1089 2376 1305 2433 semper
1339 2372 1443 2426 est,
1478 2372 1535 2418 et
1556 2364 1607 2418 in
1638 2364 1965 2422 aeternitatis

356 2467 474 2508 suto
498 2450 749 2508 virtutem
779 2454 1058 2510 subsistat.
1093 2459 1170 2512 Ac
1196 2458 1276 2513 sic
1305 2457 1447 2528 quod
1479 2459 1555 2512 ait
1585 2476 1599 2513 :
1626 2457 1739 2531 Ego
1770 2470 1819 2514 et
1857 2458 1965 2515 Pa-

357 2557 441 2600 ter
464 2562 620 2601 unum
648 2564 828 2602 sumus
878 2547 1057 2622 (Joan.
1083 2565 1137 2617 x,
1164 2549 1257 2623 50)
1278 2568 1292 2616 ;
1316 2560 1390 2615 et,
1422 2552 1526 2617 Qui
1566 2569 1644 2608 me
1663 2553 1806 2617 uidit,
1839 2553 1963 2610 vidit

358 2651 412 2696 et
442 2640 649 2697 Patrem
678 2641 977 2714 (Ioan.xw,
1010 2643 1097 2716 9);
1131 2654 1187 2701 et
1217 2661 1460 2702 rursum:
1493 2647 1601 2720 Ego
1624 2649 1676 2703 in
1702 2648 1878 2716 Patre,
1911 2659 1960 2705 et

360 2734 527 2794 Pater
570 2741 625 2795 in
673 2758 751 2795 me
774 2752 847 2797 est
877 2741 1038 2815 (Ibid.
1087 2743 1207 2814 il);
1246 2752 1297 2799 et
1349 2744 1503 2811 illud,
1551 2743 1666 2817 Ego
1701 2746 1764 2799 de
1803 2743 1964 2802 Patre

362 2834 499 2887 exivi
527 2832 702 2906 (Joan.
736 2852 847 2897 xvt.
874 2836 968 2908 28)
1001 2854 1015 2892 :
1047 2838 1273 2910 (aqualis
1315 2839 1368 2894 in
1409 2846 1660 2910 utroque,
1688 2840 1737 2895 id
1770 2848 1875 2907 est,
1910 2841 1963 2896 in

366 2925 484 2983 Deo
509 2928 602 2998 qui
629 2930 959 2987 innascibilis
989 2941 1073 2987 est
1099 2975 1111 2998 ,
1142 2940 1198 2988 et
1225 2934 1278 2988 in
1314 2935 1422 2990 Deo
1459 2934 1589 3006 (Hic
1645 2934 1966 2990 desideratur

360 3020 458 3093 qui
496 3022 711 3093 genitus
741 3027 860 3097 est)
889 3041 993 3082 una
1023 3035 1188 3099 atque
1232 3026 1423 3083 eadem
1467 3028 1520 3083 in
1565 3036 1796 3100 utroque
1837 3028 1966 3084 sub-

2070 1999 2231 2058 atque
2259 1989 2329 2044 ob
2354 1987 2406 2042 id
2438 1988 2739 2059 conjuratis
2770 1987 2824 2043 in
2856 2004 2978 2044 eum
3006 1988 3331 2045 testimoniis
3364 1989 3570 2044 falsitas
3595 1996 3679 2045 est

2069 2081 2356 2137 criminum
2400 2090 2731 2153 comparata.
2776 2081 2881 2136 Res
2914 2094 3096 2151 postea
3127 2081 3202 2156 (Ii)
3237 2082 3487 2139 lidelibus
3525 2082 3676 2153 judi-

2068 2192 2189 2233 cum
2218 2176 2506 2247 dijudiciita
2540 2177 2845 2233 sententiis.
2878 2176 2985 2233 Sed
3022 2178 3247 2232 multum
3297 2176 3363 2233 ad
3410 2178 3677 2248 cognitio-

2069 2286 2193 2328 nem
2225 2271 2496 2344 proliciet,
2527 2271 2574 2327 si
2600 2287 2720 2344 qtae
2764 2281 2886 2343 post
2926 2271 3326 2327 absolutionem
3366 2269 3673 2338 Athanasii,

2073 2367 2140 2422 ad
2166 2365 2539 2450 Qonstantiutn
2569 2368 2958 2439 Imperatorem
3001 2364 3163 2440 647
3209 2363 3550 2423 Sardicensis
3586 2379 3676 2435 sy-

2071 2471 2201 2528 nodi
2230 2471 2409 2528 oratio
2441 2474 2507 2548 (i)
2531 2473 2711 2541 luerit,
2735 2483 3112 2546 cognoscatur.
3150 2492 3169 2526 ι

2353 2604 2828 2663 FRAGMENTUM
2855 2605 2924 2663 ιιι
2941 2607 3107 2680 (Alias
3136 2622 3174 2664 ιι
3203 2604 3407 2680 partis).

2072 2736 2267 2778 INCIPIT
2291 2736 2577 2777 nscas-ron
2600 2737 2779 2777 SYNODI
2810 2719 2884 2796 (j)
2913 2737 3277 2778 ORIENTALIUM
3323 2737 3460 2778 aruo
3490 2736 3672 2778 senon

2140 2831 2245 2871 cu
2303 2814 2378 2885 (Is)
2426 2830 2788 2871 EPISCOPORUM
2839 2832 2871 2871 Α
2910 2831 3087 2871 mare
3134 2818 3483 2886 Autsuonou,
3534 2832 3673 2883 quon

2138 2926 2407 2967 IIISBRUNT
2437 2910 2500 2985 (l)
2531 2928 2599 2966 AD
2622 2914 2864 2967 Arntcsu
2893 2910 3133 2982 (Editum
3158 2932 3247 2969 an.
3273 2913 3425 2983 547).

2069 3027 2333 3100 Gregorio
2390 3026 2734 3085 Alexandriae
2786 3027 3047 3100 episcopo
3080 3071 3096 3099 ,
3157 3028 3487 3085 Nicomediae
3554 3029 3673 3099 epi-

360 3187 534 3256 ambo,
564 3198 609 3243 et
631 3197 834 3260 uterque
858 3205 1038 3261 unum.
1077 3186 1143 3261 Et
1171 3189 1224 3243 in
1252 3188 1460 3261 Patrem
1482 3206 1661 3255 unum,
1689 3190 1811 3259 quia
1831 3207 1962 3244 unus
1988 3187 2033 3252 C
2067 3203 2172 3261 qua
2192 3260 2199 3261 ί
2220 3188 2384 3243 multa
2428 3187 2566 3244 scitu
2614 3186 2773 3261 digna
2820 3190 3087 3246 contineri
3132 3191 3439 3261 signiﬁcant
3484 3193 3672 3252 Patres

362 3262 626 3333 personali
650 3259 854 3315 nomine
883 3259 1073 3316 Patris.
1104 3260 1172 3315 Et
1193 3262 1245 3316 in
1266 3260 1460 3315 Filium
1480 3278 1661 3325 unum,
1682 3263 1803 3333 quia
1828 3279 1961 3317 unus

360 3342 441 3406 est
461 3333 523 3406 de
551 3350 652 3388 uno
681 3333 790 3406 (vel
822 3348 1037 3406 rursum,
1062 3334 1184 3406 quia
1206 3351 1337 3388 unus
1379 3346 1451 3389 est
1474 3334 1731 3405 personati
1761 3334 1966 3389 nomine

368 3403 497 3459 Filii
524 3421 543 3459 :
574 3412 630 3461 et
659 3403 898 3477 postea),
934 3404 1000 3461 Et
1021 3405 1076 3459 in
1100 3404 1267 3460 Deum
1294 3403 1483 3470 unum,
1498 3406 1619 3477 quia
1645 3422 1776 3461 unus
1806 3415 1879 3461 est
1901 3407 1966 3462 de

363 3487 602 3532 utroaue.

440 3547 514 3620 (a)
538 3548 615 3604 Ita
638 3547 958 3621 corrigimus
989 3566 1002 3605 :
1036 3562 1156 3604 cum
1183 3549 1331 3619 prius
1362 3548 1673 3615 haberetur,
1708 3549 1960 3620 patri”...

364 3636 637 3676 commune
644 3661 656 3674 .

438 3692 516 3766 (ὁ)
545 3693 868 3749 Particulam
906 3711 939 3748 a
984 3694 1294 3763 supplemus
1342 3711 1406 3748 ex
1450 3693 1616 3749 Sirm.
1645 3693 1737 3766 qni
1778 3704 1961 3766 postea

359 3763 514 3835 legit,
545 3766 695 3838 unius
725 3775 770 3820 et
795 3767 1023 3838 ejusdem
1047 3782 1286 3832 compare
1306 3766 1600 3821 substantiae
1619 3783 1639 3822 :
1666 3763 1756 3822 ubi
1787 3764 1966 3823 Faber

362 3852 432 3912 ex
455 3853 556 3912 m_s_.
585 3836 725 3912 Pitlt.
761 3836 1003 3912 retinuit.
1037 3838 1401 3912 uniusautem
1449 3855 1686 3912 compare
1728 3844 1966 3912 substan-

363 3910 473 3965 tiae.
499 3908 717 3965 Nullum
747 3908 967 3964 dubium
996 3920 1097 3972 est,
1131 3909 1260 3979 quin
1290 3910 1500 3965 sincera
1522 3908 1592 3963 sit
1624 3910 1781 3964 lectio
1803 3926 1963 3979 quam

362 3981 721 4050 pnel‘erimus.
756 3980 855 4037 Hic
887 3980 1032 4052 enim
1070 3990 1387 4050 repetuntur
1414 3981 1576 4037 simul
1606 3990 1659 4037 et
1682 3981 1959 4052 explican-

364 4063 454 4108 tur
485 4054 598 4125 lpr
626 4053 867 4125 symlioli
888 4051 1111 4125 Niczrni
1128 4054 1311 4109 verba.

440 4122 678 4197 (c)]lam'.
711 4124 807 4179 lib.
841 4124 907 4179 de
932 4123 1137 4195 Synod.
1172 4142 1226 4178 ιι.
1259 4125 1326 4179 12
1378 4122 1705 4197 audivimus,
1745 4122 1966 4197 Proprie

364 4195 536 4250 autem
564 4198 782 4253 essentia
810 4197 1003 4251 idcirco
1025 4206 1093 4251 cst
1119 4197 1276 4263 dicta,
1299 4196 1436 4268 quod
1452 4212 1653 4268 semper
1679 4195 1967 4268 estPorro

364 4270 435 4324 de
463 4271 697 4323 essentia
742 4270 827 4324 hic
875 4268 1118 4323 nonnihil
1148 4266 1368 4324 disserit
1399 4266 1669 4333 Hilarius;
1704 4267 1825 4339 quia
1860 4282 1963 4323 vox

364 4343 543 4403 οὐσία,
588 4357 651 4395 ex
682 4358 782 4411 qua
830 4340 890 4395 ﬁt
933 4340 1224 4410 ὁμοούσιον.
1258 4342 1548 4395 essentiam
1580 4353 1761 4405 sonat,
1792 4354 1966 4411 eoque

365 4414 586 4469 nomine
639 4412 708 4466 ab
756 4412 874 4481 ipso
917 4412 1078 4465 latino
1129 4412 1277 4466 reddi
1306 4413 1463 4473 Solet,
1498 4421 1554 4465 ut
1580 4421 1724 4480 patet
1754 4428 1817 4467 ex
1846 4428 1967 4467 ver-

363 4486 520 4540 sione
542 4485 880 4539 decretorum
913 4483 1181 4556 Anryran.
1205 4484 1427 4556 liherde
1443 4482 1660 4556 Synod.
1676 4500 1728 4538 η.
1750 4483 1962 4556 MLetc.

441 4557 521 4629 (d)
572 4556 794 4626 Supple,
849 4554 1170 4625 prtedicatur
1201 4554 1255 4610 in
1282 4554 1499 4629 l‘iicmno
1527 4554 1794 4629 symbolo.
1827 4554 1963 4629 Tum

365 4627 802 4685 cum’subuexis
865 4628 1151 4681 maximam
1215 4627 1531 4681 afﬁnitatem
1588 4627 1785 4681 habent
1828 4628 1968 4695 apud

365 4700 714 4755 Ambrosium
770 4699 886 4753 lt:th
936 4699 1096 4753 verba
1155 4698 1336 4752 Trart.
1388 4698 1456 4752 de
1507 4697 1611 4751 ﬁde
1666 4699 1968 4754 orthodoxa

366 4787 417 4827 c.
454 4771 508 4830 8.
545 4774 594 4825 in
628 4772 873 4841 Appenil.
911 4780 1042 4825 tom.
1072 4785 1109 4824 ιι
1142 4788 1152 4822 :
1185 4768 1314 4824 Cum
1360 4770 1615 4824 hominem
1642 4770 1854 4824 induere
1888 4770 1969 4823 di-

366 4853 553 4915 gnatus
579 4854 672 4906 est,
723 4861 825 4897 non
862 4843 1023 4897 labem
1060 4843 1330 4896 aeternitati
1368 4841 1583 4915 intulit,
1610 4854 1680 4915 ut
1711 4841 1968 4915 Spiritum

365 4913 423 4970 in
455 4932 661 4971 carnem
699 4927 949 4980 mutaret;
985 4916 1071 4969 sed
1103 4924 1156 4966 nt
1184 4926 1417 4985 suscepto
1446 4913 1641 4967 homini
1666 4913 1971 4967 immortali-

368 4998 696 5058 intentatque
723 4989 1054 5043 teternitatem
1083 4986 1298 5039 caelestis
1328 4986 1443 5039 vitta
1467 4995 1751 5055 praestaret.

469 5058 516 5125 e)
549 5059 777 5113 Rursum
804 5059 890 5116 hic
914 5063 967 5112 in
993 5072 1121 5111 is.
1146 5066 1418 5111 exncuton.

469 5058 516 5125 e)
549 5059 777 5113 Rursum
804 5059 890 5116 hic
914 5063 967 5112 in
993 5072 1121 5111 is.
1146 5066 1418 5111 exncuton.

443 5058 510 5203 if)
542 5129 655 5185 Non
684 5130 899 5203 quidem
931 5129 1233 5203 condenda;
1256 5126 1585 5203 (hancenim
1620 5126 1969 5203 __At_hanasius

368 5198 487 5270 ipse
539 5203 603 5256 ad
633 5202 792 5258 Solit.
837 5217 954 5272 pag.
999 5203 1101 5257 857
1143 5198 1273 5254 Osio
1317 5198 1527 5272 laudem
1567 5199 1800 5272 η’ἰλιιιιίιἈ
1826 5199 1968 5272 quod

369 5268 645 5346 formulam
680 5275 798 5339 fidei
828 5268 881 5327 in
908 5268 1128 5346 Niciana
1166 5271 1365 5342 synodo
1393 5268 1669 5342 concepit),
1707 5270 1807 5326 sed
1827 5271 1972 5341 ejus-

368 5344 494 5401 dem
529 5347 724 5401 cunctis
753 5344 1069 5399 intimandaz.
1200 5412 1223 5415 ι
1476 5408 1483 5415 ο

444 5415 519 5491 (g)
548 5417 964 5491 ,Ιηιιι-ιιίιτιιήίιις,Δ
987 5417 1077 5491 lib_.
1103 5415 1155 5491 in
1187 5412 1679 5491 Constant.'n._12_,
1712 5413 1969 5491 testiﬁca-

371 5485 583 5545 ttts'est
627 5489 912 5560 [Egyplios
951 5487 1004 5542 in
1046 5486 1379 5560 Selcueiensi
1410 5485 1617 5559 synodo
1649 5486 1968 5560 homousion

370 5558 816 5642 eonstztntissitne
840 5560 1188 5642 obtinuisset
1206 5558 1410 5642 nullum
1438 5558 1645 5642 gem-um
1692 5559 1971 5642 excipiens

370 5644 570 5706 praeter
591 5632 905 5706 Georgium,
933 5631 1025 5702 qui
1067 5631 1119 5684 in
1162 5630 1581 5706 Alexandrinam
1605 5630 1797 5706 sedem
1821 5630 1972 5706 iuva:

370 5702 540 5760 serat.
593 5704 909 5772 Excipit-odi
956 5716 1134 5758 tamen
1178 5710 1307 5756 sunt
1346 5702 1642 5759 Meletiani.
1692 5717 1828 5773 quos
1869 5703 1973 5760 sibi

370 5776 562 5833 Ariani
589 5775 964 5845 adiunxerant.

473 5849 528 5920 lt)
549 5849 708 5920 Buta,
737 5849 787 5920 in
808 5845 1128 5920 Sardicensi
1158 5845 1433 5920 synodo_.__
1488 5917 1499 5920 _
1707 5914 1737 5920 μ

473 5849 528 5915 tt)
557 5849 708 5911 Puta,
737 5849 787 5901 in
819 5848 1128 5902 Sardicensi
1158 5848 1386 5920 synodo.
1734 5914 1737 5919 q

449 5848 517 5991 ii)
548 5914 738 5990 Magno
766 5915 1010 5977 historia:
1038 5916 1238 5976 damno
1262 5916 1461 5975 excidit
1487 5917 1603 5976 llaec
1634 5914 1889 5991 epistola,
1917 5917 1972 5974 lu

1995 4596 2049 4657 D

2068 3259 2446 3327 Sardicenses,
2476 3276 2635 3329 supra
2663 3259 2692 3326 ,⁷
2730 3277 2879 3317 num.
2912 3263 2999 3317 12.
3025 3261 3146 3329 Quo
3168 3259 3220 3318 in
3255 3264 3372 3317 loco
3408 3264 3474 3318 ad
3525 3265 3670 3321 Con-

2068 3342 2301 3389 stantem
2344 3332 2508 3387 etiam
2530 3348 2561 3387 a
2589 3333 2798 3404 synodo
2818 3335 3079 3403 scriptum
3101 3349 3224 3390 esse
3250 3334 3487 3391 indicant
3519 3355 3533 3391 :
3568 3338 3670 3394 nisi

2066 3404 2208 3478 forte
2237 3422 2338 3459 una
2362 3408 2660 3478 eademque
2681 3405 2910 3475 epistola
2935 3407 3151 3478 utrique
3175 3409 3482 3475 imperatori
3503 3411 3668 3465 missa

2066 3478 2159 3552 sit.
2183 3475 2429 3552 AtAcerte
2443 3477 2806 3552 perspicuum
2831 3489 2937 3544 est,
2978 3475 3076 3535 hic
3110 3479 3356 3535 nonnihil
3390 3480 3454 3535 ad
3488 3483 3670 3552 Operis

2069 3546 2229 3616 hujus
2261 3549 2626 3617 integritatem
2657 3549 2976 3606 desiderari.

2142 3619 2212 3695 (j)
2235 3620 2440 3695 Synodi
2462 3620 2620 3695 lmjus
2645 3622 2942 3678 meminere
2964 3622 3240 3695 Socrates,
3263 3622 3359 3678 lib.
3392 3639 3452 3690 ιι,
3484 3639 3536 3680 c.
3568 3625 3660 3690 20,

2068 3702 2123 3750 et
2149 3691 2508 3765 Augustinus,
2528 3691 2622 3747 lib.
2656 3708 2716 3748 ιιι
2742 3703 2929 3765 contra
2950 3694 3232 3764 Crescon.,
3256 3703 3312 3750 et
3328 3698 3485 3765 epist.
3517 3713 3665 3753 thv.

2069 3765 2149 3839 Ac
2195 3763 3263 3839 pr:etcrea_decretum_illius_summatim
3299 3763 3669 3839 perstringunt

2069 3837 2424 3907 Sozomenus,
2458 3836 2550 3889 hb.
2579 3851 2657 3900 ιιι,
2681 3850 2730 3891 c.
2758 3836 2847 3900 ll,
2872 3837 3295 3907 etNicephorus,
3325 3838 3417 3893 lib.
3445 3856 3520 3895 ιχ.

2140 3906 2218 4034 γε)
2248 3906 2470 3962 Mentito
2507 3907 2724 3977 quidem
2758 3909 3011 3972 nomine;
3043 3906 3166 3965 cum
3213 3909 3396 3964 Ariani
3446 3909 3665 3969 Sardica

2163 3978 2582 4034 ueientethanc
2612 3978 3087 4034 oseudosvmidum
3119 3980 3381 4034 Philinnis
3412 3983 3462 4034 in
3494 3982 3664 4034 Thra.

2068 3978 2582 4051 aufugientethanc
2612 3978 3087 4051 pseudosynodum
3119 3980 3381 4050 Philippis
3412 3983 3462 4035 in
3494 3982 3664 4038 Thra.

2068 4053 2150 4106 cia
2174 4050 2276 4107 sub
2301 4050 2493 4106 eodem
2524 4060 2766 4115 tempore
2797 4050 3130 4115 habuissent,
3159 4068 3265 4120 quo
3285 4052 3557 4109 celebrata
3585 4068 3669 4111 est

2070 4137 2194 4178 vera
2240 4120 2477 4194 synodus
2520 4122 2877 4194 Sardicensis.
2914 4123 3083 4192 Hujus
3109 4134 3258 4194 gesta
3291 4125 3590 4194 Augustino
3615 4138 3670 4183 et

2070 4192 2360 4266 Alypio'ita
2394 4193 2684 4266 latuerunt,
2719 4204 2777 4248 ut
2810 4192 2957 4250 illam
3003 4192 3165 4250 unam
3210 4210 3308 4263 pro
3356 4192 3666 4254 Sardicensi

2070 4264 2707 4339 habuerint._llilarium
2740 4280 2954 4336 quoque
3014 4268 3077 4339 in,
3124 4266 3269 4339 libro
3314 4267 3384 4325 de
3433 4268 3668 4339 Synodis

2069 4336 2260 4393 eodem
2293 4335 2455 4392 modo
2485 4337 2651 4391 fuisse
2680 4335 2962 4407 deceptum
2992 4381 3006 4401 .
3040 4338 3216 4395 Faber
3257 4354 3321 4395 ac
3370 4335 3526 4396 multi
3574 4342 3667 4397 alii

2068 4409 2536 4483 existimantzsed
2583 4408 2723 4483 nulla
2779 4409 2882 4483 hoc
2928 4412 3135 4466 ratione
3163 4412 3507 4483 persuadent.
3555 4412 3667 4470 lmo

2072 4480 2196 4556 ﬁdei
2236 4478 2748 4556 c0tt_lessionem_ibi
2791 4482 2987 4556 editam
3035 4498 3140 4537 non
3166 4478 3536 4542 'mcumenicaz
3576 4501 3664 4556 sy-

2073 4552 2222 4619 nodi,
2251 4553 2345 4608 sed
2375 4566 2603 4608 unorum
2631 4552 2985 4609 Orientalium
3025 4569 3145 4610 esse
3189 4557 3464 4623 conceptis
3487 4552 3669 4615 verbis

2076 4623 2275 4697 indicat
2304 4641 2317 4678 :
2347 4632 2403 4679 et
2427 4641 2549 4679 cum
2578 4638 2804 4679 czeteras
2832 4626 3146 4682 eorumdem
3169 4625 3432 4683 formulas
3456 4645 3487 4683 e
3508 4630 3665 4697 locis,

2074 4696 2127 4770 in
2155 4696 2351 4770 quibus
2379 4697 2604 4770 scripta:
2643 4706 2789 4761 sunt,
2809 4768 2815 4770 Α
2838 4699 3089 4753 inscribat
3111 4715 3125 4763 ;
3150 4714 3211 4754 ea
3241 4715 3342 4770 una
3376 4716 3668 4770 suppresso

2072 4767 2340 4839 invidioso
2378 4768 2477 4822 loci
2527 4770 2744 4822 nomine
2775 4768 3093 4839 simpliciter
3120 4771 3188 4824 ab
3224 4785 3290 4824 eo
3317 4767 3665 4828 inscribitur:

2076 4838 2234 4913 fides
2275 4840 2561 4913 secundum
2594 4839 2820 4913 orientis
2864 4838 3135 4911 synodum.
3182 4841 3311 4895 Eam
3355 4844 3570 4913 quidem
3614 4844 3667 4899 in

2068 4909 2356 4984 Constant.
2401 4927 2455 4984 n.
2495 4910 2586 4969 25.
2635 4909 2991 4967 Sardicensem
3015 4923 3170 4968 vocat
3201 4931 3213 4966 :
3247 4914 3341 4969 sed
3370 4909 3489 4984 quis
3521 4932 3665 4981 eritn,

2073 4998 2195 5037 cum
2229 4982 2369 5056 hunc
2387 4981 2889 5056 librnmscrispsit,
2919 5000 3097 5039 rerum
3136 4981 3488 5041 Orientalium
3522 4990 3670 5056 igua-

2074 5070 2192 5128 rum
2241 5054 2513 5109 existimet
2538 5052 2562 5105 ?
2589 5051 2842 5109 Certe-in
2870 5072 2938 5111 eo
2967 5071 3072 5110 non
3106 5057 3344 5128 loquitur
3372 5071 3424 5113 ut
3454 5051 3667 5113 illarum

2073 5140 2192 5195 tgna
2202 5141 2311 5179 rus.

2146 5195 2209 5266 (Ι)
2253 5197 2330 5251 Eo
2375 5196 2628 5251 nimirum
2652 5197 2904 5263 consilio,
2932 5209 2988 5252 ut
3016 5200 3323 5255 Donatistas
3354 5201 3454 5254 sibi
3476 5200 3668 5266 adjun-

2073 5264 2281 5338 gerent.
2318 5268 2471 5341 Quod
2518 5269 2662 5326 enim
2705 5270 3038 5341 Augustinus
3063 5314 3078 5337 ,
3113 5271 3207 5325 lib.
3237 5287 3293 5325 ut
3322 5279 3508 5326 contra
3537 5264 3668 5327 Cre-

2072 5355 2242 5429 sconl.‘
2255 5355 2306 5426 (ξ.
2331 5339 2606 5429 Mancini
2635 5357 2698 5428 ex
2728 5339 3037 5429 conjectura
3068 5342 3164 5427 ait,
3193 5344 3492 5429 Africanam
3514 5345 3670 5429 luere-

2071 5413 2170 5487 sim
2199 5412 2478 5468 Orientalis
2516 5413 2724 5469 haeresis
2769 5415 2867 5469 sibi
2909 5416 3113 5470 tentavit
3156 5412 3457 5487 adiungere,
3501 5417 3663 5485 epist.

2074 5485 2209 5556 alias
2229 5501 2412 5546 cum,
2443 5500 2585 5541 mmo
2610 5502 2762 5551 XLIV,
2796 5503 2848 5540 η.
2881 5486 2935 5548 6,
2966 5503 3034 5541 ex
3059 5485 3273 5556 publico
3297 5485 3516 5544 rumore
3537 5504 3668 5545 cen-

2075 5555 2256 5613 ﬁrmat
2291 5557 2378 5613 his
2416 5558 2596 5613 verbis
2627 5576 2640 5610 :
2676 5558 2932 5626 Quoniam
2981 5555 3150 5613 nescio
3186 5560 3391 5626 quando
3427 5563 3669 5615 audiera-

2075 5646 2211 5697 mus,
2245 5631 2479 5703 Arianos.
2517 5647 2630 5703 cum
2656 5648 2689 5703 ᾳ
2715 5629 3071 5703 communione
3104 5630 3359 5685 catholica
3383 5631 3670 5703 discrepas-

2075 5712 2205 5766 sent,
2236 5701 2530 5756 Donatistas
2558 5702 2611 5755 in
2637 5700 2817 5771 Africa
2839 5700 2935 5755 sibi
2963 5702 3161 5757 sociare
3191 5712 3445 5770 tentasse;
3473 5700 3667 5759 adau-

2074 5790 2186 5829 rem
2233 5775 2356 5829 mihi
2407 5775 2500 5828 hoc
2542 5776 2716 5848 ipsum
2763 5776 2923 5848 frater
2951 5772 3180 5848 ‘Alypius
3218 5778 3490 5845 suggessit.
3555 5776 3669 5848 Hoc

2076 5855 2224 5903 certe
2247 5848 2509 5919 Alneretico
2540 5845 2750 5919 illorum
2785 5845 3002 5919 ingenio
3023 5846 3533 5919 dignumerat,_quo
3555 5846 3668 5915 jam

2077 5917 2418 5988 appetierant
2443 5914 3205 5975 Meletiaoorum‘societatem.
3230 5914 3493 5987 Quocirca
3516 5914 3669 5989 illud;
