4062 6332
392 323 493 378 661

1336 315 1430 372 EX
1469 315 1698 372 OPERE
1744 315 2115 375 HISTORICO
2154 314 2632 374 FBAGMENTUM
2674 314 2764 372 ΙΙΙ.

3591 313 3697 368 66?.

387 445 580 493 contra
610 433 716 491 illis
743 448 810 490 ex
838 445 938 488 suo
969 428 1224 502 pestifero
1245 442 1405 486 sensu
1437 428 1763 500 applicabat,
1789 429 1985 500 quibus
2013 433 2067 496 Α
2091 443 2211 494 nus,
2243 430 2294 483 in
2326 427 2442 500 ipsa
2468 429 2737 484 sententia
2762 439 2926 482 manu
2950 425 3169 498 propria
3211 425 3690 497 conscripserunt:

385 547 458 587 ex
503 529 664 586 rebus
704 535 895 598 aperte
950 522 1343 593 manifesteque
1384 521 1624 578 constitit
1675 521 1986 578 haereticus.

387 623 604 694 Quique
660 619 992 678 assertiones
1059 631 1187 672 suas
1247 615 1570 688 quibttsdam
1649 615 1990 686 squaloribus

389 716 658 781 miscens,
711 728 854 768 nunc
900 709 1220 766 falsitatibus
1272 708 1518 776 Sabellii,
1576 723 1717 765 nunc
1771 708 1989 764 malitiae

386 809 544 866 Pauli
576 805 969 865 Samosatensis
990 845 1004 865 .
1046 817 1188 859 nunc
1217 801 1564 873 blasphemiis
1601 801 1838 856 Montani
1880 801 1992 857 hae-

388 902 685 958 reticorum
709 901 952 955 omnium
980 896 1130 952 ducis
1177 904 1364 966 aperte
1411 895 1764 966 permiscens,
1802 911 1992 950 unam-

388 1010 500 1067 que
523 992 892 1049 confusionem
917 990 983 1045 de
1006 986 1332 1059 supradictis
1355 987 1576 1052 faciens,
1601 996 1656 1041 ut
1677 987 1990 1057 imprudens

388 1089 586 1148 Galata
614 1089 667 1144 in
700 1086 844 1142 aliud
888 1084 1233 1154 Evangelium
1266 1081 1573 1145 declinavit,
1607 1081 1746 1151 quod
1771 1095 1878 1136 non
1906 1091 1991 1137 est

386 1183 557 1247 aliud,
586 1179 884 1237 secundum
916 1176 1058 1248 quod
1102 1177 1290 1232 beatus
1339 1174 1532 1230 Paulus
1574 1174 1707 1228 tales
1732 1174 1991 1229 condem-

385 1289 526 1330 nans
553 1275 625 1328 ait
670 1291 682 1328 :
726 1269 838 1325 Etsi
865 1269 1079 1342 angelus
1131 1268 1196 1322 de
1239 1267 1364 1321 coelo
1418 1265 1566 1321 aliter
1615 1265 1992 1320 annnntiavcrit

383 1367 529 1423 vobis
579 1381 733 1438 quant
807 1362 944 1435 quod
1009 1361 1312 1432 accepistis,
1379 1361 1651 1414 anathema
1709 1359 1775 1414 sit
1823 1349 1988 1432 (Gal.

383 1478 449 1531 1,
498 1461 591 1532 8).

459 1554 516 1610 ὅ.
547 1551 729 1606 Prima
751 1549 983 1624 ejusdem
1017 1547 1393 1602 condemnatio.
1419 1545 1488 1599 In
1513 1547 1720 1601 archiva
1749 1547 1994 1603 Ecclesia:

383 1656 677 1703 asseruntur
705 1644 956 1699 doctrinae
984 1643 1148 1715 ipsius
1175 1658 1414 1696 censura.
1456 1671 1536 1693 ,σ-
1577 1641 1762 1712 Magna
1810 1651 1992 1699 autem

381 1742 488 1798 fuit
517 1740 828 1812 parentibus
848 1747 1008 1808 atque
1038 1735 1334 1806 majoribus
1359 1735 1558 1790 nostris
1585 1735 1894 1791 sollicitudo
1924 1735 1994 1796 de

2094 535 2324 589 quorum
2367 535 2560 576 manus
2600 520 2786 577 valens
2827 528 3075 586 testatur,
3104 517 3264 576 ﬁdem
3293 519 3690 575 sanctissimam

2093 613 2244 670 nullo
2265 629 2461 685 genere
2481 614 2815 680 mutandam,
2837 628 2938 669 nec
2958 613 3261 670 Ecclesiatn
3286 621 3528 670 sanctam
3558 629 3697 685 pra;-

2091 706 2365 764 dicatione
2421 705 2556 764 falsa
2613 706 3165 774 subvertendatn;ne
3188 707 3294 764 hoc
3335 707 3500 764 modo
3527 709 3693 778 pestis

2092 818 2156 859 ac
2186 804 2303 860 lues
2333 803 2640 858 animarum
2687 803 2939 857 omnibus
2983 803 3301 874 gravissima
3348 801 3691 872 importetur,

2093 897 2262 952 Paulo
2293 897 2545 952 dicente;
2577 896 2699 951 Sive
2742 911 2859 961 nos,
2901 896 3004 949 sive
3031 895 3244 967 angelus
3273 895 3336 948 de
3379 895 3505 951 cwlo
3543 895 3697 949 aliter

2093 990 2473 1044 annuntiaverit
2513 988 2652 1043 vobis
2701 1003 2855 1057 quam
2903 987 3041 1059 quod
3082 987 3372 1057 accepistis,
3420 985 3693 1041 anathema

2094 1085 2163 1138 sit
2189 1083 2358 1154 (aut,
2385 1099 2422 1148 l,
2453 1080 2533 1149 8).

2163 1177 2218 1232 4.
2250 1177 2531 1232 Marcellus
2559 1177 2838 1231 damnatus
2859 1193 2893 1230 a
2917 1175 3152 1247 pluribus
3189 1174 3440 1246 episc0pis
3466 1176 3519 1229 in
3553 1191 3694 1229 cont-

2095 1273 2390 1327 munionem
2420 1273 2684 1342 recipitur.
2707 1301 2782 1312 —-
2805 1270 3172 1326 Vehementer
3207 1278 3385 1324 autem
3441 1268 3692 1324 admirati

2095 1383 2303 1433 sumus,
2332 1376 2597 1436 quatenus
2627 1381 2781 1430 eum,
2817 1364 2908 1433 qui
2947 1364 3103 1419 aliter
3133 1377 3292 1433 quam
3339 1362 3393 1417 in
3432 1376 3563 1417 vero
3612 1370 3697 1416 est

2094 1461 2257 1517 audet
2307 1460 2654 1530 Evangelium
2698 1459 2993 1530 praedicare
3018 1500 3035 1526 ,
3091 1457 3308 1529 quidam
3333 1499 3348 1524 ,
3375 1458 3464 1527 qui
3510 1472 3568 1512 se
3606 1472 3694 1511 ec-

2095 1554 2429 1610 clesiasticos
2475 1569 2598 1610 esse
2624 1554 2834 1619 volunt,
2859 1551 3017 1609 facile
3040 1553 3108 1608 ad
3147 1553 3582 1607 communionem
3611 1567 3698 1608 rc-

2095 1648 2335 1718 cipiunt;
2369 1662 2470 1703 uec
2517 1646 2883 1716 bIaSphemias
2934 1645 3073 1716 ejus,
3121 1660 3242 1715 quae
3267 1644 3324 1699 in
3355 1645 3524 1714 ipsius
3554 1643 3694 1698 libro

2096 1742 2320 1812 signatae
2375 1748 2536 1804 sunt,
2591 1739 2953 1808 inquirentes,
3012 1752 3114 1794 nec
3166 1738 3291 1804 illis,
3325 1738 3415 1808 qui
3466 1736 3699 1793 sollicite

385 1835 705 1907 supradicta
754 1832 1143 1904 praedicatione
1171 1831 1454 1901 sacrilega.
1493 1830 1810 1885 Condicitur
1838 1846 1983 1885 nam-
2018 1842 2066 1903 Β
2093 1842 2284 1890 cuncta
2315 1835 2796 1904 investigaveruut,
2829 1841 2885 1888 et
2935 1831 3276 1887 invenientes
3301 1830 3447 1902 juste
3477 1830 3698 1885 damna-

383 1931 632 2004 qne(nn.
687 1927 817 2000 536)
869 1929 920 1983 in
971 1925 1499 1996 Constantinopolim
1556 1925 1830 1980 civitatem
1887 1926 1988 1980 sub

385 2025 678 2098 praesentia
709 2021 1037 2079 beatissima;
1063 2019 1340 2076 memoriae
1364 2018 1705 2073 Constantini
1750 2019 1989 2087 impera-

385 2121 524 2176 toris
579 2117 870 2175 concilium
927 2117 1329 2188 episcoporum,
1362 2113 1453 2183 qui
1483 2129 1548 2168 ex
1598 2112 1780 2167 multis
1801 2110 1992 2166 Orien-

383 2213 574 2267 talium
608 2209 904 2282 provinciis
936 2209 1296 2272 advenerunt,
1329 2212 1385 2259 ut
1415 2203 1691 2259 hominem
1720 2203 1876 2258 malis
1903 2219 1992 2259 re-

383 2304 491 2360 bus
517 2304 777 2360 imbutum
805 2300 1011 2356 salubri
1038 2299 1265 2355 consilio
1292 2297 1672 2362 retortnarent,
1696 2305 1750 2352 et
1774 2295 1867 2352 ille
1895 2295 1990 2354 ad-

384 2398 689 2455 monitione
719 2395 1056 2451 sanctissima
1096 2400 1378 2461 correptus
1408 2405 1434 2442 a
1469 2390 1849 2460 praedicatione
1897 2405 1990 2445 sa-

383 2490 588 2561 crilega
618 2488 964 2545 discederet:
996 2487 1194 2556 quique
1221 2485 1565 2553 increpantes
1597 2481 1771 2548 illum,
1803 2490 1856 2538 et
1895 2497 1991 2537 ex-

384 2584 753 2652 probrantes,
806 2594 1020 2634 necnon
1069 2577 1350 2632 charitatis
1398 2575 1596 2630 aﬁ‘cctu
1654 2575 1992 2645 postulantes

383 2678 560 2733 multo
603 2688 866 2745 tempore,
898 2688 998 2730 nec
1024 2672 1311 2743 quidquam
1345 2669 1716 2741 proﬁciebant.
1749 2669 1990 2740 Namque

382 2780 509 2842 post
537 2785 694 2824 unam
717 2780 770 2824 et
802 2765 1094 2824 secundam
1121 2765 1424 2833 multasque
1453 2763 1846 2832 correptiones,
1866 2777 1988 2817 cum

384 2864 521 2918 nihil
555 2863 815 2934 proﬁcere
848 2861 1150 2932 potuissent
1192 2855 1545 2930 (perdurabtt
1589 2855 1732 2910 enim
1777 2863 1831 2910 et
1857 2869 1989 2909 con-

386 2957 691 3012 tratlicebat
719 2968 881 3010 reetae
907 2952 1055 3016 ﬁdei,
1087 2961 1142 3007 et
1164 2949 1511 3006 contentione
1541 2948 1771 3018 maligna
1805 2947 1992 3004 Eccle-

384 3049 486 3104 size
511 3047 798 3104 catholicae
829 3040 1176 3114 resistebat);
1209 3041 1404 3097 exinde
1428 3041 1574 3094 illum
1623 3053 1813 3095 omnes
1859 3039 1988 3094 hor-

383 3159 510 3200 rere
532 3160 596 3200 ac
624 3145 797 3199 vitare
825 3151 1110 3213 coeperunt
1140 3156 1152 3194 :
1187 3148 1244 3196 et
1285 3137 1528 3192 videntes
1577 3136 1832 3207 quoniam
1861 3135 1990 3190 sub-

2093 1936 2322 1996 verunt,
2357 1940 2683 1982 consensum
2709 1924 3119 1980 accommodare
3143 1924 3450 1979 voluerunt.
3483 1921 3697 1976 Etenim

2091 2021 2398 2089 Marcellus,
2432 2036 2555 2076 cum
2580 2020 2719 2092 apud
2751 2033 2879 2074 suos
2921 2017 3208 2073 haereticus
3259 2015 3571 2082 haberetur,
3606 2029 3697 2084 pc-

2093 2114 2477 2187 regrinationis
2507 2114 2582 2183 (c)
2605 2115 2804 2169 auxilia
2832 2111 3118 2184 requisivit
3146 2130 3158 2167 :
3183 2111 3392 2168 scilicet
3417 2118 3476 2164 ut
3501 2119 3554 2166 et
3577 2110 3699 2164 illos

2094 2211 2330 2277 falleret,
2361 2209 2452 2281 qui
2479 2218 2534 2264 et
2562 2210 2736 2279 ipsum
2762 2217 2817 2264 et
2856 2207 2974 2277 ejus
3028 2207 3228 2280 scripta
3259 2203 3512 2276 pestifera
3543 2203 3696 2273 igno-

2094 2313 2294 2361 rarent.
2348 2301 2458 2361 Sed
2503 2300 2763 2373 quidquid
2793 2300 2935 2370 apud
2993 2298 3116 2354 illos
3167 2298 3277 2369 agit
3307 2339 3323 2366 ,
3381 2297 3543 2367 impia
3601 2310 3696 2349 sua

2094 2401 2293 2470 scripta
2337 2411 2637 2465 sensusque
2667 2394 2922 2465 profanos
2967 2394 3204 2449 occultat
3254 2391 3390 2447 falsa
3420 2406 3516 2462 pro
3553 2388 3697 2445 veris

2095 2506 2396 2563 opponens,
2425 2499 2690 2561 quaestum
2715 2488 2817 2543 sibi
2867 2487 2934 2541 de
2960 2483 3298 2557 simplicibus
3339 2491 3500 2556 atque
3542 2483 3698 2538 inno~

2095 2583 2346 2641 centibus
2389 2582 2554 2648 fecit,
2608 2583 2806 2652 quique
2869 2578 2970 2635 sub
2997 2586 3262 2650 praetextu
3313 2576 3698 2640 ecclesiasticae

2095 2678 2296 2749 regulae
2343 2676 2540 2730 multos
2594 2673 2850 2728 Ecclesiae
2900 2682 3150 2741 pastores
3209 2669 3420 2726 induxit
3474 2672 3569 2748 (an
3607 2683 3700 2724 se-

2095 2769 2306 2842 duxit?)
2336 2787 2348 2823 :
2379 2783 2582 2839 eosque
2614 2768 2833 2821 insuam
2854 2761 3703 2836 redigenspotestatem,Sabellii

2098 2864 2337 2919 haeretici
2391 2871 2592 2918 sectam
2624 2859 2884 2916 inducens
2911 2899 2928 2925 ,
2973 2857 3170 2913 callida
3226 2855 3416 2912 fraude
3459 2854 3698 2926 decepit,

2096 2964 2408 3010 restaurans
2455 2952 2605 3007 Pauli
2657 2951 3056 3005 Samosatensis
3103 2957 3158 3004 et
3200 2958 3343 3004 artes
3411 2957 3466 3002 ct
3519 2946 3695 3003 dolos.

2094 3047 2260 3103 Mixta
2305 3051 2449 3101 enim
2497 3053 2581 3101 est
2626 3046 2866 3099 omnium
2922 3041 3300 3097 haereticorum
3347 3038 3508 3096 sentis
3561 3039 3700 3094 Mar-

2096 3142 2214 3198 celli
2249 3149 2506 3196 extranea
2552 3139 2790 3206 traditio,
2820 3139 2958 3194 sicut
2998 3151 3160 3206 supra
3201 3146 3560 3191 memoratum
3589 3144 3692 3190 est.

385 3250 580 3292 versus
607 3244 738 3292 esta
774 3241 1019 3304 peccato,
1049 3241 1105 3287 et
1151 3240 1234 3287 est
1279 3246 1307 3284 a
1340 3230 1634 3300 semetipso
1675 3228 1982 3293 damnatus,
2016 3246 2062 3310 ρ
2098 3233 2246 3290 Unde
2268 3241 2616 3293 convenerat,
2649 3245 2838 3284 omnes
2880 3229 3136 3284 Ecclesiae
3182 3236 3384 3282 sanctae
3434 3228 3697 3296 praeposi-

385 3329 522 3384 actis
574 3344 696 3384 eum
748 3323 1132 3383 ecclesiasticis
1180 3323 1594 3390 damnaverunt,
1645 3338 1713 3376 ne
1760 3322 1988 3377 ulterius

384 3439 518 3478 oves
546 3423 747 3478 Christi
799 3419 1070 3492 pestiferis
1099 3418 1438 3474 contactibus
1468 3417 1636 3487 magis
1668 3418 1984 3472 macularet.

387 3516 539 3571 Tunc
568 3530 800 3586 namque
839 3514 998 3569 etiam
1031 3512 1146 3582 ejus
1180 3510 1388 3580 aliquos
1421 3510 1770 3580 pravissimos
1797 3524 1990 3566 sensus

384 3620 576 3666 contra
634 3609 794 3665 ﬁdem
845 3618 1045 3663 rectam
1099 3605 1505 3676 Ecclesiamque
1569 3605 1987 3674 sanctissimam,

383 3715 610 3775 propter
661 3704 974 3758 memOriam
1025 3713 1364 3772 pOStcrorum
1415 3702 1828 3773 cautelamqne,
1879 3703 1992 3759 suis

386 3797 747 3852 sanctissimis
773 3796 1056 3867 scripturis
1102 3795 1155 3849 in
1199 3795 1420 3850 arcltivo
1443 3797 1702 3851 Ecclesia:
1725 3798 1991 3852 condide-

383 3899 537 3945 runt.
570 3890 673 3945 Sed
707 3890 822 3944 haec
871 3888 1088 3958 quidem
1141 3887 1436 3943 secundum
1473 3889 1804 3961 impietatem
1852 3890 1995 3945 Mar-

385 3983 515 4040 celli
543 3982 781 4038 haeretici
816 3984 985 4054 prima
1011 3984 1226 4038 fuerunt
1250 4001 1262 4037 :
1294 3983 1478 4054 pejora
1501 3994 1627 4039 sunt
1647 3985 1844 4040 deinde
1865 3986 1993 4040 sub-

385 4085 594 4133 secuta.
616 4077 912 4150 650Nam
929 4079 1048 4147 quis
1067 4076 1301 4132 ﬁdeliunt
1320 4076 1527 4145 credat,
1541 4087 1633 4132 aut
1653 4079 1885 4149 patiatur
1904 4095 1988 4148 ea,

384 4186 514 4242 quae
531 4171 596 4225 ab
621 4173 734 4242 ipso
768 4169 908 4224 male
925 4180 1071 4242 gesta
1087 4181 1247 4240 atque
1266 4171 1570 4240 conscripta
1593 4182 1737 4235 sunt,
1765 4189 1992 4243 quaeque

386 4263 550 4336 digne
584 4265 1032 4320 anathematizata
1075 4265 1237 4320 sunt?
1268 4266 1343 4336 (a)
1377 4264 1536 4339 [Nam
1573 4281 1694 4321 cum
1725 4267 1840 4338 ipso
1855 4266 1993 4322 Mar-

387 4357 529 4413 cello
550 4374 577 4411 a
607 4359 922 4428 parentibus
951 4359 1150 4413 nosuis
1185 4359 1236 4413 in
1255 4356 1775 4428 Constantinopolim
1802 4361 1994 4415 civita-

391 4451 550 4525 tem.]
572 4451 812 4522 Namque
842 4452 980 4507 liber
1003 4451 1388 4506 sententiarum
1420 4461 1594 4507 exstat
1626 4455 1678 4506 in
1717 4453 1890 4522 ipsum
1925 4454 1992 4508 ab

390 4546 660 4616 episcopis
675 4546 1010 4612 conscriptus
1033 4561 1045 4598 :
1068 4544 1242 4614 inquo
1267 4544 1404 4599 libro
1422 4545 1582 4599 etiam
1607 4545 1714 4612 isti,
1739 4546 1828 4616 qui
1852 4562 1992 4602 nunc

2094 3337 2178 3384 tos
2196 3327 2357 3400 651
2383 3339 2652 3381 memores
2678 3323 2943 3379 diCtorum
2971 3321 3181 3377 Domini
3203 3320 3401 3377 Christi
3425 3318 3654 3376 dicentis
3680 3336 3696 3374 :

2093 3421 2276 3476 Cavete
2320 3436 2461 3474 vasa
2493 3417 2971 3488 pseudOprophetis,
3019 3415 3108 3486 qui
3152 3415 3358 3469 veniunt
3399 3413 3466 3467 ad
3512 3428 3600 3467 vos
3640 3414 3694 3468 in

2093 3517 2271 3570 vestitu
2296 3516 2487 3580 ovium,
2515 3508 2824 3567 intrinsecus
2868 3521 3036 3565 autem
3077 3521 3191 3564 sunt
3237 3511 3350 3581 lupi
3398 3526 3632 3582 rapaces,
3664 3527 3699 3565 a

2095 3610 2343 3682 fructibus
2365 3625 2538 3664 eorum
2559 3608 2870 3680 cognoscetis
2895 3623 2978 3661 eos
2996 3604 3346 3678 (Mattlt.,vn,
3374 3603 3592 3676 15,16),
3619 3605 3696 3662 vi-

2092 3714 2210 3760 tare
2242 3705 2309 3759 ab
2360 3703 2666 3773 ltujusmodi
2705 3712 2760 3757 et
2789 3703 3033 3770 horrere,
3067 3716 3166 3756 nec
3197 3700 3305 3757 illis
3351 3701 3507 3756 facile
3543 3713 3694 3755 com-

2095 3801 2391 3868 municare,
2423 3814 2718 3871 agnoscere
2753 3799 2876 3855 illos
2917 3813 2984 3854 ex
3025 3798 3232 3854 actibus
3271 3799 3404 3864 suis,
3446 3804 3607 3866 atque
3630 3813 3700 3852 ex

2095 3912 2283 3952 eorum
2343 3897 2560 3967 scriptis
2592 3895 2868 3965 sacrilegis
2919 3893 3310 3964 praedamnare.
3372 3889 3526 3945 Nunc
3569 3905 3697 3944 vero

2094 3990 2446 4045 vehementer
2483 3989 2796 4053 metuimus,
2837 4002 2905 4042 ne
2957 3987 3156 4041 nostris
3187 3982 3519 4052 temporibus
3549 3997 3696 4038 com-

2096 4084 2306 4152 pleatur
2335 4081 2477 4152 quod
2508 4081 2767 4152 scriptum
2821 4088 2938 4136 est:
2969 4078 3100 4135 Cum
3145 4078 3407 4133 dormiunt
3436 4077 3691 4140 homines,

2099 4176 2226 4230 venit
2275 4175 2513 4228 inimicus
2568 4185 2614 4228 et
2664 4174 2860 4244 spargit
2925 4173 3129 4225 zizania
3194 4171 3330 4223 inter
3381 4173 3698 4242 frumentum

2102 4267 2338 4339 (ΜαιιΙιη
2364 4283 2482 4334 xnt,
2509 4266 2625 4337 25).
2669 4264 2804 4322 Cum
2829 4267 2976 4322 enim
3028 4280 3134 4320 non
3183 4264 3406 4336 vigilant
3454 4262 3531 4331 lii,
3563 4275 3700 4331 quos

2100 4362 2326 4433 vigilare
2360 4362 2653 4430 oportetin
2703 4361 2949 4417 custodia
3005 4359 3302 4428 Ecclesiae;
3352 4357 3484 4413 falsa
3536 4355 3701 4412 verba

2100 4457 2176 4530 (d)
2207 4457 2491 4520 imitantia,
2514 4456 2754 4511 funditus
2783 4457 2836 4511 id
2861 4459 3004 4526 quod
3029 4463 3240 4511 rectum
3271 4463 3356 4511 est
3394 4462 3628 4510 vertunt.

2170 4550 2223 4606 5.
2251 4549 2504 4605 Marcello
2530 4552 2764 4623 neganda
2785 4551 3078 4604 communio
3105 4550 3538 4604 denuntiatur.—
3557 4550 3705 4617 Qua-

390 4656 519 4696 cum
551 4641 666 4710 ipso
683 4651 810 4695 sunt
839 4639 1089 4694 Marcello
1121 4648 1282 4710 atque
1310 4639 1384 4693 illi
1415 4640 1613 4706 favent,
1645 4639 1696 4694 id
1727 4649 1828 4709 est,
1866 4642 1994 4696 ltru-
2021 4648 2073 4708 1)
2101 4653 2323 4715 propter
2344 4659 2462 4709 nos,
2488 4646 2576 4716 qui
2613 4645 2770 4714 plene
2794 4660 2857 4700 ex
2915 4644 3053 4699 libro
3095 4642 3329 4700 Marcelli
3357 4643 3471 4713 ejus
3501 4650 3704 4699 sectam

395 4747 619 4808 togenes
646 4735 883 4792 Serdicae
913 4733 1148 4790 civitatis
1193 4735 1480 4803 episcopus
1529 4744 1583 4789 et
1615 4733 1690 4806 (b)
1721 4734 1997 4791 Siracusa-

393 4902 468 4960 ὡς
515 4896 656 4954 οὐδὲν
698 4899 871 4974 ἵτεροπέ
897 4895 957 4974 ἧμας
986 4895 1012 4952 ὁ
1040 4893 1355 4974 λόγος-ἐνδὸν
1382 4897 1542 4969 μένων
1578 4899 1628 4952 ἐν
1676 4901 1998 4970 ἡσυχάζοντι

392 4979 472 5048 re":
497 4974 670 5048 Πατρί,
703 4965 809 5024 etc'.
839 4969 1044 5038 Quibus
1072 4965 1250 5020 verbis
1276 4965 1521 5048 no_n'_.tam
1579 4965 2000 5048 negatur'exsti-

394 5039 532 5098 tisse
557 5083 571 5109 ,
600 5039 757 5112 quam
788 5054 1070 5112 externum
1111 5053 1246 5104 Opus
1275 5039 1602 5096 exhibuisse.
1652 5040 1740 5096 Sic
1763 5056 1814 5094 et
1849 5057 1998 5096 more

391 5111 629 5170 aliorum
687 5113 905 5167 Patrum
955 5111 1228 5167 afﬁrmare
1282 5113 1329 5164 ci
1379 5113 1632 5180 licuerit,
1710 5115 1995 5167 humanam

391 5185 596 5241 Christi
646 5199 890 5239 naturam
944 5199 1038 5254 per
1087 5181 1312 5252 gloriam
1368 5183 1421 5236 in
1455 5186 1617 5238 llenm
1648 5185 1996 5238 transituram

394 5272 521 5313 esse
549 5257 769 5325 speciali
796 5257 1024 5324 quadam
1051 5269 1171 5309 cum
1197 5255 1308 5310 Deo
1332 5255 1733 5324 conjunctione,
1761 5258 1854 5312 sed
1883 5259 1999 5312 sine

394 5328 692 5384 abolitione
722 5329 889 5400 ipsius
936 5337 1162 5381 naturae.

476 5421 551 5494 (a)
583 5421 694 5477 Nisi
727 5420 1156 5494 supervacanea
1182 5428 1307 5494 sunt
1337 5435 1454 5490 quae
1477 5419 1623 5494 intra
1657 5423 1884 5475 uncinos
1915 5420 1997 5476 in-

396 5490 710 5560 cluduntur,
740 5493 1117 5546 desiderantur
1148 5490 1232 5545 hic
1289 5492 1562 5544 nonnulla.
1595 5490 1702 5546 Aut
1741 5503 1888 5547 certe
1919 5493 1999 5548 le-

398 5566 632 5637 gendum
666 5582 679 5618 :
712 5563 1158 5637 Anatheiitatisata
1213 5575 1329 5616 sunt
1383 5580 1524 5637 cum
1553 5565 1661 5636 ipso
1689 5562 1941 5620 Marcello
1966 5582 2000 5619 a

397 5635 692 5711 parentibus
713 5637 902 5690 nostris
934 5638 983 5688 in
1013 5635 1456 5707 Constantinopoli
1481 5635 1720 5690 civitate?

487 5729 563 5798 (b)
596 5729 650 5783 ln
692 5730 990 5796 archetypo
1018 5744 1146 5792 ms.,
1181 5727 1603 5800 Siriacusanais:
1643 5728 1786 5782 unde
1817 5730 1860 5783 si
1891 5731 2011 5800 quis

411 5803 561 5856 volet
609 5800 1006 5855 conﬁciendum
1059 5799 1454 5872 esseACyriacus
1475 5800 1836 5865 Arintincnsis,
1859 5799 2016 5872 cujus

2106 4737 2418 4809 sceleraque
2467 4739 2838 4809 cognovimus,
2884 4737 3206 4807 scripsimus
3264 4736 3433 4801 vobis,
3465 4735 3708 4792 dilectis-

2103 4900 2212 4954 lum
2241 4901 2487 4970 recipiat,
2520 4900 2572 4957 in
2596 4915 2756 4970 quem
2814 4901 2902 4956 ille
2957 4899 3284 4956 sententiam
3331 4901 3541 4956 dixerat
3570 4917 3585 4962 ;
3614 4899 3708 4954 det

2107 4972 2195 5054 ille
2221 4987 2445 5054 necesse
2472 4983 2556 5027 est.
2607 4971 2821 5054 Cyriaci
2851 4983 2960 5054 tum
2990 4973 3229 5027 defuncti
3261 4987 3455 5054 nomen
3491 4987 3587 5042 pro
3617 4985 3708 5026 ec-

2105 5047 2267 5098 clesia
2326 5060 2484 5111 quam
2551 5044 2692 5099 rexit
2738 5045 3136 5099 substitutum:
3197 5046 3348 5111 quasi
3404 5044 3702 5107 diceretur,

2103 5115 2342 5184 cpi-eupi
2372 5115 2711 5171 Sardicensis
2759 5127 2813 5168 et
2843 5115 3223 5178 Ariminensis,
3257 5116 3348 5183 qui
3379 5115 3540 5168 modo
3568 5114 3708 5168 Mar-

2103 5189 2242 5241 cello
2271 5189 2470 5252 favent,
2503 5188 2652 5256 prius
2702 5188 2755 5240 in
2785 5188 2954 5256 ipsum
2994 5189 3292 5242 sententiam
3316 5188 3418 5256 (sic
3445 5185 3589 5240 cnim
3622 5185 3704 5240 le-

2088 5259 2334 5327 gendum
2390 5255 2624 5324 videtur,
2661 5277 2765 5314 non
2808 5255 2869 5312 in
2925 5263 3036 5330 ipsa
3066 5255 3340 5330 sententia)
3389 5259 3708 5330 conscripse-

2105 5341 2224 5383 runt
2252 5347 2270 5397 ;
2304 5331 2645 5386 Sardiceusis
2693 5331 2909 5401 quidem
2944 5328 3179 5400 proprio
3207 5328 3446 5394 nomine,
3499 5328 3706 5384 Arimi-

2110 5403 2293 5457 nensis
2321 5418 2446 5458 vero
2475 5404 2526 5456 in
2549 5403 2778 5474 Cyriaco
2801 5405 3088 5457 decessore
3118 5417 3236 5456 suo.

2188 5494 2260 5568 (c)
2289 5495 2378 5552 Sic
2402 5495 2479 5550 illi
2508 5502 2702 5550 vocant
2731 5493 2966 5551 Marcelli
2996 5497 3117 5562 iter,
3143 5507 3250 5565 quo
3273 5491 3500 5549 Romam
3523 5491 3590 5548 ad
3615 5491 3714 5550 Ju-

2112 5569 2240 5625 lium
2274 5569 2533 5638 perrexit.

2194 5661 2274 5734 (d)
2299 5662 2356 5717 In
2392 5663 2641 5731 vulgatis,
2689 5661 2941 5734 nutantia.
2984 5662 3060 5716 Ex
3092 5675 3223 5716 mss.
3256 5675 3580 5734 revocamus
3599 5660 3721 5715 imi~

2126 5733 2310 5797 tantin,
2335 5745 2408 5794 et.
2444 5736 2486 5788 si
2517 5737 2725 5797 liceret,
2750 5733 3077 5788 adderemus
3107 5735 3385 5788 veritatem.
3411 5733 3532 5790 Mox
3557 5735 3718 5790 etiam

2126 5807 2294 5877 magis
2324 5808 2561 5879 placeret
2604 5814 2850 5873 evertunt,
2877 5820 3033 5876 quam
3066 5814 3285 5861 vertunt.

414 5888 701 5930 successor
731 5872 1064 5930 Gaudentius
1120 5869 1264 5928 infra
1286 5871 1594 5941 damnatur,
1626 5875 1766 5944 quod
1792 5869 2020 5930 Marcel-
