4062 6332
490 227 598 283 εδδ

1700 227 1946 285 SANCTI
1987 226 2243 285 lllLAKIl
2285 225 2589 283 EPISCOPI

3681 229 3769 284 664

492 346 613 402 simi
636 346 873 411 Fratres,
906 356 967 403 ut
994 361 1168 418 neque
1198 346 1533 414 Marcellum,
1565 361 1741 418 neque
1764 360 1860 401 eos
1880 346 1971 415 qui
2009 343 2086 399 illi
2117 349 2169 408 Α
2195 345 2369 416 primo
2400 343 2611 399 videtur
2639 358 2760 401 esse
2775 343 3083 399 condictum
3113 344 3225 418 (an.
3249 342 3376 413 ⁸554,
3419 353 3475 399 at
3517 360 3617 399 non
3659 348 3775 400 cclc-

486 440 807 511 junguntur,
849 437 917 495 ad
959 441 1396 496 communionem
1451 447 1652 496 sancta:
1681 438 1940 495 Ecclesiae
1992 438 2091 493 ad-

491 536 719 591 mittatis
746 551 761 600 ;
792 549 1061 590 memores
1108 549 1323 606 quoque
1347 534 1466 589 sitis
1511 534 1788 605 prophette
1819 533 1979 588 |)avid
2011 533 2093 589 di-

490 628 662 683 centis
694 646 705 681 :
734 625 862 681 Dixi
909 630 980 681 eis
1014 630 1100 698 qui
1130 630 1326 700 faciunt
1366 628 1591 699 facinus,
1616 645 1679 681 ne
1717 627 1937 696 feceritis
1967 626 2094 698 faci-

493 736 630 787 nus;
662 731 706 773 et
738 720 1167 792 delinquentibus,
1212 738 1275 774 ne
1302 721 1648 775 exultaveritis
1686 736 1868 774 cornu.
1916 719 2097 774 Nolite

493 814 546 867 in
573 814 735 868 altum
761 814 939 867 tollere
967 830 1128 868 cornu
1157 825 1410 869 vestrum:
1435 831 1499 869 ne
1526 814 1808 885 loquamini
1851 814 2095 867 adversus

492 906 771 961 Dominum
818 907 1000 979 iniqua
1043 907 1220 976 (Psal.
1276 923 1462 973 Lxxn',
1517 911 1588 973 5,
1635 908 1712 977 6).
1778 909 1840 962 Et
1892 909 2096 964 credite

497 1001 771 1057 Salontoni
802 1000 1002 1055 dicenti
1035 1018 1047 1053 :
1077 1000 1259 1055 Nolite
1287 1004 1570 1074 transferre
1590 1002 1830 1056 terminos
1856 1012 2094 1069 (etei-uos,

490 1111 617 1161 quos
648 1094 1021 1148 constituerunt
1050 1105 1219 1165 patres
1246 1096 1401 1149 vestri
1422 1093 1630 1167 (Prov.,
1662 1111 1790 1174 san,
1826 1093 1942 1166 ‘28).
1967 1094 2097 1163 ρυω

491 1204 612 1242 cum
648 1188 718 1241 ita
771 1188 899 1247 sint.
946 1189 1112 1242 nolite
1152 1188 1449 1256 Sllpl‘udlCli
1494 1188 1737 1243 Marcelli
1794 1190 2094 1259 pravissitni

492 1284 645 1349 sequi
671 1296 911 1347 errores,
935 1291 988 1336 et
1010 1297 1095 1348 ea,
1122 1296 1244 1352 quae
1265 1282 1332 1336 ab
1350 1281 1469 1351 ipso
1497 1282 1690 1352 injusta
1717 1284 2098 1352 praedicatione

492 1388 679 1430 eontra
732 1376 1017 1430 Dominum
1046 1376 1322 1431 Christum
1356 1377 1574 1431 inventa
1601 1376 1903 1447 traditaque
1948 1386 2094 1445 sunt,

496 1469 903 1539 prtednmnate;
955 1484 1020 1523 ne
1077 1466 1426 1537 blasphemiis
1482 1467 1887 1539 sceleribusque
1935 1468 2095 1523 ctiam

493 1560 593 1631 ipsi
628 1560 916 1631 participes
939 1563 1075 1616 sitis.
1102 1560 1209 1617 Sed
1232 1570 1438 1631 propter
1462 1563 1818 1631 compendium
1841 1560 1950 1616 inec
1976 1561 2101 1615 linc-

494 1665 639 1709 tenus
664 1658 727 1709 de
754 1653 1030 1709 Marcello.

2197 439 2419 509 brutum)
2454 458 2465 493 :
2500 448 2697 495 etcum
2748 440 2967 494 minime
2996 440 3063 495 ab
3094 440 3210 511 ipso
3229 440 3317 495 vel
3361 439 3426 495 ab
3471 439 3777 496 satellitibus

2197 534 2262 588 ad
2292 533 2657 599 supradictunt
2678 533 2963 588 concilium
2994 544 3387 596 occurreretur,
3413 544 3538 603 post
3565 536 3776 591 alterum

2196 641 2395 680 annum
2424 630 2533 691 (an.
2582 621 2711 694 ὅδὲ)
2764 630 2814 679 in
2864 625 3008 697 Tyro
3035 634 3251 696 propter
3288 627 3403 694 ejus
3434 626 3670 681 facinora
3699 644 3780 682 ue-

2199 718 2436 773 cess'ario
2492 720 2683 773 iterum
2716 718 3039 773 celebratur.
3081 718 3429 774 Atlvencrunt
3458 720 3692 791 episcopi
3720 721 3781 777 de

2198 809 2507 865 Macedonia
2537 820 2591 864 et
2615 812 2682 864 de
2704 809 3001 875 Pannonia,
3024 810 3295 883 Bytbinia,
3325 822 3377 865 et
3398 811 3653 868 omnibus
3675 829 3781 881 par-

2201 905 2345 960 tihns
2372 904 2631 970 Orientis,
2657 904 2999 974 imperatoris
3024 904 3268 974 jussione
3308 905 3590 959 constricti
3622 923 3635 957 :
3677 904 3783 976 qui-

2199 1015 2302 1070 que
2329 1000 2463 1053 actis
2483 997 2761 1054 Athanasii
2794 998 2991 1069 ﬂagitia
3024 999 3355 1068 criminaque
3376 1009 3780 1069 cognoscentes,

2201 1107 2305 1146 non
2338 1091 2537 1163 passim
2592 1106 2691 1145 nec
2740 1100 2943 1145 temere
2986 1091 3392 1145 accusatoribus
3422 1089 3672 1157 credunt,
3699 1090 3781 1145 sed

2200 1204 2299 1261 suo
2327 1189 2394 1244 de
2415 1187 2647 1243 eoin-ilio
2695 1187 2951 1242 inlustres
2982 1194 3039 1241 et
3068 1186 3361 1243 laudabiles
3386 1186 3674 1257 episcopos
3698 1187 3785 1240 cli-

2201 1293 2350 1353 gunt,
2384 1295 2544 1352 atque
2574 1282 2627 1336 in
2670 1296 2781 1336 rem
2842 1290 3187 1352 prtesenlem,
3221 1280 3308 1335 ubi
3336 1296 3422 1337 res
3448 1291 3619 1352 gesta:
3647 1293 3784 1335 erant

2201 1379 2269 1434 de
2309 1378 2501 1449 quibus
2544 1377 2871 1448 arguebatur
2903 1375 3245 1439 Athanasius,
3284 1376 3508 1430 mittunt
3548 1392 3563 1428 :
3603 1375 3786 1445 quique

2201 1472 2411 1526 oculata
2448 1471 2554 1525 ﬁde
2599 1479 2794 1524 cuncta
2828 1467 3192 1539 adspicientes
3232 1476 3394 1538 atque
3443 1482 3574 1522 vera
3603 1482 3783 1539 cogno-

2201 1576 2436 1631 scentes,
2464 1565 2530 1620 ad
2560 1565 2849 1620 concilium
2882 1564 3127 1631 redeunt,
3152 1562 3376 1632 ejusque
3401 1560 3656 1626 crimina,
3680 1577 3784 1631 qua:

2202 1663 2270 1715 ab
2299 1659 2707 1717 accusatoribus
2754 1658 3172 1730 oltjiciebantur,
3205 1673 3305 1713 suo
3334 1655 3649 1712 testimonio
3674 1670 3782 1709 vera

566 1747 620 1803 6.
655 1750 939 1803 Athanasio
968 1750 1188 1818 conﬁcta
1240 1750 1478 1804 crimina.
1508 1777 1579 1791 -~
1602 1747 1801 1804 Verum
1830 1749 1898 1805 de
1927 1749 2095 1803 Alba—
2127 1752 2175 1812 B
2200 1756 2543 1812 conﬁrmant.
2601 1755 2842 1827 Uttde(c)
2876 1755 2927 1809 in
2957 1764 3275 1824 praesentem
3317 1753 3678 1809 Athanasium
3723 1752 3786 1806 di-

493 1851 645 1904 nasio
688 1851 958 1920 quondam
1020 1850 1359 1905 Alexandria:
1411 1850 1668 1922 episcopo
1716 1849 1944 1918 accipite
1973 1864 2093 1919 qu;e

491 1953 641 2014 gesta
671 1952 815 1998 sunt.
841 1941 1143 1997 Accusatus
1166 1955 1249 1998 est
1284 1950 1521 2013 gravner
1536 1942 1687 2014 juxta
1722 1942 1893 1998 Deum
1924 1943 2096 1997 sacri-

494 2035 666 2106 legus,
699 2035 931 2106 etjuxta
982 2037 1237 2105 mysteria
1267 2036 1525 2091 Ecclesia:
1572 2044 1774 2091 sanctae
1819 2034 2096 2105 profanus,

493 2130 693 2201 quique
721 2131 952 2200 prOpriis
981 2127 1059 2201 (a)
1090 2118 1337 2184 manibus
1360 2129 1679 2185 comminuit
1712 2128 1962 2200 poculum
1990 2129 2099 2183 Deo

495 2235 550 2281 et
577 2226 794 2281 Christo
842 2226 1083 2281 dicatum
1111 2268 1125 2293 ,
1176 2209 1463 2297 ipsumque
1508 2226 1678 2281 altare
1729 2223 2097 2281 venerandum

490 2319 779 2391 confregit,
810 2319 1106 2388 sedemque
1144 2319 1537 2375 sacerdotalem
1567 2319 1832 2374 subvertit
1859 2319 1993 2387 ipse,
2019 2327 2100 2371 at-

494 2429 599 2484 que
629 2415 800 2484 ipsam
834 2414 1132 2476 basilicam.
1169 2415 1263 2469 Dei
1286 2414 1530 2482 domum,
1552 2415 1850 2471 Ecclesium
1873 2413 2093 2481 Christi,

493 2506 785 2562 demolitus
832 2523 1005 2578 usque
1053 2508 1121 2563 ad
1167 2509 1342 2564 solum
1394 2518 1493 2565 est.
1528 2510 1913 2583 Presbyterum
1970 2524 2099 2565 vero

493 2600 695 2667 ipsum,
748 2599 918 2654 virum
959 2615 1177 2671 gravem
1229 2611 1285 2656 et
1325 2601 1554 2672 justum,
1604 2603 1821 2657 nomine
1852 2601 2096 2658 Narcben

499 2690 839 2764 (lscltyram),
867 2691 1082 2746 tradidit
1106 2695 1365 2749 custodia:
1387 2695 1628 2751 militari.
1648 2701 1942 2753 Accusatus
1959 2714 2096 2767 prm-

496 2797 643 2841 tcrea
692 2795 777 2841 est
822 2787 888 2842 de
935 2786 1166 2857 injuriis,
1228 2790 1508 2856 violentia,
1566 2790 1736 2857 caede,
1780 2803 1943 2863 atque
1982 2792 2096 2862 ipsa

499 2880 573 2951 (ὁ)
600 2878 978 2951 episcoporum
1013 2882 1407 2940 internecione.
1440 2884 1652 2955 Quique
1704 2887 1868 2941 etiam
1908 2886 2099 2941 diebus

497 2975 876 3033 sacratissimis
897 2975 1117 3032 Pascha:
1134 2979 1417 3047 tyrannico
1432 2995 1582 3035 more
1597 2980 1846 3042 saeviens,
1866 2979 2099 3035 Ducibus

494 3080 658 3142 atque
682 3069 982 3128 Comitibns
1005 3073 1227 3142 junctus
1257 3092 1269 3127 :
1300 3074 1499 3145 quique
1552 3085 1772 3145 propter
1795 3075 1969 3144 ipsum
2001 3074 2099 3130 ali-

2200 1867 2359 1922 gnam
2391 1867 2485 1920 pro
2504 1851 2823 1905 criminibus
2838 1850 3161 1905 sententiam
3181 1848 3388 1904 dicant.
3409 1849 3645 1920 Propter
3660 1846 3782 1919 quod

2201 1946 2346 2017 ’l‘yro
2396 1945 2647 2016 fugiens,
2696 1945 3079 2015 imperatorem
3123 1946 3379 2016 appellat.
3426 1944 3595 1998 Audit
3641 1943 3783 1998 etiam

2203 2040 2499 2109 imperator
2530 2056 2541 2091 :
2576 2040 2771 2109 quique
2823 2040 3246 2109 interrogatione
3278 2037 3464 2093 habita
3493 2036 3671 2092 omnia
3687 2036 3785 2105 ejus

2203 2134 2403 2207 ﬂagitia
2426 2148 2843 2205 recognoscens,
2862 2148 2958 2187 sua
2988 2133 3136 2187 illum
3167 2133 3439 2187 sententia
3464 2133 3520 2186 in
3549 2131 3785 2187 exsilium

2206 2227 2506 2302 (Treviros)
2535 2229 2858 2299 deportavit.
2889 2226 2985 2283 His
3013 2243 3145 2299 ergo
3167 2231 3238 2282 ita
3274 2226 3601 2284 cadentibus
3622 2226 3785 2287 rebus,

2202 2338 2324 2378 cum
2375 2322 2705 2377 Athanasius
2746 2320 3033 2376 damnatus
3073 2319 3231 2392 digne
3262 2320 3315 2374 in
3346 2318 3553 2374 exsilio
3585 2319 3786 2372 habere-

2205 2426 2291 2471 tur
2311 2414 2381 2471 ob
2433 2415 2684 2470 meritum
2733 2412 3031 2469 facinorum
3085 2428 3307 2469 suorum
3337 2452 3354 2480 ,
3409 2412 3701 2481 sacrilegus
3741 2410 3783 2463 in

2204 2509 2392 2577 Deum,
2423 2509 2475 2564 in
2521 2508 2776 2581 mysteria
2830 2520 2982 2562 sacra
3038 2506 3316 2577 profanus,
3354 2506 3405 2561 in
3455 2502 3783 2561 demolitiOne

2204 2603 2442 2659 basilicze
2464 2603 2764 2669 violentus,
2817 2601 2871 2656 in
2914 2600 3296 2670 episcoporum
3336 2599 3523 2654 exitiis
3554 2598 3785 2653 innocen-

2205 2700 2442 2768 tiamque
2470 2695 2693 2750 fratrum
2721 2704 3037 2766 persecutor
3059 2693 3124 2765 (f.
3150 2690 3556 2765 persecutione)
3586 2692 3784 2746 horreu-

2203 2793 2303 2848 dus
2330 2810 2345 2860 ;
2377 2792 2445 2847 ab
2466 2791 2717 2847 omnibus
2738 2789 3009 2859 episcopis
3039 2790 3089 2843 in
3118 2788 3428 2859 rejiciendis
3452 2788 3611 2844 malis
3630 2802 3787 2842 serva-

2204 2896 2291 2942 tur
2332 2886 2622 2940 auctoritas
2650 2883 2803 2955 legis,
2827 2899 2998 2938 canon
3042 2882 3320 2948 Ecclesia‘,
3353 2893 3405 2938 ct
3440 2882 3783 2954 apostolorum

2204 2989 2394 3035 sancta
2440 2979 2679 3034 traditio.

2275 3074 2329 3129 8.
2363 3072 2631 3127 Athanasii
2654 3071 2716 3127 ab
2738 3070 2918 3126 exsilio
2944 3069 3153 3125 reditus.
3186 3098 3246 3111 -
3268 3067 3373 3125 Sed
3395 3068 3530 3124 dum
3575 3066 3783 3123 Athana-

496 3178 634 3231 quos
659 3163 709 3217 in
729 3164 973 3218 custodia
1005 3165 1378 3234 rccludebnnt,
1401 3167 1612 3236 aliquos
1634 3180 1763 3220 vero
1781 3166 2101 3221 verberibus
2127 3156 2173 3218 C
2206 3168 2319 3223 sius
2352 3176 2471 3236 post
2516 3166 2917 3220 damnationem
2966 3178 3116 3219 suam
3165 3163 3395 3219 reditum
3440 3162 3543 3218 sibi
3575 3161 3639 3217 de
3664 3158 3764 3216 (ειεὶ

495 3255 830 3328 flagellisque
861 3259 1149 3321 vexabant.
1173 3260 1339 3333 652
1360 3270 1591 3315 caeteros
1617 3261 1847 3316 diversis
1873 3271 2106 3317 tormen-

500 3352 567 3407 tis
591 3353 655 3407 ad
684 3354 1120 3408 communionem
1147 3358 1264 3424 ejus
1292 3356 1607 3427 sacrilegam
1657 3357 1946 3428 adigebant
1970 3356 2105 3430 (Nec

499 3457 646 3502 actus
674 3449 934 3502 commissi
962 3467 1205 3519 umquam
1228 3451 1289 3503 ab
1319 3451 1667 3505 innocentibus
1686 3452 1951 3523 fuerant);
1985 3468 2107 3521 spc-

500 3539 751 3597 ransltoc
776 3540 937 3595 modo
966 3558 1091 3594 suos
1118 3557 1381 3611 suamque
1410 3544 1703 3611 prtevalere
1737 3558 1895 3611 posse
1922 3545 2110 3599 tactio-

499 3646 641 3698 nem,
672 3641 729 3686 ut
761 3648 854 3702 per
888 3634 1056 3688 Duces
1089 3645 1142 3688 et
1171 3632 1389 3688 Judices
1422 3648 1623 3703 perque
1646 3652 1897 3691 carceres
1928 3637 2097 3707 ipsos,

503 3726 650 3800 (add.
712 3726 788 3799 et)
837 3730 1060 3783 verbera
1113 3727 1435 3799 divereaqne
1475 3738 1740 3785 tormenta
1794 3732 1990 3787 invitos
2035 3733 2099 3787 ad

498 3822 937 3877 communionem
980 3837 1131 3877 suam
1162 3834 1402 3893 cogeret,
1435 3825 1681 3881 nolentes
1721 3825 1979 3896 adigeret,
2011 3844 2098 3882 re-

503 3931 802 3987 pugnantes
837 3927 998 3986 atque
1027 3918 1344 3974 resistentes
1372 3920 1475 3975 sibi
1509 3921 1791 3989 tyrannico
1816 3938 1963 3977 more
1994 3929 2105 3977 ter-

499 4020 666 4065 reret.
705 4008 867 4064 Erant
902 4011 1109 4079 quidem
1134 4012 1227 4066 illa
1272 4013 1451 4085 gravia
1491 4023 1540 4068 et
1566 4014 1748 4073 acerba
1786 4014 1849 4068 ab
1893 4031 2103 4071 accusa-

504 4101 697 4159 toribus
724 4103 943 4176 objecta.

576 4199 627 4253 7.
651 4195 778 4269 Tyri
791 4210 971 4254 contra
986 4202 1321 4257 Athanasium
1340 4213 1579 4274 gesta.-—-—-
1593 4202 1723 4258 Nam
1752 4211 1971 4274 pmpter
1993 4202 2110 4259 hanc

503 4293 808 4350 necessario
862 4296 1152 4351 concilium
1208 4297 1348 4366 apud
1412 4297 1713 4354 Caesaream
1764 4300 2107 4356 Palmstinam

2209 3261 2282 3316 lio
2327 3269 2722 3328 compararet,
2775 3257 2842 3313 de
2890 3256 3063 3313 Gallia
3132 3256 3198 3311 ad
3254 3256 3637 3312 Alexandriam
3683 3258 3785 3323 post

2209 3354 2501 3426 pluritnum
2559 3363 2773 3424 tempus
2821 3352 3040 3407 advenit
3085 3351 3194 3425 (an.
3230 3352 3361 3423 5'58)
3395 3370 3408 3406 :
3445 3353 3640 3423 quique
3669 3364 3785 3420 pra:-

2212 3452 2367 3507 terita
2393 3453 2442 3505 in
2474 3450 2705 3505 nihilum
2758 3448 2983 3514 ducens,
3015 3449 3189 3505 acrius
3222 3449 3273 3503 iit
3325 3451 3569 3521 nequitia
3601 3461 3783 3519 pram-

2210 3550 2369 3605 lcltat.
2428 3548 2560 3603 Nam
2615 3547 3024 3617 comparatione
3079 3545 3451 3618 sequentium,
3506 3542 3635 3600 levia
3679 3546 3785 3593 sunt

2209 3659 2330 3713 qnae
2355 3643 2561 3712 abipso
2604 3642 2774 3711 prima
2817 3642 3105 3695 commissa
3151 3647 3289 3693 sunt.
3330 3638 3546 3693 Etenim
3575 3650 3662 3705 per
3688 3647 3786 3687 out-

2206 3751 2327 3790 nem
2356 3735 2494 3789 viam
2520 3734 2724 3789 reditus
2740 3735 2819 3788 sui
2849 3731 3315 3805 Ecclesiant653
3339 3728 3419 3802 (τί)
3443 3726 3782 3787 subvertebat,

2206 3828 2489 3883 damnatos
2535 3827 2820 3897 episcOpos
2861 3826 3072 3896 aliquos
3117 3825 3501 3889 restaurabat,
3548 3820 3783 3892 aliquibus

2207 3941 2357 3995 Spem
2385 3923 2451 3978 ad
2479 3924 2821 3993 episcopatus
2879 3920 3112 3976 reditum
3159 3918 3550 3990 promittebat,
3601 3914 3782 3983 aliquos

2208 4036 2271 4075 ex
2308 4016 2607 4073 inlidclibus
2647 4014 3008 4071 constituebat
3049 4013 3354 4084 episcopos,
3408 4012 3575 4065 salvis
3616 4017 3665 4062 ct
3709 4004 3774 4059 in~

2213 4113 2376 4182 tegris
2427 4109 2866 4180 permanentibus
2897 4106 3310 4171 sacerdotibus,
3360 4120 3457 4174 per
3504 4114 3696 4174 pugnas
3740 4104 3782 4152 et

2210 4206 2388 4261 cedes
2432 4203 2756 4274 gentilium,
2792 4200 2924 4255 nihil
2988 4200 3283 4271 respiciens
3336 4199 3503 4265 leges,
3559 4195 3780 4264 despera-

2218 4299 2352 4355 liOni
2383 4298 2621 4353 tribuens
2673 4303 2865 4351 totum.
2926 4292 3076 4351 Unde
3108 4307 3204 4365 per
3234 4294 3376 4358 vim,
3429 4306 3530 4363 per
3583 4287 3780 4345 caedent.

575 4496 648 4573 (a)
682 4497 797 4575 t‘ion
841 4507 1173 4575 accusarunt
1204 4498 1525 4575 eum,_quod
1557 4503 1808 4573 propriis,
1838 4503 1930 4560 sed
1953 4504 2096 4575 quod
2125 4512 2178 4572 1)
2204 4521 2252 4560 c.
2286 4504 2318 4557 5
2349 4512 2401 4559 et
2430 4502 2513 4558 l5.
2540 4499 2821 4575 Nonnulli,
2850 4501 2938 4572 qui
2966 4501 3078 4558 btet:
3109 4504 3290 4559 omnia
3317 4503 3382 4558 ad
3412 4506 3639 4569 primmn
3662 4500 3782 4555 illius

496 4569 713 4626 Macarii
766 4570 1064 4646 presbyteri
1092 4570 1177 4626 sui
1208 4571 1457 4646 manibus
1515 4574 1617 4628 hoc
1659 4569 1849 4646 scelus
1908 4569 2101 4646 perpe-

503 4652 737 4770 trti’ssett:
783 4651 878 4697 aut
933 4643 1111 4713 potius
1168 4641 1330 4699 modo
1384 4643 1510 4712 hoc,
1572 4645 1732 4700 modo
1775 4641 2100 4704 illud‘dieti-

504 4725 556 4771 ta
599 4730 663 4769 an
697 4755 711 4769 .

576 4807 650 4882 (b)
679 4807 857 4883 Edidit
879 4807 1072 4876 Faber,
1098 4810 1347 4883 episcopi;
1370 4810 1507 4867 bene
1528 4812 1769 4881 quidem,
1795 4813 1839 4868 si
1862 4816 2106 4871 veritatis

502 4881 689 4954 hostes
715 4881 999 4935 calumniis
1040 4899 1069 4936 a
1113 4881 1170 4937 Se
1202 4886 1521 4954 excogitatis
1566 4895 1808 4953 starent,
1847 4887 1933 4941 hic
1959 4889 2103 4941 enim

500 4952 805 5027 restricinnt
840 4954 905 5027 ad
943 4955 1118 5007 tictam
1149 4952 1361 5010 Arseuii
1411 4972 1619 5011 necent.
1654 4960 1720 5011 At
1748 4952 1872 5012 cum
1905 4959 2106 5027 ubique

500 5026 708 5094 priores
741 5024 1000 5079 l‘alsitates
1027 5040 1151 5079 suas
1179 5038 1528 5098 exaggerent,
1553 5030 1715 5083 etiarn
1751 5029 1837 5084 hic
1865 5024 2109 5085 retinen-

500 5099 632 5152 dunt
687 5107 937 5167 putamus
985 5111 1108 5153 cum
1164 5098 1460 5171 archetypo
1512 5103 1812 5171 exemplari
1843 5103 2109 5173 episcopo—

500 5186 638 5224 rum.

578 5264 649 5333 (c)
682 5263 919 5335 Falsum
940 5263 1041 5318 hoc
1072 5278 1193 5320 esse
1224 5263 1476 5321 Liberius
1506 5266 1645 5335 apud
1679 5266 2112 5334 Theodoretum,

502 5334 597 5388 lib.
631 5350 667 5388 tt
718 5337 833 5391 llist
884 5334 1060 5403 Ecel,
1084 5352 1134 5390 c.
1170 5336 1256 5401 16,
1287 5350 1470 5390 coram
1499 5334 1823 5392 Constantio
1854 5344 2111 5407 asseruit,

500 5420 681 5474 neque
711 5408 820 5480 ipsi
864 5423 925 5461 ea
950 5408 1001 5461 in
1032 5422 1092 5462 re
1120 5420 1214 5462 aut
1244 5407 1614 5476 Constantius,
1639 5419 1731 5463 aut
1761 5412 1854 5480 qui
1884 5426 2009 5466 cum
2040 5426 2107 5467 eo

505 5487 685 5542 erant,
709 5479 826 5533 ausi
853 5490 980 5533 sunt
1012 5481 1288 5534 reluctari.

577 5576 655 5644 (ά)
686 5571 780 5628 llis
804 5570 1268 5645 criminationibus
1296 5572 1726 5645 locumdedere,
1756 5588 1877 5645 quae
1908 5585 2021 5630 tum
2051 5576 2103 5631 in

506 5642 683 5713 primo
713 5658 820 5698 tum
852 5642 1092 5696 secundo
1119 5642 1397 5698 Athanasii
1432 5644 1500 5700 ad
1530 5642 1814 5700 ecclesiam
1838 5662 1987 5700 suam
2015 5664 2101 5702 re-

507 5717 621 5768 ditu
654 5717 948 5783 contigere.
997 5714 1051 5767 In
1094 5726 1323 5783 utroque
1364 5716 1509 5769 enim
1557 5716 1731 5773 varias
1782 5717 2100 5774 Arianorum

504 5787 737 5843 factione
773 5786 1068 5842 seditiones
1089 5795 1234 5840 ortas
1262 5798 1379 5840 esse
1410 5797 1592 5842 narrat
1622 5790 1895 5855 Socrates,
1937 5790 2027 5844 lib.
2061 5808 2098 5858 t,

2209 4577 2439 4632 reditum
2471 4576 2730 4638 rcl'erttnt,
2773 4573 2843 4628 ob
2882 4576 3043 4627 verba
3076 4575 3460 4646 subsequentia
3500 4577 3779 4646 opinantur,

2208 4664 2330 4703 eum
2361 4658 2487 4701 tunc
2513 4647 2772 4715 temporis
2815 4659 2997 4699 secum
3030 4646 3315 4716 plerosque
3358 4648 3574 4703 exsules
3606 4647 3652 4701 in
3676 4655 3780 4716 suas

2208 4721 2366 4775 sedes
2395 4714 2718 4789 restituisse.
2757 4716 3088 4787 Quamquam
3124 4714 3248 4773 hinc
3272 4720 3440 4774 videri
3473 4727 3643 4789 potest
3669 4714 3777 4789 iusi-

2210 4795 2443 4846 n‘tulatus
2488 4792 2633 4858 quod
2677 4786 3252 4860 dantuatos’episwpos
3295 4786 3634 4854 restaurnbat,
3676 4786 3778 4857 quia

2211 4864 2429 4925 Paulus,
2466 4862 2745 4928 Asclepas,
2779 4860 3065 4916 Marcellus
3092 4872 3146 4916 et
3186 4862 3383 4921 Lucius
3408 4866 3565 4920 simul
3590 4877 3698 4917 cunt
3724 4871 3778 4912 eo

2211 4935 2438 4989 Romam
2478 4932 2704 5002 profecti
2727 4974 2742 4996 ,
2780 4934 2969 4986 iisdem
3000 4933 3127 4989 Julii
3170 4936 3368 4991 litteris
3396 4938 3645 4994 ecclesias
3674 4945 3776 4987 suas

2211 5015 2622 5080 recuperarunt.
2663 5006 2784 5080 _Setl
2815 5005 3111 5080 quodpost
3138 5008 3405 5080 synodum
3437 5008 3777 5063 Sardicensem

2212 5075 2421 5148 gestum
2454 5079 2619 5130 rel'ert
2658 5075 2934 5137 Socrates.
2968 5079 3060 5133 lib.
3091 5075 3231 5146 tt,'c.
3262 5081 3684 5138 “Ihm/tonantis
3705 5090 3777 5143 per

2217 5149 2486 5224 Pelusium
2507 5148 2817 5224 iterfaciens
2846 5148 3233 5216 Alexandriam,
3257 5154 3311 5215 in
3327 5155 3544 5224 singulis
3572 5163 3778 5224 percu“

2218 5220 2470 5274 transibat
2516 5219 2827 5284 civitatibus,
2863 5233 3071 5277 cunctos
3113 5219 3462 5282 commonebat
3499 5236 3551 5280 ut
3574 5219 3775 5278 Ariona:

2215 5293 2835 5369 quidem“aviarsarentur2
2862 5309 2948 5348 eos
2969 5312 3085 5350 vero
3124 5300 3443 5369 susciperent
3483 5298 3567 5368 qui
3591 5290 3774 5350 consub-

2218 5364 2474 5438 stantialis
2507 5362 2659 5438 ﬁdem
2702 5363 3078 5433 proﬁterentur.
3126 5366 3194 5422 In
3223 5362 3523 5438 quibusdam
3549 5369 3688 5422 etiam
3710 5378 3775 5415 ec-

2216 5435 2381 5509 clesiis
2429 5434 2775 5509 ordinationes
2820 5438 2962 5509 fecit.
3013 5438 3141 5506 Quae
3185 5434 3265 5495 res
3311 5441 3522 5495 alterius
3562 5440 3771 5509 adversus

2216 5506 2364 5582 illum
2397 5507 2768 5582 criminationi;
2813 5506 2994 5582 ansam
3021 5511 3252 5576 prtvbuit,
3284 5524 3548 5582 propterea
3578 5507 3699 5578 quod
3729 5506 3769 5557 in

2214 5579 2435 5653 aliorum
2473 5578 2703 5653 ecclesiis
2739 5581 2983 5653 ordinare
3020 5578 3293 5637 tenuisset.-
3324 5578 3432 5638 lloc
3471 5585 3768 5653 ip~um,l.'ml

2212 5650 2412 5727 aliquid
2468 5650 2775 5718 huiusmodi
2819 5663 2946 5727 ante
2980 5654 3225 5709 eamdem
3274 5650 3533 5727 synodum
3576 5655 3636 5707 ab
3675 5651 3767 5719 ipso

2211 5722 2509 5798 ινίῡξείῑυιη
2541 5737 2659 5779 esse
2700 5738 2801 5777 non
2843 5724 3071 5780 obscure
3106 5722 3347 5784 inanitur
3378 5729 3426 5783 itt
3454 5728 3515 5783 iis
3546 5740 3654 5798 qua:
3679 5734 3766 5791 pm:

2212 5791 2458 5848 manibus
2486 5804 2628 5849 Sunt.
