4062 6332
221 352 324 409 66⁸5
1144 365 1236 421 EX
1273 366 1500 426 OPERE
1541 370 1777 428 ΙΙΙὲΤοῐὶ

1890 376 1904 428 ι
1941 376 2423 441 FRAGMENTUM
2456 385 2542 442 111.
3414 400 3535 473 €63,

215 485 311 543 per
362 471 581 539 bellum,
639 474 1127 538 Alexandrinorum
1156 483 1405 541 basilicas
1448 487 1808 560 depraedatnr.
1842 499 1889 553 A
1918 509 2131 555 cassum
2169 505 2484 571 provenisse
2521 521 2905 580 cognosceret,
2941 513 3006 570 ad
3044 514 3243 573 Julium
3288 518 3515 578 Romam

130 634 138 643 η
213 572 514 630 Constituto
551 575 665 646 jam
721 579 774 633 in
822 579 939 649 ejus
986 581 1162 639 locum
1210 601 1276 641 ex
1323 587 1526 657 judicio
1585 595 1809 650 concilii
1918 594 2194 664 perrexit,
2222 598 2316 653 sed
2339 610 2393 655 et
2418 600 2482 655 ad
2511 602 2679 659 Italiae
2706 607 2964 676 quosdam
2995 610 3165 681 ipsius
3197 613 3366 681 partis
3392 616 3512 686 epi-

214 666 350 740 (m’l.
390 667 695 725 Antiocheni
721 688 805 727 an.
831 673 961 746 541)
990 687 1177 733 Sancto
1207 689 1260 734 et
1290 681 1499 753 integro
1527 687 1811 744 sacerdote
1914 703 2107 758 scapos
2144 709 2157 745 :
2208 708 2345 763 quos
2375 696 2641 753 seducens
2671 717 2768 770 per
2792 666 3141 769 epistolarum
3177 666 3467 765 falsitatem
3493 752 3509 779 ,

217 754 513 779 ID---.--.:-\
547 772 597 779 --.
648 763 659 779 ι
694 778 699 779 ,
748 762 757 779 ι
942 766 952 779 ι
1050 769 1077 779 ν.
1452 776 1462 779 -

2015 754 2023 758 _
2228 754 2240 763 _
2673 754 2683 770 ,
2716 754 2729 756 _
2804 754 2840 769 -,
2865 754 3141 760 ,---.--__---
3493 754 3509 779 ,

214 754 515 829 (Gregorio)
546 772 603 815 ut
648 762 907 818 barbarus
940 766 1132 833 hostis,
1160 780 1296 826 etut
1329 776 1495 843 pestis
1539 780 1797 850 Sacrilego
1913 781 1980 835 ab
2022 783 2226 839 eisdem
2275 789 2529 855 perfacile
2578 792 2628 845 in
2671 797 3053 853 communione
3104 810 3354 869 receptus
3404 811 3509 858 est.

214 863 230 869 ,ι
258 848 273 869 Ι
296 848 451 869 1---.8-
506 866 555 869 .4,
613 852 688 869 ,αι’
980 859 1011 869 ι.
1101 861 1131 869 ρ.
1179 863 1189 869 .
1378 867 1384 869 .

1726 848 1759 850 νη
2276 848 2286 855 ,
3106 848 3354 869 ----,.-_-
3407 848 3509 858 νυ-.

208 848 455 904 adductis
499 852 782 921 gentilium
831 859 1044 928 populis
1099 861 1190 916 Dei
1225 867 1482 935 templum
1538 870 1798 940 incendit,
1914 874 2117 930 Deinde
2147 892 2363 948 cmpere
2394 881 2469 936 illi
2504 898 2611 937 non
2641 892 2746 940 tam
2783 904 2881 957 pro
2909 891 3048 959 ipso,
3082 908 3241 961 quam
3272 910 3370 965 pro
3398 897 3513 952 suis

213 943 378 965 -I.-_-
416 961 521 965 -_,._
552 950 637 965 ,A',
690 949 721 965 ο-
818 960 828 965 -
898 953 912 965 ι
1105 956 1135 965 ι.
1208 958 1221 965 ι
1316 960 1326 965 -
1372 961 1382 965 -

210 943 383 999 altare
409 949 748 1017 comminuit,
779 960 834 1006 et
865 953 1003 1007 clam
1031 956 1162 1011 exiit
1190 958 1257 1014 de
1281 960 1520 1029 civitate,
1568 967 1808 1025 occulte-

205 1051 311 1106 que
337 1036 595 1110 profugit.

271 1128 327 1185 9.
380 1129 649 1205 Episcopi;
678 1135 796 1191 aliis
821 1139 883 1191 ab
921 1139 1103 1195 exsilio
1145 1147 1363 1201 reversis
1388 1149 1556 1220 amota
1583 1153 1801 1211 scelera.

201 1219 399 1293 Corpus
430 1222 637 1280 Domini
659 1241 1030 1286 consecratum.
1061 1234 1395 1309 Sacriﬁcium
1418 1247 1806 1317 confectum.—

198 1313 301 1371 Sed
326 1317 395 1391 de
426 1318 595 1374 Paulo
625 1320 1234 1399 C'onstantiuopolitanm
1272 1313 1799 1412 civitatis-quondam

196 1411 458 1482 episcopo
508 1425 625 1481 post
670 1417 900 1474 reditum
949 1425 1122 1479 exsilii
1174 1428 1256 1482 sui
1295 1430 1338 1503 si
1382 1433 1502 1503 quis
1546 1411 1797 1505 audierit,

196 1506 597 1576 perhorrescet.
634 1510 804 1568 Fuere
833 1532 1062 1588 namque
1092 1530 1146 1575 et
1185 1523 1234 1578 in
1270 1526 1479 1598 Ancyra
1510 1532 1801 1599 provinciae

195 1598 440 1667 Galatia,
491 1613 611 1673 post
648 1607 878 1663 reditum
928 1611 1159 1670 Marcelli
1208 1616 1466 1689 haeretici,
1512 1598 1796 1682 domorum

192 1692 442 1750 incendia
471 1706 525 1752 et
552 1714 749 1770 genera
772 1701 980 1759 diversa
1014 1708 1297 1768 bellorum.
1336 1714 1471 1770 Nudi
1497 1717 1566 1771 ab
1592 1719 1707 1789 ipso
1728 1721 1794 1777 ad

191 1785 370 1842 forum
405 1788 759 1849 trahebantur
781 1798 1105 1868 presbyteri,
1127 1813 1203 1869 et,
1227 1806 1367 1875 quod
1392 1822 1512 1861 cum
1539 1785 1792 1883 lacrymis

1911 967 2118 1023 actibus
2142 968 2393 1027 laborare
2418 992 2432 1027 :
2460 976 2601 1042 quod
2635 978 2707 1031 illi
2734 988 3038 1047 pertemcre
3063 983 3337 1041 credendo
3358 1002 3511 1043 com-

1908 1062 2335 1119 municaverant.
2373 1066 2587 1124 Etenim
2617 1071 2663 1125 si
2698 1072 2907 1129 fuerant
2938 1075 3045 1130 illae
3081 1077 3276 1134 litterm
3302 1081 3512 1153 aliquo-

1906 1167 2025 1207 rum
2051 1197 2067 1220 ,
2100 1172 2206 1211 non
2236 1168 2413 1215 tamen
2442 1176 2628 1217 eorum
2662 1166 2751 1236 qui
2784 1176 2877 1223 aut
2900 1168 3110 1238 judices
3132 1171 3346 1229 fuerant
3369 1218 3385 1242 ,
3419 1184 3514 1232 aut

1907 1247 1961 1302 in
1987 1252 2216 1306 concilio
2246 1254 2578 1311 assederunt.
2619 1259 2749 1328 Quae
2780 1263 2996 1332 quidem
3033 1266 3195 1321 etiam
3241 1268 3284 1323 si
3327 1282 3513 1328 essent

1902 1340 2227 1410 aliquorum,
2283 1354 2488 1403 temere
2530 1351 2603 1405 illi
2649 1353 2831 1418 fidem,
2871 1353 2943 1425 (c)
2991 1372 3086 1425 pro
3134 1374 3192 1415 se
3239 1360 3503 1433 dicentes,

1907 1433 2103 1490 habere
2127 1453 2412 1509 numquam
2440 1442 2720 1500 deberent.
2756 1446 2860 1502 Sed
2893 1458 2947 1503 et
2972 1450 3205 1518 judices,
3237 1455 3326 1524 qui
3358 1456 3505 1511 illum

1901 1529 2384 1598 sententiavcruut,
2418 1534 2642 1591 credere
2669 1537 2983 1595 noluerunt.

1974 1621 2062 1676 Η.
2111 1622 2186 1676 Ab
2234 1626 2440 1681 Arianis
2479 1631 2697 1700 depositi
2729 1634 2816 1702 qui
2856 1652 2911 1691 se
2957 1636 3254 1709 defendant.
3282 1670 3354 1683 --
3377 1642 3505 1699 Ideo

1900 1715 2021 1784 quia
2048 1725 2101 1770 et
2128 1717 2218 1772 alii
2252 1720 2452 1790 quique
2479 1721 2556 1793 (al)
2584 1723 2637 1778 in
2663 1729 2970 1794 prtetorium
2998 1746 3095 1801 pro
3116 1734 3228 1817 suis
3253 1734 3508 1792 facinori-

1898 1805 2000 1861 bus
2037 1807 2238 1864 dett-eti
2276 1820 2422 1875 sunt,
2471 1830 2611 1870 nunc
2647 1832 2770 1871 cum
2812 1819 3066 1878 Marcello
3113 1808 3167 1880 εἶ
3204 1826 3507 1885 Athanasio

188 1881 444 1953 luctuque
476 1886 762 1944 dicendum
786 1934 800 1955 ,
835 1905 1210 1954 consecratum
1250 1899 1459 1956 Domini
1504 1881 1699 1974 corpus
1726 1907 1791 1962 ad
1826 1919 1870 1979 Β
1899 1900 2170 1970 ϐί)ι¹.ἱυ¹ιο²ί
2202 1912 2359 1971 sum;
2389 1905 2632 1963 (ίθοῖῐηυε
2659 1922 2839 1967 aufem
2869 1914 3130 1986 Aselepas
3152 1929 3279 1975 anlc
3308 1921 3497 1979 decem

184 1979 529 2035 sacerdmum
554 1984 689 2037 colla
723 2001 1044 2056 suspensum
1075 1994 1246 2061 palam
1272 1995 1589 2068 publiceque
1614 2000 1798 2070 profa-

185 2071 370 2137 nahat,
406 2072 750 2147 virginesque
790 2080 1159 2138 sanctissimas
1202 2085 1311 2140 Deo
1346 2088 1671 2161 (Christoque
1706 2093 1793 2149 di-

184 2175 337 2222 catas
368 2167 581 2237 publice
612 2171 664 2225 in
697 2171 836 2241 foro,
869 2176 1044 2231 media
1079 2179 1130 2232 in
1159 2181 1394 2249 civitate,
1422 2189 1794 2244 concurrenti-

180 2258 276 2318 bus
308 2264 543 2334 populis,
592 2266 878 2325 abstractis
920 2273 1183 2344 vestibus,
1229 2277 1496 2335 horrenda
1544 2281 1789 2343 foeditate

179 2357 437 2414 nudabat.
473 2360 579 2416 Sed
622 2362 675 2417 in
711 2363 930 2423 civitate
960 2368 1101 2424 Gaza
1152 2374 1446 2441 provinciae
1488 2377 1789 2437 Palmstinze

178 2462 296 2521 post
330 2453 562 2510 reditum
593 2473 747 2512 suum
796 2461 1053 2532 Asclcpas
1093 2464 1261 2522 altare
1286 2471 1621 2539 comminuit,
1654 2474 1790 2529 mul-

177 2554 366 2617 tasque
397 2548 694 2606 seditiones
720 2550 919 2609 effecit.
968 2556 1233 2614 Prteterea
1268 2561 1648 2636 Hadrianopoli
1682 2568 1789 2623 Lu-

176 2641 292 2697 cius
324 2652 449 2710 post
479 2645 709 2702 reditum
739 2664 895 2705 suum
924 2653 1249 2710 Sacrificium
1279 2672 1307 2711 a
1333 2662 1537 2716 sanctis
1562 2672 1616 2716 et
1643 2662 1783 2719 inte-

172 2736 282 2804 gris
304 2737 681 2795 sacerdotibus
701 2742 1029 2812 confectum,
1049 2747 1094 2801 si
1123 2747 1205 2804 fas
1226 2760 1309 2802 est
1335 2750 1536 2822 dicere,
1560 2756 1786 2813 canibus

171 2830 568 2899 projicieudum
596 2834 838 2904 jubebat.
872 2837 1039 2909 [gitur
1067 2857 1188 2896 cum
1221 2843 1338 2899 haec
1362 2846 1434 2899 ita
1456 2848 1587 2915 sint,
1622 2865 1776 2906 num-

167 2924 426 2993 quidnam
466 2926 606 2999 lnpis
639 2931 801 2985 tantis
842 2948 905 2987 ac
940 2935 1133 2990 talibus
1169 2952 1298 2991 oves
1332 2939 1533 2995 Christi
1572 2942 1637 2997 ad
1677 2943 1783 2999 huc

169 3032 346 3088 usque
375 3020 667 3089 credimus,
692 3033 748 3079 et
776 3026 1015 3083 membra
1050 3026 1249 3085 Christi
1280 3033 1521 3088 membra
1551 3033 1781 3092 fornica-

169 3112 324 3169 toriae
351 3113 655 3171 faciemus?
682 3118 856 3175 Absit.

239 3209 329 3266 l0.
367 3209 639 3266 Athanasii
680 3211 933 3285 facinora.
984 3215 1027 3270 Α
1065 3215 1210 3274 Julia
1237 3228 1283 3273 et
1314 3218 1484 3276 Italia:
1524 3224 1778 3295 episcOpis

1898 2004 1953 2048 et
1999 2006 2204 2065 septem
2247 2015 2418 2054 annos
2456 2005 2800 2074 episcopatus
2836 2006 3042 2066 honore
3083 2011 3381 2073 discinctus
3423 2029 3509 2074 est

1897 2084 2015 2157 (an.
2054 2087 2196 2161 550)
2224 2107 2237 2157 ;
2283 2092 2484 2151 deinde
2517 2097 2737 2152 Paulum
2771 2111 2819 2154 et
2852 2098 3115 2170 Lucium,
3163 2114 3217 2159 et
3244 2117 3506 2180 quotquot

1897 2182 2090 2238 talibus
2131 2186 2402 2254 conjuncti
2444 2199 2569 2244 sunt
2606 2192 3044 2251 :circumeuntes
3090 2197 3250 2253 simul
3288 2208 3504 2258 exteras

1895 2275 2163 2344 regiones.
2200 2270 2884 2353 persuadebantjudicibus
2903 2301 3008 2342 non
3039 2303 3160 2344 esse
3173 2291 3499 2349 credendum

1891 2368 2021 2434 illis,
2054 2371 2143 2440 qui
2176 2371 2228 2426 in
2250 2388 2345 2427 eos
2375 2374 2533 2445 digne
2559 2378 2881 2432 sententiam
2910 2381 3278 2449 protulerunt;
3312 2394 3370 2440 ut
3394 2385 3500 2443 hoc

1889 2476 2091 2530 genere
2112 2467 2422 2522 commercii
2451 2468 2551 2521 sibi
2585 2469 2872 2538 quemdam
2901 2472 2969 2527 ad
2991 2474 3334 2545 episcopatus
3357 2478 3502 2534 redi-

1890 2564 2001 2610 tum
2037 2569 2405 2624 procurarent.
2440 2559 2550 2616 Nec
2571 2562 2623 2616 in
2649 2562 2780 2632 ipsis
2809 2565 2962 2631 locis,
2994 2567 3043 2620 in
3073 2568 3270 2639 quibus
3300 2585 3495 2642 pecca-

1894 2660 2102 2715 verant,
2121 2667 2223 2706 uec
2240 2654 2289 2705 in
2307 2654 2589 2723 proximis,
2614 2657 2692 2711 vel
2718 2656 2804 2711 ubi
2831 2668 3175 2716 accusatores
3198 2660 3495 2733 habebant,

1888 2759 1948 2799 se
1980 2746 2376 2813 defendebant;
2418 2750 2512 2804 sed
2537 2750 2687 2820 juxta
2716 2753 3055 2823 peregrinos,
3083 2766 3135 2811 et
3161 2756 3315 2828 longe
3344 2774 3372 2813 a
3406 2775 3495 2817 re-

1885 2836 2135 2908 gionibus
2159 2839 2272 2895 suis
2300 2844 2501 2910 positos
2538 2843 2846 2914 ignorantes
2864 2860 3140 2915 gesmrum
3160 2850 3320 2906 fidem
3341 2893 3355 2915 ,
3381 2852 3501 2923 jus-

1886 2939 1993 3004 tam
2026 2934 2348 2988 sententiam
2377 2937 2711 2991 conabantur
2741 2937 3173 3010 perfringere,ad
3206 2944 3330 3000 illos
3359 2945 3498 3002 refe-

1886 3036 2065 3082 rentes
2082 3040 2235 3083 actus
2258 3042 2407 3089 suos,
2432 3030 2521 3100 qui
2547 3030 2664 3084 illos
2686 3046 2779 3100 per
2797 3033 2974 3087 omnia
2994 3036 3494 3111 nesciebant.655

1886 3123 2079 3176 Astute
2114 3122 2215 3178 hoc
2244 3121 2468 3178 faciunt.
2520 3125 2767 3181 Scientcs
2809 3128 2953 3181 enim
2994 3129 3061 3183 de
3085 3128 3389 3199 judicibus,
3422 3132 3492 3187 de

1884 3215 2313 3284 accusatoribus,
2360 3216 2428 3271 de
2478 3217 2706 3272 testibus
2748 3221 2944 3273 multos
2992 3221 3315 3289 decessisse,
3366 3232 3491 3295 post

164 3303 469 3373 suscipitur.
503 3334 573 3344 —
616 3306 746 3360 Nam
789 3319 971 3377 postea
998 3307 1325 3367 Athanasius
1360 3330 1655 3385 peragrans
1685 3331 1777 3386 per

1890 3315 1966 3362 tot
1994 3316 2277 3379 tantasque
2303 3311 2625 3375 sententias,
2660 3322 2985 3381 putaverunt
3013 3314 3157 3370 aliud
3183 3326 3490 3374 restaurare

164 3396 413 3452 diverszis
447 3410 624 3467 partes
652 3400 800 3457 orbis
832 3411 1117 3471 terrarum,
1151 3406 1359 3461 scilicet
1382 3409 1649 3464 seducens
1677 3411 1778 3464 ali-

163 3504 303 3560 quos
334 3505 432 3560 per
454 3506 605 3546 suam
632 3492 898 3548 fallaciam
931 3494 1408 3570 adulationemque
1440 3502 1776 3571 pestiferam,

164 3582 446 3652 decipiens
470 3584 788 3640 innocentes
809 3588 1090 3659 episcopos
1113 3591 1201 3659 qui
1228 3593 1347 3661 ejus
1368 3591 1606 3649 facinora
1630 3595 1781 3666 igno-

164 3676 382 3743 rabant,
409 3676 487 3731 vel
508 3675 793 3750 Egyptios
812 3680 978 3754 654
993 3682 1198 3753 aliquos
1216 3683 1331 3753 ejus
1359 3696 1511 3741 actus
1533 3687 1784 3757 ignoran-

164 3777 265 3835 tes,
292 3771 495 3840 scripta
519 3788 546 3825 a
568 3772 789 3843 singulis
812 3775 1220 3841 euieodicando,
1249 3779 1507 3835 ecclesias
1534 3771 1779 3851 pacificos

165 3863 541 3931 pertttrhabat,
572 3874 661 3917 aut
708 3863 823 3935 ipse
865 3865 966 3920 sibi
1013 3883 1180 3921 novas
1208 3885 1303 3938 pro
1347 3886 1442 3926 sua
1480 3873 1764 3929 voluntate

164 3957 239 4030 (a)
270 3957 530 4026 fingebat.
547 3955 689 4013 Nihil
716 3968 892 4013 tamen
917 3959 1015 4013 hoc
1032 3962 1213 4017 Valere
1239 3963 1490 4032 potuitad
1507 3966 1772 4034 judicium

159 4050 482 4121 jamdudum
540 4067 569 4106 a
632 4054 988 4109 sanctissimis
1040 4066 1091 4109 ct
1147 4056 1463 4113 inlustribus
1504 4061 1773 4130 episcopis

164 4154 570 4200 consecratum.
600 4144 715 4200 Non
744 4147 889 4203 enim
918 4148 1317 4204 commendatio
1338 4166 1548 4219 eorum,
1572 4152 1650 4225 (b)
1683 4158 1772 4225 qui

164 4254 267 4293 nec
291 4239 349 4292 in
378 4238 610 4293 concilio
635 4238 847 4308 judices
879 4241 1115 4307 fuerunt,
1143 4257 1242 4297 nec
1272 4245 1484 4299 concilii
1509 4246 1771 4314 judicium

164 4330 475 4386 habuerunt
495 4333 808 4403 aliquando,
834 4349 931 4388 nec
960 4346 1258 4402 praesentes
1280 4353 1401 4391 cum
1427 4339 1770 4408 supradictus

164 4427 498 4484 Athanasius
529 4428 841 4494 audiretur,
894 4428 1061 4484 fuisse
1092 4439 1421 4496 noscuntur,
1456 4440 1550 4487 aut
1591 4435 1772 4491 valere

163 4524 243 4582 illi
287 4525 486 4597 potuit,
537 4534 631 4581 aut
660 4525 937 4597 prodesse.
983 4526 1225 4596 Denique
1271 4541 1390 4582 cum
1433 4528 1535 4584 sibi
1572 4529 1686 4584 hcce
1717 4532 1767 4585 in

1875 3399 2161 3470 judicium,
2188 3402 2434 3458 volentes
2450 3403 2590 3473 apud
2618 3420 2713 3460 nos
2738 3421 2955 3461 causam
2976 3409 3179 3475 dicere,
3205 3412 3294 3481 qui
3317 3428 3492 3482 neque

1881 3494 2007 3550 illos
2036 3498 2437 3565 excusavimns,
2482 3512 2654 3568 neque
2687 3498 3070 3569 judicavimus,
3103 3501 3208 3570 Qui
3238 3505 3490 3576 euimju-

1884 3588 2223 3652 dicaverunt,
2243 3590 2355 3662 jam
2382 3590 2449 3645 ad
2482 3591 2766 3648 Dominum
2799 3610 3106 3664 perrexere.

1960 3684 2047 3739 1‘2.
2102 3683 2486 3740 Insinmlantur
2530 3689 2676 3757 quasi
2732 3688 3020 3744 Orientales
3071 3690 3487 3748 Occidentalibus

1885 3779 2180 3850 subjiciam.
2223 3810 2297 3821 —-
2336 3780 2638 3836 Voluerunt
2679 3793 2860 3838 autem
2906 3785 3067 3840 etiam
3119 3787 3486 3842 Orientalibus

1883 3875 2152 3943 episcopis
2184 3874 2256 3947 (ε)
2290 3885 2341 3930 et
2366 3878 2587 3930 veniunt
2615 3892 2712 3947 pro
2735 3877 3006 3946 judicibus
3030 3880 3363 3949 defensores,
3387 3898 3485 3952 pro

1882 3963 2260 4021 defensoribus
2310 3968 2410 4030 rei,
2457 3984 2521 4022 eo
2565 3978 2807 4039 tempore
2847 3985 2968 4025 cum
3009 3987 3193 4027 eorum
3237 3974 3484 4032 defensio

1882 4070 1990 4111 non
2021 4058 2232 4113 valebat
2263 4076 2275 4112 :
2315 4060 2545 4115 maxime
2572 4076 2693 4115 cum
2727 4072 2854 4117 tunc
2890 4064 3107 4120 defendi
3135 4065 3354 4123 minime
3382 4084 3481 4139 pu-

1884 4157 2134 4215 tuerunl,
2166 4151 2382 4221 quando
2431 4152 2554 4207 illos
2581 4167 2931 4210 accusatores
2964 4157 3045 4210 sui
3085 4155 3277 4212 faciem
3305 4160 3371 4215 ad
3406 4160 3480 4215 fa-

1879 4245 2372 4315 cictn‘arguebanl.
2403 4246 2618 4302 Novam
2664 4249 2835 4314 legem
2885 4250 3228 4309 introducere
3258 4266 3477 4325 putave-

1881 4354 2037 4409 runt,
2083 4355 2137 4399 ut
2173 4345 2477 4401 Orientales
2516 4350 2757 4418 episcopi
2785 4351 2854 4405 ab
2882 4350 3481 4426 Occidentalibusjudi-

1877 4446 2152 4493 curentur.
2202 4439 2267 4495 Et
2316 4441 2576 4496 volebant
2624 4442 2881 4499 Ecclesia:
2925 4446 3191 4517 judicium
3240 4465 3338 4520 per
3383 4465 3480 4507 eos

1878 4546 2037 4601 posse
2062 4541 2337 4600 constare,
2385 4534 2473 4605 qui
2517 4552 2625 4590 non
2672 4545 2777 4591 tam
2811 4538 3026 4594 illorum
3058 4541 3476 4611 miserebantur,

242 4645 324 4718 (a)
356 4646 592 4703 Verbum
624 4647 846 4720 fingebat
874 4646 1188 4727 supplemus
1215 4663 1290 4727 es
1310 4646 1583 4727 Sirmpudi
1607 4648 1770 4727 rariis
1796 4656 1847 4715 D
1879 4650 2135 4727 munione
2183 4665 2304 4727 cum
2340 4649 2638 4727 Athanasio
2677 4653 3077 4727 incensidcrate
3120 4655 3296 4726 juncti
3336 4659 3475 4727 sint,

165 4717 513 4774 lectiOuibns.
544 4717 974 4789 Qu'tid'proxitite
1003 4719 1170 4776 aiunt.
1205 4717 1558 4773 Athanasium
1587 4719 1768 4774 diver-

164 4805 256 4844 sas
280 4791 431 4845 orbis
460 4802 634 4857 partes
666 4789 1000 4861 peragrando
1036 4791 1234 4858 scripta
1263 4805 1293 4844 a
1327 4790 1549 4859 singulis
1578 4806 1766 4846 emcn-

163 4863 401 4918 dicasse.
428 4864 623 4917 iudicio
648 4860 729 4917 est.
760 4860 904 4917 illum
937 4860 1037 4915 hoc
1059 4872 1175 4931 post
1205 4864 1430 4931 primum
1454 4873 1543 4916 aut
1574 4879 1766 4917 secun-

164 4936 294 4988 dum
324 4935 550 4988 reditum
580 4933 843 4998 effecisse,
868 4933 1009 5005 quod
1041 4942 1159 5001 post
1185 4934 1436 4987 tertium:
1467 4944 1761 5004 postqueut

164 5005 470 5078 presbyteri
502 5006 640 5078 illius
677 5006 869 5061 Petrus
890 5047 903 5069 ,
925 5005 1189 5078 rlrzeneus,
1212 5014 1343 5069 etc,
1368 5006 1583 5078 litteras
1616 5008 1759 5075 paci-

164 5077 299 5133 ficas
328 5075 426 5146 ipsi
457 5077 809 5148 mulequaque
832 5077 1185 5147 collegerunt,
1220 5086 1276 5131 ut
1299 5075 1619 5133 Athanasius
1652 5080 1762 5147 ipse

166 5160 429 5203 memorat
459 5151 522 5203 atl
554 5150 705 5205 Solit.
738 5164 790 5216 p.
824 5149 950 5205 8‘26.

240 5219 320 5292 (b)
373 5222 674 5277 Suhlestam
726 5221 814 5275 hic
854 5224 1028 5276 facere
1075 5230 1338 5292 conantur
1393 5222 1766 5276 auctoritatem

163 5295 496 5358 sci-iptornm
534 5308 655 5348 cum
687 5299 756 5348 ab
795 5291 1208 5348 Alexandrinis.
1256 5302 1364 5346 tum
1406 5307 1434 5345 a
1466 5292 1768 5348 lllareoticis

167 5366 504 5435 pre~byteris
529 5373 584 5420 et
609 5365 871 5448 diaconis,
906 5373 1017 5419 tum
1057 5362 1281 5448 {tigna-liis
1305 5364 1610 5446 inissonim,
1646 5382 1766 5448 qua:

165 5435 517 5519 Athanasius,
561 5437 814 5519 Apologz.
841 5451 1047 5519 "apag;
1100 5435 1196 5489 79f
1249 5445 1300 5490 et
1329 5451 1481 5519 seqq.
1518 5437 1761 5518 inseruit,

163 5509 366 5575 quibus
395 5510 689 5577 perSpcctis
712 5508 883 5563 Julius
917 5509 968 5562 in
1000 5506 1244 5561 Romano
1271 5506 1502 5563 concilio
1526 5522 1647 5563 eum
1680 5510 1763 5563 in-

167 5582 334 5662 tentis
363 5580 677 5662 criminibus
706 5578 952 5662 absoluit.
1174 5652 1182 5661 .
1239 5650 1252 5662 .
1688 5651 1697 5662 .

243 5651 319 5718 (c)
368 5651 520 5706 Hunc
554 5652 727 5707 loeum
760 5668 828 5707 ex
858 5652 1022 5707 Sirm.
1055 5650 1414 5705 resa‘rcimus:
1457 5666 1578 5706 cum
1617 5651 1769 5721 prius

165 5723 483 5778 decurtatus
515 5735 591 5777 est
618 5723 669 5777 in
699 5723 842 5778 hunc
895 5722 1111 5777 modum
1138 5764 1150 5781 ,
1183 5722 1260 5776 illi
1288 5723 1443 5792 ﬁdem
1477 5728 1764 5794 proferunt,

166 5796 383 5849 credere
410 5796 699 5849 noluerunt.
734 5795 966 5850 Litteras
990 5796 1040 5848 in
1073 5795 1343 5847 Athanasii
1366 5796 1590 5865 gratiam
1614 5796 1767 5849 datas

169 5865 328 5927 aiunt
348 5908 361 5929 ,
396 5867 450 5921 l"
474 5866 716 5927 falsitatis
742 5883 862 5922 esse
888 5877 1162 5949 suspectas
1179 5881 1198 5948 ;.
1222 5866 1279 5918 ‘.J.°
1309 5882 1411 5920 non
1437 5883 1558 5922 esse
1579 5883 1762 5949 eorum

173 5936 270 6007 qui
303 5937 445 5993 illum
473 5938 891 6009 iudicaverunt;
925 5937 980 5995 5"
1006 5954 1127 5995 cum
1158 5938 1261 5992 sint
1293 5953 1475 5994 eorum
1508 5938 1595 6008 qui
1617 5953 1765 5995 com-

1877 4721 1986 4776 illis
2016 4738 2112 4793 pro
2140 4722 2542 4797 sediceutibus,
2580 4739 2683 4777 non
2713 4740 2833 4797 che
2868 4725 2972 4779 title
3001 4721 3212 4797 dignas.
3251 4721 3471 4786 Demttni

1875 4792 2160 4872 culpantur
2187 4792 2324 4860 Itali,
2351 4795 2489 4863 quod
2522 4795 2586 4849 iis
2614 4796 2839 4851 credere
2868 4792 3159 4866 uoluerint,
3190 4801 3278 4872 qui
3305 4802 3471 4856 Allia-

1875 4866 2084 4917 t:asium
2118 4866 2530 4920 damnaverunt.

1945 4935 2024 5008 (d)
2057 4936 2181 5017 H.r_c
2205 4939 2271 4990 ita
2304 4938 2621 5017 corrigenda
2651 4940 3015 5017 arbitramur:
3048 4943 3140 4996 alii
3161 4944 3365 5014 quique,
3390 4947 3478 5017 qui

1868 5008 1921 5060 in
1952 5010 2267 5088 praeteritum
2309 5026 2403 5088 pro
2433 5012 2536 5088 suis
2583 5012 3114 5088 facinoribusgdejerti
3146 5008 3294 5088 sani,
3341 5008 3475 5071 nunc

1866 5078 1980 5131 cuin
2011 5078 2255 5157 Marcello
2285 5078 2330 5134 et
2360 5078 2641 5157 Atltaitasio
2664 5085 2925 5157 conjuncti
2947 5078 3098 5140 sunt:
3137 5078 3356 5142 dicitnns
3380 5105 3475 5141 an—

1875 5159 1976 5204 tem
2013 5150 2304 5230 Asclepam,
2356 5156 2445 5221 qui
2487 5165 2622 5230 ante,
2672 5150 2777 5230 etc'.
2824 5157 2985 5230 Certe
3027 5159 3320 5230 hypocrita-
3371 5160 3468 5224 illi,

1873 5237 2143 5299 summum
2168 5223 2364 5299 ubique
2393 5226 2771 5281 ecclesiastica:
2793 5223 3351 5299 disciplinoe'suulium
3377 5223 3473 5285 ob;

1875 5294 2158 5370 tendentes
2180 5296 2604 5370 ,_pr_udeutiores
2630 5310 2786 5353 erant
2807 5342 2821 5363 ,
2854 5294 3012 5369 quam
3045 5313 3097 5354 ut
3129 5303 3362 5370 praetorii
3385 5320 3470 5370 ju-

1871 5365 2069 5441 dicium
2093 5381 2151 5421 se
2171 5367 2786 5438 vindiCarejaetitarent.
2812 5365 2915 5425 Sed
2940 5383 2989 5425 et
3012 5365 3169 5435 infra,
3201 5390 3347 5427 num.
3378 5365 3466 5441 l5,

1864 5436 1976 5507 jam
2006 5438 2122 5514 sine
2154 5440 2350 5494 mendo
2380 5436 2556 5510 legere
2581 5452 2683 5505 est,
2712 5458 2772 5496 ea
2804 5444 3147 5497 auscultando
3175 5459 3315 5507 esse,
3349 5436 3468 5514 quze

1871 5526 1905 5562 a
1933 5510 2165 5584 patribus
2189 5522 2370 5567 contra
2392 5515 2533 5582 ipsos
2556 5514 2608 5567 in
2640 5517 2951 5584 praeteritum
2990 5519 3188 5584 [amant
3208 5510 3465 5583 judicata.

1946 5582 2018 5708 ie)
2054 5582 2421 5654 Suppleudnnt
2458 5582 2665 5639 videtur
2695 5588 2748 5638 id
2783 5582 3072 5654 imponere,
3119 5582 3219 5641 aut
3241 5590 3364 5658 quid
3397 5594 3469 5643 si-

1971 5670 2033 5708 e:
2074 5672 2135 5708 ac
2171 5657 2365 5708 deinde
2396 5656 2675 5708 legendum
2707 5673 2829 5708 esse
2851 5700 2866 5708 -
2900 5669 2953 5708 ut
2980 5660 3179 5708 veniam
3213 5677 3304 5708 ιιι-ο
3336 5664 3469 5708 indi.

1871 5656 2033 5731 mile;
2074 5672 2135 5709 ac
2171 5657 2365 5711 deinde
2396 5656 2675 5731 legendqu
2707 5673 2829 5712 esse
2851 5700 2866 5723 ,
2900 5669 2953 5711 ut
2980 5660 3179 5714 veniant
3213 5656 3304 5729 pro
3324 5664 3469 5731 judi-

1869 5724 2030 5790 cibus,
2057 5727 2158 5782 hoc
2186 5738 2268 5782 est
2299 5744 2419 5783 cum
2440 5728 2648 5797 judices
2674 5745 2793 5785 esse
2825 5731 3112 5796 deberent,
3150 5752 3159 5784 ι
3185 5724 3252 5785 on
3277 5724 3465 5789 defen-

1867 5812 2022 5851 sares
2045 5809 2136 5852 aut
2167 5799 2241 5855 rei
2268 5818 2281 5854 :
2311 5811 2365 5855 ct
2388 5801 2437 5854 id
2454 5801 2743 5873 soluet-not
2775 5817 2839 5854 eo
2863 5814 3128 5873 tempore,
3154 5820 3259 5873 quo
3279 5804 3467 5863 defen-

1867 5870 1962 5947 sio_
1979 5886 2165 5947 eorum
2195 5887 2299 5925 non
2327 5872 2579 5947 ‘valebat;
2607 5873 2750 5947 quod
2784 5890 2889 5928 non
2915 5870 3024 5947 jain
3052 5877 3118 5930 ad
3143 5870 3467 5947 Orientales,

1868 5940 1963 5997 sed
1987 5943 2051 5998 ad
2084 5940 2433 5999 Athanasium
2454 5959 2517 6001 ac
2545 5940 2723 6001 socios
2746 5940 3107 6003 referendum.
