4062 6332
589 331 694 391 667

1776 331 2026 393 SANCTI
2066 330 2326 392 HILARII
2364 334 2673 393 EPISCOI’I
3742 348 3824 400 linit

586 467 749 526 quam
804 453 1017 510 actibus
1055 451 1191 511 suis.
1242 451 1319 527 (a)
1366 450 1480 509 Hoc
1514 451 1697 523 itaque
1734 449 1891 509 nefas
1926 450 2182 523 quoniam
2212 454 2262 515 Α
2286 466 2425 524 gene
2453 462 2508 509 et
2529 451 2688 508 Ossio
2718 451 2958 519 fuerunt,
2990 462 3049 508 ut
3076 452 3146 508 de
3184 467 3286 509 suo
3307 461 3451 511 coetu
3479 455 3730 513 damnatos
3748 476 3827 516 ev-

586 563 879 620 numquam
901 548 1108 619 recepit
1123 547 1497 606 ecclesiastica
1514 546 1830 618 disciplina;
1848 560 2184 617 quaesumus,

586 641 931 699 dilectissimi
950 640 1193 709 Fratres,
1211 648 1269 695 ut
1285 640 1609 697 sceleratam
1629 639 1922 710 perniciem
1941 645 2189 693 conatus-

587 750 695 807 que
719 733 1031 791 mortiferos
1058 734 1392 806 perditorum
1416 734 1698 791 nobiscum
1722 734 1883 791 etiam
1908 733 2013 806 ipsi
2034 732 2187 791 dam-

589 830 751 888 netis.

662 925 752 981 15.
786 922 950 989 Quasi
988 923 1357 978 consentientes
1388 937 1504 975 cum
1534 921 1600 976 iis
1636 936 1764 993 quos
1794 920 2185 977 damnaverant.

589 1045 660 1061 —-
686 1016 900 1073 Etenim
939 1030 1062 1072 cum
1094 1014 1271 1071 adhuc
1308 1022 1458 1070 esset
1493 1013 1784 1083 episeopus
1822 1013 2149 1069 Athanasius
2173 1054 2189 1077 ,

588 1110 877 1181 Asclepam
904 1109 1208 1179 depositum
1236 1123 1331 1165 sua
1360 1107 1626 1163 sententia
1654 1106 1772 1178 ipse
1795 1104 1870 1181 (b)
1895 1106 2188 1162 damnavit.

593 1202 698 1262 Sed
727 1212 782 1258 et
811 1201 1097 1258 Marcellus
1128 1200 1383 1258 similiter
1414 1215 1707 1270 numquam
1746 1199 2190 1255 communicavit.

592 1296 790 1354 Paulus
815 1311 948 1354 vero
971 1296 1247 1351 Athanasii
1276 1294 1602 1365 expositioni
1625 1292 1895 1360 interfuit,
1922 1308 2196 1366 manuque

594 1392 814 1464 propria
846 1392 1168 1448 sententiam
1196 1389 1465 1458 scribens,
1490 1404 1613 1444 cum
1636 1387 1852 1443 caeteris
1879 1402 2002 1444 eum
2030 1387 2194 1443 etiam

594 1487 709 1554 ipse
734 1486 1033 1541 damnavit.
1062 1484 1130 1539 Et
1156 1484 1410 1555 quamdiu
1433 1484 1664 1554 quisque
1687 1497 1875 1539 eorum
1906 1483 2197 1553 episcopus

594 1580 712 1644 fuit,
759 1594 853 1634 sua
883 1579 1084 1649 judicia
1121 1577 1484 1635 confirmavit.
1530 1576 1635 1633 Sed
1675 1591 1797 1632 cum
1847 1575 2084 1633 diversis
2124 1591 2194 1631 et

593 1675 771 1731 causis
810 1674 1151 1742 diversisque
1195 1673 1532 1745 temporibus
1571 1672 1767 1743 singuli
1810 1686 2001 1728 eorum
2038 1672 2201 1742 digne

594 1768 664 1826 de
718 1768 961 1827 Ecclesia
1008 1768 1122 1825 suis
1167 1782 1265 1839 pro
1309 1766 1518 1824 meritis
1555 1765 1907 1836 pellerentur,
1937 1764 2197 1834 majorem

2287 548 2566 606 eluderent
2577 592 2590 613 ,
2611 564 2786 620 neque
2804 549 3178 619 peccatoribus
3191 553 3653 608 communicarent:
3669 554 3832 615 deinde

2288 660 2394 702 una
2438 645 2721 702 nobiscum
2758 644 3008 701 audirent
3045 660 3132 712 ea,
3177 661 3297 717 quae
3339 661 3370 702 ιι
3406 648 3633 717 patribus
3668 652 3834 706 nostris

2290 746 2477 794 contra
2537 738 2685 809 ipsos
2745 737 2799 794 in
2837 738 3170 809 praeteritum
3213 738 3421 794 fuerant
3456 739 3674 810 iudicata
3717 742 3834 811 (nam

2290 833 2430 890 liber
2456 832 2689 888 Marcelli
2720 847 2826 887 non
2853 832 3623 904 exspectabataccusationem
3647 877 3660 899 ,
3689 850 3836 903 perse

2292 926 2438 981 enim
2474 932 2661 995 aperte
2687 923 2973 981 haereticus
3002 922 3347 997 noscebatur)
3371 943 3387 980 :
3419 934 3471 979 et
3493 941 3556 979 ne
3581 924 3715 980 falsis
3739 941 3840 998 sug-

2291 1017 2625 1088 gestionibus
2653 1018 2939 1073 crederent
2968 1060 2981 1084 ,
3012 1017 3083 1091 (ε)
3115 1034 3221 1072 non
3246 1032 3432 1073 eorum
3460 1018 3716 1089 quisquam
3744 1034 3841 1090 pra—

2295 1112 2572 1169 vissimam
2606 1123 2845 1168 mentem
2875 1118 3096 1183 prepter
3128 1112 3304 1166 locum
3335 1111 3661 1181 episcopatus
3684 1112 3843 1167 obscn.

2302 1214 2446 1281 rant.
2480 1205 2552 1261 At
2599 1205 2675 1259 illi
2716 1212 2903 1260 contra
2952 1203 3066 1259 haec
3102 1203 3461 1259 resistebant:
3507 1218 3607 1270 qua
3649 1206 3842 1271 ratione,

2297 1299 2587 1356 nescimus.
2622 1298 2732 1354 Nec
2758 1314 2817 1354 se
2846 1297 3129 1352 voluerunt
3155 1297 3223 1352 ab
3252 1297 3492 1367 ipsorum
3513 1298 3845 1352 communione

2298 1408 2607 1460 secernere,
2643 1391 3030 1447 confirmantes
3053 1391 3292 1447 Marcelli
3316 1390 3553 1446 haeretici
3578 1400 3784 1445 sectam:
3805 1399 3849 1445 et

2298 1485 2537 1543 facinora
2570 1470 2853 1541 Athanasii
2882 1492 3312 1555 cactemrumque
3336 1484 3543 1539 scelera
3572 1482 3686 1538 fidei
3709 1482 3848 1538 eccis-

2298 1582 2531 1639 siastica:
2560 1580 2786 1650 pacique
2818 1579 3225 1651 praeponebant.

2375 1674 2457 1731 i6.
2492 1675 2586 1730 His
2614 1675 2792 1743 itaque
2815 1673 3066 1745 cognitis,
3095 1688 3194 1728 nos
3221 1674 3497 1745 Octoginta
3529 1671 3595 1747 (ί)
3624 1672 3845 1743 episcopi,

2300 1771 2390 1842 qui
2420 1778 2643 1842 propter
2672 1784 2857 1840 pacem
2884 1766 3305 1824 confirmandam
3338 1767 3594 1824 Ecclesiae
3618 1782 3678 1822 ex
3705 1764 3850 1821 diver-

594 1862 947 1920 concordiam
1003 1878 1110 1919 una
1156 1862 1561 1931 conspiratione
1599 1859 1886 1925 fecerunt;
1933 1860 2196 1915 donantes
2227 1864 2376 1925 Bsis
2417 1865 2831 1935 longinquisqne
2890 1863 3185 1936 provinciis
3230 1878 3353 1919 cum
3406 1862 3604 1935 ingenti
3642 1861 3768 1917 exitu
3811 1868 3854 1915 et

595 1954 695 2011 sibi
726 1956 953 2027 quisque
978 1954 1175 2012 delicta
1198 1996 1214 2023 ,
1259 1970 1378 2025 qua:
1415 1969 1539 2009 cum
1571 1954 1813 2025 episcopi
1842 1961 2059 2020 essent,
2097 1968 2197 2024 pro

594 2049 919 2105 auctoritate
944 2048 1125 2105 divina
1146 2047 1492 2105 damnarunt.

672 2143 756 2200 14.
788 2142 1118 2200 Sardicensis
1139 2143 1347 2199 concilii
1375 2143 1549 2198 initia.
1578 2169 1651 2186 -ο
1675 2141 1919 2212 Namque
1939 2140 2196 2211 quoniam

597 2237 932 2294 Athanasius
965 2237 1021 2293 in
1060 2236 1265 2294 italiam
1303 2246 1360 2295 et
1401 2236 1631 2294 Galliam
1663 2252 1896 2310 pergens
1926 2236 2026 2292 sibi
2056 2235 2202 2307 judi-

597 2332 743 2387 cium
767 2331 1105 2402 comparavit
1133 2347 1149 2397 ;
1185 2341 1305 2401 post
1332 2340 1562 2387 mortem
1584 2330 1888 2402 aliquorum
1918 2337 2205 2386 accusato-

597 2441 739 2492 rum,
767 2427 1014 2490 testium,
1040 2425 1409 2496 judicumqne,
1432 2434 1487 2480 et
1506 2424 1737 2480 credidit
1759 2440 1919 2495 posse
1939 2439 1998 2480 se
2023 2424 2203 2480 denuo

600 2530 845 2590 tempore
869 2519 1040 2575 audiri
1065 2561 1079 2584 ,
1112 2518 1257 2589 quod
1287 2519 1406 2589 ejus
1434 2517 1635 2589 flagitia
1666 2527 1910 2573 vetustas
1941 2518 2203 2588 temporis

599 2612 937 2671 obscuraret.
972 2612 1071 2668 Cui
1100 2626 1423 2668 consensum
1457 2610 1864 2666 commodantes
1892 2625 2002 2665 non
2031 2619 2198 2678 recte,

599 2704 771 2761 Julius
818 2706 969 2762 urbis
1012 2706 1200 2761 Romae
1242 2705 1546 2776 episcopus,
1601 2703 1865 2759 Maximus
1927 2702 2203 2776 (Maximis

601 2813 707 2853 nus
726 2796 962 2872 Trevir.)
983 2808 1040 2855 et
1065 2796 1278 2863 Ossius,
1297 2797 1586 2868 creterique
1606 2796 1916 2866 complures
1935 2796 2203 2866 ipsorum,

602 2893 891 2950 concilium
921 2891 1062 2964 apud
1095 2892 1371 2950 Serdicam
1410 2890 1541 2947 fieri
1571 2908 1638 2947 ex
1668 2892 2010 2963 imperatoris
2054 2890 2207 2946 beni-

601 2989 805 3059 gnitate
818 2988 987 3061 656
998 2998 1372 3059 sumpserunt.
1388 2987 1732 3042 Occurrimus
1749 2986 1815 3042 ad
1836 2985 2114 3042 Serdicam
2129 2986 2210 3042 lit.

602 3081 734 3138 teris
753 3081 1093 3151 imperatoris
1106 3082 1382 3136 conventi.
1410 3081 1527 3150 Quo
1546 3095 1669 3136 cum
1686 3081 2049 3147 venissemus,
2065 3078 2206 3137 didi-

600 3173 775 3231 cimus
791 3177 845 3229 iu
868 3174 1046 3230 media
1067 3175 1299 3232 ecclesia
1329 3174 1705 3242 Athanasium,
1730 3173 2065 3240 Marcellum,
2085 3189 2206 3230 orn-

2299 1958 2487 2015 iahore
2523 1958 2589 2014 ad
2637 1957 2917 2014 Serdicam
2962 1971 3286 2013 veneramus
3309 1999 3324 2024 ,
3368 1956 3615 2011 videntes
3643 1956 3745 2011 haec
3771 1969 3851 2009 non

2301 2053 2418 2107 sine
2449 2051 2703 2123 lacrymis
2731 2050 3055 2106 ferebamus.
3082 2048 3224 2105 Leve
3245 2050 3389 2105 enim
3415 2063 3523 2105 non
3548 2057 3678 2113 erat,
3697 2046 3814 2119 quod
3831 2062 3853 2101 ι

2300 2160 2361 2202 se
2386 2160 2481 2203 eos
2509 2144 2786 2201 dimittere
2806 2144 3028 2199 omnino
3052 2143 3345 2214 negabant,
3368 2157 3506 2213 quos
3529 2150 3698 2213 patres
3720 2140 3856 2195 nostri

2303 2240 2501 2298 merito
2524 2240 2637 2296 suis
2670 2253 2770 2310 pro
2797 2238 3114 2295 criminibus
3140 2246 3267 2293 ante
3293 2236 3639 2295 damnarunt.
3677 2233 3760 2290 liis
3780 2235 3856 2287 ita-

2302 2353 2409 2409 que
2430 2335 2832 2392 communicare
2863 2333 3015 2390 nefas
3050 2333 3333 2400 duximus,
3365 2348 3549 2403 neque
3580 2346 3693 2389 cum
3717 2330 3859 2401 profa-

2305 2433 2389 2488 nis
2436 2431 2705 2487 voluimns
2751 2439 2936 2485 sancta
2986 2429 3197 2484 Domini
3250 2438 3589 2484 sacramenta
3634 2426 3857 2487 miscere,

2304 2534 2586 2582 servantes
2630 2532 2685 2580 et
2733 2533 2982 2579 tenentes
3038 2524 3276 2594 regulam
3324 2521 3704 2577 ecclesiasticae
3736 2519 3862 2574 disci-

2307 2621 2487 2691 plinae.
2529 2619 2662 2675 Nam
2692 2629 2749 2674 ut
2777 2619 3112 2689 supradictos
3149 2618 3361 2675 Ossium
3392 2632 3421 2672 a
3444 2631 3509 2673 se
3532 2617 3860 2686 Protogenen.

2306 2729 2411 2787 que
2436 2730 2539 2772 non
2564 2714 2915 2781 dimitterent,
2948 2711 3025 2786 (g)
3046 2713 3377 2769 conscientia
3402 2713 3546 2768 lorte
3567 2707 3860 2781 mala,651

2307 2823 2469 2879 quam
2497 2807 2600 2865 sibi
2627 2821 2816 2861 eorum
2842 2806 3208 2876 unuSquisque
3227 2804 3457 2861 debebat
3492 2804 3674 2860 nudari
3699 2803 3860 2871 aliquo,

2310 2918 2468 2973 quam
2500 2901 2563 2957 ad
2596 2902 2770 2970 palam
2800 2898 2915 2956 fieri
2946 2915 3273 2970 magnOpere
3295 2900 3739 2970 pertimescebant
3759 2916 3770 2950 :
3789 2910 3867 2951 nec

2310 2997 2389 3053 sic
2416 3001 2469 3052 in
2501 3012 2596 3053 eos
2623 2996 2858 3052 audebat
2888 3010 3074 3051 eorum
3107 2995 3305 3067 aliquis
3333 2994 3657 3050 sententiam
3684 2992 3865 3051 dicere.

2312 3105 2380 3146 ne
2410 3099 2463 3146 et
2485 3105 2544 3145 se
2576 3089 2694 3160 ipse
2720 3089 3022 3153 damnaret,
3053 3087 3196 3157 quod
3228 3087 3337 3144 illis
3356 3098 3549 3144 contra
3573 3084 3866 3143 interdictum

2313 3182 2838 3249 communicassent,
2880 3180 3075 3252 quibus
3102 3180 3509 3238 communicare
3537 3178 3680 3236 nullo
3706 3189 3866 3248 genere

602 3283 700 3324 nes
737 3269 1034 3325 sceleratos
1080 3268 1295 3324 concilii
1333 3269 1604 3325 sententia
1649 3270 1864 3337 pulsos,
1908 3277 1964 3325 et
2010 3270 2205 3325 merito
2231 3266 2278 3332 C
2308 3284 2604 3347 oporteret.

602 3360 846 3430 singulos
873 3375 973 3431 pro
992 3361 1105 3421 suis
1133 3360 1467 3415 facinoribus
1497 3361 1920 3431 prmriamnatos,
1952 3377 2075 3419 cum
2101 3362 2208 3418 Os-

603 3454 686 3509 sio
715 3464 768 3509 et
800 3453 1102 3525 Pretogene
1136 3454 1328 3509 sedere
1371 3455 1531 3510 simul
1558 3463 1611 3511 et
1646 3456 1952 3527 disputare,
1982 3467 2037 3511 ct
2065 3454 2209 3528 quod

604 3556 691 3604 est
715 3549 979 3616 deterius,
1012 3550 1195 3605 divina
1225 3551 1478 3623 mysteria
1508 3552 1809 3608 celebrare.
1840 3551 1951 3607 Nec
1980 3550 2212 3608 couinno

603 3643 833 3699 debatur
853 3644 1186 3716 Protogenes
1217 3645 1468 3702 Serdices
1490 3645 1779 3716 episcopus
1804 3647 2210 3704 communicare

602 3736 855 3792 Marcello
881 3736 1161 3806 haeretica,
1190 3738 1344 3810 cujus
1369 3749 1424 3795 et
1450 3750 1652 3795 sectam
1679 3748 1736 3795 et
1766 3740 2055 3810 reprohum
2080 3755 2207 3796 sen-

602 3830 828 3899 sum,~in
868 3833 1103 3889 concilio
1152 3833 1224 3907 (c)
1267 3843 1462 3905 quater
1501 3834 1788 3890 sententiis
1825 3834 2206 3905 episcoporum

602 3925 972 3993 Subscribens,
1022 3928 1239 3998 propria
1283 3942 1421 3984 voce
1464 3927 1999 3998 ipse'damnaverat.
2051 3927 2207 3985 Unde

605 4019 949 4076 manifestum
980 4031 1084 4089 est,
1108 4022 1233 4092 quia
1255 4037 1376 4079 sese
1403 4023 1517 4093 ipse
1539 4037 1632 4077 sua
1655 4024 1922 4079 sententia
1951 4022 2210 4079 condem-

605 4116 776 4181 navit,
807 4128 931 4170 cnm
963 4130 1022 4171 se
1051 4116 1129 4171 illi
1157 4116 1609 4172 communicando
1637 4117 1957 4188 participem
1988 4115 2136 4172 fecit.

678 4209 765 4266 15.
808 4209 1154 4265 Orientalium
1196 4220 1415 4266 conatus
1455 4220 1511 4265 ut
1541 4209 1881 4265 Athanasium
1924 4217 1974 4264 et
2012 4209 2145 4265 alios
2179 4224 2211 4263 ιι

605 4303 806 4375 synodo
834 4304 1067 4377 ejiciant.
1098 4333 1171 4345 —
1192 4303 1392 4361 Verum
1427 4318 1526 4359 uos
1555 4312 1803 4360 tenentes
1826 4302 2213 4360 ecclesiastica

608 4382 825 4466 regulte'
844 4397 1182 4468 disciplinam
1204 4440 1220 4465 ,
1254 4408 1307 4455 et
1342 4398 1589 4454 volentes
1619 4398 1852 4454 miseros
1882 4397 1937 4453 in
1966 4396 2214 4468 aliquam

559 4563 567 4575 ο
611 4494 777 4550 tttlum
806 4493 887 4566 (tl)
918 4494 1103 4550 vivere
1125 4534 1141 4560 ,
1169 4494 1543 4549 mandavimus
1569 4494 1676 4549 illis
1696 4534 1713 4561 ,
1743 4493 1835 4565 qui
1865 4502 1995 4555 cum"
2016 4490 2213 4549 Proteo

2388 3368 2474 3425 17.
2505 3366 2700 3423 Verum
2730 3380 2829 3422 nos
2866 3366 3062 3423 iterum
3090 3364 3210 3421 illos
3252 3374 3413 3436 atque
3449 3364 3648 3420 iterum
3687 3360 3871 3432 rogatae

2312 3477 2434 3523 mus
2459 3503 2474 3526 ,
2510 3475 2578 3516 ne
2609 3460 2761 3515 firma
2791 3458 3075 3529 solidaque
3104 3466 3461 3514 concuterent
3483 3500 3501 3525 ,
3532 3472 3599 3513 ne
3637 3454 3872 3511 subverte-

2312 3565 2433 3612 rent
2466 3554 2671 3624 legem.
2707 3567 2808 3609 nec
2850 3552 2970 3621 jura
3020 3551 3197 3606 divina
3256 3550 3562 3616 turbarent,
3604 3562 3669 3604 ne
3719 3553 3872 3601 cuncta

2313 3644 2735 3707 confunderent.
2764 3652 2926 3715 atque
2953 3643 3297 3700 traditionem
3320 3642 3584 3701 Ecclesia
3611 3655 3676 3697 ne
3698 3636 3873 3711 quidem

2317 3741 2527 3800 modica
2558 3754 2692 3811 pace
2721 3737 2743 3812 (
2761 3741 2800 3811 f.
2833 3736 3022 3811 parte)
3053 3736 3379 3794 frustrarent
3409 3754 3422 3791 :
3453 3736 3554 3793 sed
3586 3749 3681 3791 nec
3715 3743 3873 3789 novam

2317 3844 2519 3893 sectam
2552 3833 2870 3891 inducercnt
2889 3875 2903 3899 ,
2936 3840 3029 3889 aut
3047 3831 3414 3888 Orientalibus
3437 3830 3707 3902 episcopis
3729 3823 3876 3883 conci-

2315 3930 2512 3999 liisque
2541 3926 2901 3984 sanctissimis
2928 3926 2997 3982 de
3024 3924 3322 3982 Occidente
3351 3924 3634 3981 venientes
3660 3921 3812 3989 aliqua
3832 3915 3874 3971 in

2315 4034 2467 4095 parte
2499 4030 2900 4095 praeponerent.
2929 4022 2997 4078 At
3030 4021 3107 4077 illi
3149 4030 3335 4077 contra
3378 4020 3737 4092 despicientes
3759 4017 3869 4077 haec.

2317 4120 2475 4177 nobis
2504 4117 2867 4179 minabantur,
2892 4126 2946 4172 et
2978 4131 3039 4172 se
3070 4115 3423 4170 Athanasium
3452 4122 3510 4167 et
3550 4118 3765 4168 caeteros
3785 4119 3876 4160 sce-

2319 4214 2520 4269 leratos
2552 4211 2923 4266 vindicaturus
2968 4207 3382 4277 pollicebantur.
3411 4205 3582 4276 Quasi
3624 4217 3743 4260 vero
3765 4192 3877 4253 aliud

2322 4296 2499 4361 facere
2528 4311 2618 4359 aut
2643 4301 2824 4358 dicere
2853 4308 3108 4373 possent,
3137 4300 3227 4370 qui
3272 4299 3573 4355 sceleratos
3622 4308 3791 4353 omnes
3829 4300 3877 4343 π

2321 4397 2562 4470 perditos
2594 4396 2644 4450 in
2684 4410 2841 4450 suum
2893 4393 3223 4449 consortium
3269 4399 3619 4460 receperunt.
3651 4388 3875 4443 Prauerea

2322 4492 2539 4561 ingente
2573 4487 2676 4545 hoc
2704 4495 2917 4545 tumore
2937 4494 3262 4558 proponunt,
3294 4482 3523 4540 audacia
3544 4481 3715 4553 potius
3737 4492 3791 4534 ac
3813 4482 3877 4530 te-

682 4659 757 4733 (a)
791 4658 988 4733 Faber,
1016 4659 1278 4716 asterisco
1300 4660 1509 4733 posito,
1527 4658 1770 4731 qua-dam
1795 4657 2212 4733 bicdeessc‘no-
2235 4655 2291 4719 Ι)
2316 4653 2430 4733 riu_s_
2455 4667 2525 4733 ex
2560 4650 2673 4707 sola
2702 4647 2917 4733 illorum
2948 4645 3051 4702 fide
3086 4642 3401 4709 asseruerit,
3426 4640 3620 4719 fragm.
3651 4655 3708 4706 ιι,
3736 4656 3781 4691 ιι.
3806 4634 3877 4699 2i,

610 4727 761 4805 tavit.
797 4731 1009 4805 integra
1041 4744 1220 4788 tamen
1248 4727 1404 4787 nobis
1426 4727 1638 4789 videtur
1666 4732 1930 4788 sententia
1957 4748 1969 4805 ς
2009 4739 2066 4786 ιιι
2097 4727 2201 4805 0c-

608 4799 941 4871 cidentales;
969 4805 1079 4874 qui,
1135 4820 1284 4876 num.
1334 4806 1422 4869 10,
1461 4812 1704 4860 nontam
1738 4819 1836 4876 pro
1887 4799 2203 4876 Athanasio,

607 4892 763 4949 quam
790 4892 884 4947 pro
908 4876 1014 4933 suis
1040 4875 1238 4949 actibus
1264 4877 1502 4933 laborare
1525 4875 1759 4949 erupisse
1784 4875 1913 4930 dicti
1949 4881 2094 4949 sunt,
2117 4886 2211 4926 co-

608 4945 732 5004 dem
764 4945 925 5003 sensu
954 4964 1095 5003 nunc
1123 4947 1370 5006 dicantur
1397 4965 1502 5006 non
1531 4945 1640 5006 tam
1680 4949 1825 5005 illius
1847 4960 1913 5003 ac
1937 4945 2208 5001 sociorum

609 5019 840 5081 actibus.
875 5035 1034 5090 quam
1063 5020 1177 5076 suis
1203 5021 1471 5081 misereri.

685 5113 764 5187 (ὁ)
819 5110 1305 5187 Condemnationis
1348 5114 1507 5187 hujus
1552 5113 1757 5187 nullum
1806 5120 1891 5187 est
1933 5118 2026 5187 aut
2069 5107 2211 5178 apud

610 5183 985 5248 Athanasium.
1011 5195 1104 5240 aut
1130 5186 1270 5253 apud
1299 5182 1434 5241 alios
1451 5202 1618 5241 sacrae
1648 5185 1889 5240 historice
1915 5182 2211 5250 scriptores

610 5256 916 5327 vestigium.
946 5255 1056 5311 Nec
1079 5258 1193 5313 veri
1217 5257 1428 5313 videtur
1454 5258 1652 5323 simile,
1679 5269 1734 5311 ut
1763 5254 2089 5311 Athanasius
2111 5254 2211 5306 As-

610 5329 819 5398 clepam
871 5329 1243 5394 damnaverit,
1302 5345 1461 5400 quem
1514 5327 1867 5399 reprehendit
1910 5340 2208 5400 nusquam,

611 5396 811 5470 passim
846 5400 1096 5456 laudibus
1131 5396 1360 5456 extollti.
1409 5396 1665 5471 Ejusdem
1710 5400 1902 5454 farinae
1940 5396 2207 5471 censenda

611 5466 759 5538 sunt,
785 5488 905 5542 qute
934 5473 1002 5528 de
1028 5472 1283 5529 Marcello
1309 5484 1360 5527 et
1389 5466 1557 5527 Paulo
1574 5472 1953 5542 subjiciuntur.
1983 5469 2049 5524 Et
2074 5466 2212 5523 Pau-

614 5544 723 5598 lum
760 5540 978 5614 quidem
1008 5587 1022 5610 ,
1063 5547 1375 5615 priusquam
1415 5545 1483 5598 ab
1517 5545 1827 5612 episcopatu
1857 5540 2180 5615 dejiceretur
2203 5581 2218 5606 ,

617 5610 803 5669 secum
827 5610 1257 5671 communicasse
1281 5618 1412 5671 satis
1438 5617 1639 5671 imlicat
1669 5610 1991 5669 Athanasius
2025 5610 2090 5669 ad
2121 5610 2223 5667 So-

616 5687 699 5740 lit.
746 5703 799 5754 p.
843 5686 971 5744 813.
1008 5687 1142 5742 Hinc
1181 5698 1365 5742 nostra
1410 5695 1639 5752 augetur
1678 5685 1934 5756 suspicio,
1977 5699 2044 5739 ne
2083 5681 2222 5756 forte

627 5756 837 5823 Ariani,
875 5759 1074 5813 Sirmio
1110 5760 1472 5815 rescribentes
1505 5760 1574 5815 de
1599 5754 1945 5814 damnatione
1980 5754 2215 5820 Photini,

625 5825 979 5882 Athanasium
1032 5845 1061 5882 a
1112 5829 1349 5885 Marcelli
1404 5834 1787 5887 communione
1839 5845 1899 5885 se
1947 5825 2220 5882 abstinere

627 5897 959 5954 mendaciter
988 5900 1314 5956 inaeruerint
1334 5942 1349 5967 ,
1393 5901 1553 5972 idque
1579 5904 1740 5975 paulo
1766 5900 2039 5959 credulior
2076 5897 2221 5955 llila-

2318 4724 2525 4781 utibiti.
2561 4722 2889 4777 monuimus.
3502 4787 3516 4789 _
3584 4784 3617 4789 __
3695 4782 3728 4789 __
3817 4777 3828 4789 ,

2386 4797 2459 4871 (ε)
2486 4793 2625 4871 Quid
2652 4792 2766 4871 sibi
2782 4792 2915 4847 velit
2954 4789 3083 4844 illud
3122 4796 3328 4871 quater,
3359 4799 3464 4841 non
3497 4784 3653 4871 facile
3674 4782 3874 4871 diser-ii:

2314 4852 2718 4929 cuin'lblttrius,
2743 4864 3045 4933 fragmento
3063 4852 3350 4933 superiori,
3373 4873 3521 4912 num.
3551 4856 3644 4920 ‘22,
3664 4852 3874 4933 afﬁrmet,

2317 4941 2516 4996 nullam
2546 4954 2786 5003 umquam
2812 4931 3057 4991 adversus
3086 4931 3413 4989 Marcellum.
3438 4938 3645 5003 praeter
3675 4941 3773 4981 eam
3792 4932 3878 5003 qua

2320 4993 2714 5071 Sitnidic’ensilius
2740 5018 2812 5063 est
2830 5004 3083 5061 dissoluta
3108 5004 3393 5069 sentwtiis,
3411 4993 3652 5070 deinceps
3670 4993 3877 5068 synodum

2319 5087 2479 5159 fuisse
2506 5090 2841 5159 contractam.

2417 5158 2472 5217 ά)
2507 5155 2688 5216 Forte.
2720 5165 2996 5213 removere,
3022 5148 3105 5203 vel
3136 5154 3357 5203 remotos
3383 5146 3566 5199 uiuere.

2412 5212 2467 5301 e)'
2504 5212 2944 5301 Mendosa‘iectio
2970 5223 3047 5275 sic
3081 5227 3259 5289 potest
3284 5217 3543 5301 corrigi:_
3571 5212 3880 5301 Naupli:

2316 5280 2913 5373 quisquevpravissimam
2936 5280 3156 5373 mentem
3191 5330 3202 5373 τ
3232 5331 3245 5344 .
3276 5331 3290 5343 .
3320 5280 3650 5352 occultabat;
3677 5280 3773 5345 vel,
3793 5288 3881 5331 tam

2318 5366 2492 5428 eorum
2524 5366 2736 5439 quisque
2770 5408 2784 5422 .
2823 5406 2835 5419 .
2875 5403 2889 5419 .
2922 5366 3222 5439 occultaret.

2393 5424 2469 5514 (Γ)
2491 5424 2744 5499 Socrates
2779 5439 2869 5514 lib.
2905 5452 2963 5502 ιι,
2993 5450 3044 5490 c.
3083 5434 3175 5497 20,
3217 5448 3281 5514 es
3328 5429 3512 5514 Sabini
3547 5424 3882 5514 {mererem-:1

2330 5486 3042 5582 ta9.11"}?'Ebiih'agiiiiale}
3054 5548 3070 5575 ,
3086 5486 3215 5561 ".iéc
3227 5486 3241 5488 ﬁ
3256 5486 3527 5560 habentur
3556 5498 3694 5557 infra
3722 5491 3807 5550 nisi
3829 5486 3882 5543 73

2329 5586 2772 5655 subswiptiones.

2400 5679 2483 5754 (g)
2514 5679 2873 5754 ln‘_ms.,_cm_n
2899 5671 3128 5754 scicntia.
3155 5669 3371 5754 Plenior
3388 5667 3640 5754 sicesset
3669 5663 3883 5754 limo-593'

2331 5738 2528 5808 lenita:
2564 5738 2883 5805 Eonscicntia
2924 5748 3053 5817 forte
3078 5742 3218 5817 mala
3249 5738 3668 5817 prolabebantur,
3707 5739 3887 5817 qua,

2328 5800 3045 5967 ξιίιξίιιιῐιιῆιιῖέφιθιίιιίεὸιιι
3082 5800 3268 5875 nudari
3303 5814 3365 5871 ab
3386 5813 3582 5887 aliqua,
3611 5800 3727 5879 qua!
3748 5800 3884 5879 palm

2369 5911 2467 5966 ert,
2489 5910 2519 5952 e
2547 5909 2596 5951 c.

2438 5933 2467 5966 ἓ.
2490 5933 2519 5952 υ
2526 5933 2596 5951 υνο
