4062 6332
549 355 653 413 671

1784 353 2028 414 SANC'I‘I
2071 352 2324 410 lllLARll
2368 351 2676 410 EPISCOPI

3752 350 3862 405 (372

547 471 871 544 populisque
904 482 1146 529 rectores
1172 488 1381 544 sumus,
1418 472 1683 531 donantes
1710 482 1765 530 et
1788 472 2149 538 dimittentes,
2179 475 2230 535 Α
2259 467 2547 524 traditione
2576 466 2860 525 discedere
2891 483 2995 524 non
3037 481 3349 539 possumus,
3377 467 3503 539 quia
3543 482 3646 526 nec
3687 469 3856 526 talem

548 578 673 636 qua:
718 563 787 618 ab
827 564 959 635 ipsis
1009 580 1109 621 nec
1146 566 1343 622 dimitti
1375 582 1627 638 umquam
1656 572 1882 637 possunt
1911 577 2012 619 nec
2054 562 2153 617 du-

548 659 666 715 nari
690 674 703 708 :
736 658 936 730 quique
962 660 1125 715 etiam
1156 659 1411 717 Marcello
1430 670 1486 718 et
1514 660 1813 718 Athanasio
1834 658 2153 729 cacterisqne

554 752 836 809 sceleratis
873 751 1073 825 ﬂagitia
1105 756 1493 826 blaSphemias,
1525 772 1643 827 quae
1674 756 1830 811 nefas
1866 752 2042 809 fuerat
2068 752 2151 809 di-

553 849 800 915 mittere,
819 851 1197 906 condonarunt
1231 869 1243 905 :
1277 866 1399 906 cum
1427 852 1687 920 scriptum
1716 851 1806 916 sit,
1834 849 1894 904 Si
1917 865 2157 918 peccave-

551 941 621 995 rit
648 942 797 995 homo
819 942 872 995 in
900 943 1181 1009 hominem,
1216 944 1430 997 orabunt
1461 960 1553 1012 pro
1581 958 1639 997 eo
1660 942 1728 996 ad
1760 941 2041 996 Dominum
2066 957 2086 1006 ,'
2112 940 2155 994 si

551 1042 724 1087 autem
768 1034 822 1087 in
855 1032 1021 1089 Deum
1063 1036 1349 1106 peccauerit
1380 1036 1553 1102 homo,
1585 1035 1699 1107 quis
1746 1034 1909 1090 orabit
1958 1051 2050 1105 pro
2096 1050 2156 1088 eo

555 1125 612 1201 (Ι
633 1124 764 1198 Reg.
796 1143 834 1183 tt
857 1169 871 1193 ,
901 1127 1055 1197 25)?
1086 1127 1199 1184 Nos
1223 1140 1396 1184 autem
1424 1130 1575 1185 talem
1603 1129 2028 1184 consuetudinem
2057 1146 2159 1184 non

554 1219 822 1288 habemus,
852 1238 944 1276 nec
983 1221 1222 1278 Ecclesia
1252 1222 1354 1278 Dei
1386 1224 1443 1297 (Ι
1474 1224 1591 1279 Cor.
1624 1240 1718 1288 xx,
1747 1222 1870 1296 l6).
1905 1224 2011 1280 Sed
2060 1240 2160 1281 nec

557 1313 674 1369 brec
703 1315 906 1371 docere
931 1315 1147 1385 aliquos
1177 1318 1429 1385 patimttr,
1477 1332 1577 1372 nec
1623 1332 1790 1371 novas
1843 1316 2159 1371 traditiones

557 1407 852 1464 inducere:
889 1424 956 1460 ne
986 1407 1291 1477 proditores
1325 1408 1444 1464 fidei
1495 1409 1889 1477 traditoresque
1916 1406 2161 1476 Scriptu-

558 1515 741 1556 rarum
767 1500 1088 1565 divinarum,
1124 1501 1268 1571 quod
1303 1501 1449 1555 nefas
1478 1510 1584 1569 est,
1617 1501 1882 1568 dieamur,
1908 1517 1975 1557 ne
2004 1515 2033 1556 a
2056 1500 2163 1556 Do-

562 1596 713 1650 mino
744 1603 801 1648 et
822 1594 892 1649 ab
918 1594 1228 1650 hominibus
1253 1594 1703 1651 condemnemur.

632 1687 726 1743 ‘22.
747 1685 1055 1743 Schismatis
1074 1688 1323 1742 invidiam
1342 1688 1397 1743 in
1430 1687 1786 1744 Occidentales
1806 1689 2065 1762 rejiciunt.
2092 1716 2163 1729 —

561 1784 765 1841 Verum
790 1784 866 1839 illi
894 1784 1190 1855 supradicti
1216 1786 1378 1840 etiam
1401 1783 1518 1839 haec
1544 1783 1804 1840 adversus
1834 1798 1935 1839 nos
1957 1782 2164 1838 machi-

2255 562 2631 618 auctoritatem
2662 563 2898 638 sumpsit
2916 561 3177 627 Ecclesia,
3211 575 3314 618 nec
3341 561 3501 617 talem
3532 572 3866 634 potestatem

2255 671 2284 711 a
2318 653 2428 711 Deo
2461 655 2697 727 accepit;
2726 656 3072 727 supradictus
3110 655 3177 711 ad
3227 656 3491 711 honorem
3520 656 3869 727 dignitatem-

2258 766 2363 820 que
2395 751 2653 806 Ecclesim
2680 766 2777 806 nec
2804 752 2903 821 ipsi
2936 750 3281 821 suscipimus,
3306 758 3362 805 et
3388 750 3749 821 suscipientes
3773 750 3868 805 di-

2258 860 2361 917 gne
2416 846 2755 900 damnamus.
2809 845 2915 902 Sed
2962 860 3064 900 nec
3114 846 3275 914 alios,
3323 845 3411 914 qui
3465 855 3559 898 aut
3609 844 3737 899 olitn
3772 854 3872 899 aut

2262 950 2448 1011 postea
2479 941 2673 994 merito
2705 937 2945 992 damnati
2974 949 3123 1003 sunt,
3154 937 3207 992 in
3251 937 3495 991 Ecclesia
3536 936 3869 1005 recipimus,

2259 1033 2597 1087 adhaerentes
2627 1031 2835 1102 legibus
2866 1031 2958 1085 Dei
2991 1029 3477 1098 traditioniliusque
3505 1028 3752 1097 paternis
3776 1038 3869 1083 at-

2260 1140 2367 1199 que
2396 1126 2779 1182 ecclesiasticis
2802 1123 3103 1194 disciplinis
3124 1165 3138 1190 ,
3168 1123 3455 1179 credentes
3480 1124 3763 1194 propheta:
3789 1123 3875 1178 di-

2262 1225 2403 1280 centi
2440 1241 2451 1277 :
2487 1222 2615 1277 Noli
2641 1221 2931 1293 transgredi
2976 1221 3218 1275 terminos
3246 1228 3486 1281 teternos,
3518 1233 3645 1288 quos
3684 1234 3876 1285 posite-

2263 1328 2383 1373 runt
2411 1328 2583 1389 patres
2614 1318 2689 1370 tui
2720 1314 2905 1387 (Prov.
2937 1329 3069 1377 xxn,
3099 1314 3217 1384 28).
3242 1312 3421 1380 Quare
3444 1325 3545 1365 nos
3574 1327 3875 1382 numquam

2267 1413 2369 1485 lixa
2394 1410 2673 1480 solidaque
2696 1410 3034 1463 cnttcutimus
3067 1423 3081 1461 :
3124 1406 3218 1460 sed
3251 1405 3422 1476 magis
3448 1419 3513 1457 ea
3534 1420 3654 1474 qua:
3684 1413 3817 1458 sunt
3847 1418 3878 1457 a

2267 1503 2583 1577 parentibus
2610 1502 2899 1557 constituta
2932 1513 3233 1554 servamus.

2338 1601 2429 1655 24.
2466 1598 2661 1667 Quibus
2705 1600 2996 1669 negandum
3039 1604 3280 1651 censeant
3325 1595 3757 1650 communionem.
3806 1622 3878 1634 —

2268 1695 2397 1751 Post
2421 1697 2589 1750 multa
2617 1694 2782 1764 igitur
2803 1735 2818 1760 ,
2842 1691 3178 1748 dilectissimi
3210 1690 3404 1746 lratrcs
3424 1732 3438 1755 ,
3470 1690 3587 1744 haec
3622 1690 3779 1743 vobis
3809 1704 3875 1743 ex

2266 1797 2455 1859 aperto
2477 1785 2818 1853 mandamus,
2841 1801 2907 1841 ne
2927 1784 3049 1856 quis
3070 1794 3311 1839 vesmim
3335 1784 3403 1837 ab
3421 1783 3603 1852 aliquo
3626 1784 3875 1837 circum-

564 1877 853 1934 nabantur.
890 1878 957 1931 Et
982 1878 1236 1949 quoniam
1277 1877 1557 1943 sciebant,
1588 1892 1686 1933 nos
1725 1892 1830 1932 non
1864 1891 2023 1947 posse
2065 1875 2166 1931 sibi
2197 1883 2242 1944 Β
2272 1891 2463 1936 ventus
2490 1879 2779 1952 aliquando
2818 1879 3201 1942 communicet,
3235 1877 3286 1931 id
3320 1884 3433 1943 est,
3462 1874 3645 1937 Ossio,
3682 1875 3876 1929 Proto-

563 1972 918 2028 scelestorum
964 1969 1039 2045 (α)
1074 1971 1341 2029 beneflcio
1383 1972 1825 2038 communicare;
1850 1986 1919 2027 ex
1946 1969 2164 2041 scriptis

566 2079 667 2120 nos
723 2063 1115 2135 lmperatorum
1169 2074 1375 2134 terrere
1424 2064 1710 2137 putabant,
1754 2072 1811 2119 ut
1859 2063 2057 2120 invitos
2095 2063 2164 2119 ad

565 2171 718 2212 suam
771 2158 1207 2213 communionem
1259 2158 1535 2213 traherent
1576 2175 1590 2211 :
1631 2166 1686 2212 et
1730 2155 1804 2229 (ὁ)
1849 2157 2169 2226 speetabant

567 2249 733 2306 dividi
766 2252 933 2307 totius
959 2252 1141 2307 mundi
1163 2250 1484 2324 profundam
1518 2251 1780 2307 Ecclesia:
1800 2260 2167 2320 aeternamque

568 2357 757 2413 pacem
806 2350 1028 2416 propter
1071 2345 1426 2400 Athanasium
1472 2352 1530 2401 et
1559 2344 1870 2400 Marcellum
1900 2385 1915 2410 ,
1940 2352 2169 2433 propter

569 2452 706 2508 quos
736 2453 932 2493 nomen
965 2437 1179 2494 Domini
1207 2438 1614 2509 blasphematur
1641 2438 1695 2492 in
1725 2437 1999 2509 gentibus,
2032 2451 2168 2507 quos

573 2531 884 2602 Oportebat,
911 2532 957 2588 si
976 2533 1027 2587 in
1054 2548 1114 2588 se
1144 2532 1346 2603 aliquid
1371 2532 1582 2588 timoris
1611 2531 1707 2588 Dei
1737 2531 2074 2597 habuissent,
2103 2547 2170 2587 ne

579 2624 736 2680 turbo
776 2626 876 2681 iste
903 2626 992 2697 qui
1022 2641 1120 2696 per
1160 2626 1307 2696 ipsos
1329 2636 1487 2681 natus
1513 2634 1596 2681 est
1626 2634 1988 2696 permaneret,
2016 2639 2046 2679 a
2073 2639 2168 2679 sua

577 2718 896 2789 pravissima
931 2720 1351 2790 praesumptione
1378 2718 1462 2774 vel
1484 2735 1608 2776 sero
1631 2719 1910 2776 discedere
1931 2759 1946 2785 ,
1978 2735 2044 2774 ne
2084 2719 2166 2790 ip-

574 2827 758 2868 sorum
807 2828 969 2870 causa
997 2824 1190 2871 contra
1223 2831 1344 2871 sese
1388 2815 1730 2871 scinderetur
1778 2815 2011 2871 Ecclesia
2038 2831 2051 2867 :
2077 2824 2172 2869 aut

572 2905 619 2962 si
665 2907 717 2962 iii
761 2907 849 2971 iis,
893 2909 983 2978 qui
1026 2923 1124 2978 pro
1173 2909 1303 2980 ipsis
1352 2919 1582 2975 certant,
1640 2919 1814 2965 metus
1860 2908 1953 2963 Dei
2002 2917 2168 2973 esset,

573 3001 781 3057 etiamsi
813 3000 946 3056 nihil
974 3016 1097 3059 esse
1122 3002 1429 3059 damnabile
1459 3003 1600 3076 apud
1626 3004 1770 3074 ipsos
1797 3003 2168 3068 inveniretur,

570 3092 737 3166 660
763 3102 942 3150 tamen
982 3105 1037 3150 et
1082 3094 1223 3165 quod
1268 3107 1485 3166 propter
1526 3100 1673 3167 ipsos
1706 3098 1883 3151 unitas
1913 3094 2169 3152 Ecclesia:

574 3188 857 3255 scinditur,
886 3198 940 3243 et
963 3198 1183 3259 propter
1209 3187 1454 3244 insanam
1484 3189 1685 3245 rabiem
1716 3187 2172 3259 cupiditatemque

2266 1974 2410 2045 geni,
2463 1972 2780 2038 Athanasio,
2828 1970 3108 2036 Marcello,
3151 1968 3419 2040 Ascleptc,
3453 1969 3641 2036 Paulo,
3678 1967 3875 2034 Julio;

2269 2069 2364 2125 sed
2392 2082 2494 2124 nec
2519 2069 2771 2138 cuiquam
2802 2065 3181 2120 damnatorum
3210 2063 3281 2119 de
3311 2062 3551 2118 Ecclesia
3579 2073 3768 2117 sancta
3794 2077 3878 2117 re-

2264 2161 2441 2232 jectis,
2476 2175 2654 2231 neque
2683 2159 2848 2215 sociis
2870 2157 3110 2229 ipSorum
3129 2198 3143 2220 ,
3173 2158 3261 2227 qui
3294 2156 3397 2211 illis
3418 2157 3532 2211 sive
3560 2170 3655 2224 per
3675 2169 3739 2210 se
3762 2154 3874 2210 sive

2272 2275 2368 2329 per
2410 2257 2609 2327 scripta
2660 2254 3087 2311 communicant.
3118 2253 3296 2321 Quare
3342 2267 3441 2307 nec
3484 2266 3582 2306 vos
3627 2250 3696 2305 ad
3754 2249 3873 2306 illus

2270 2352 2508 2409 scribere
2536 2365 2786 2422 umquam
2811 2348 3051 2414 debetis,
3082 2362 3184 2403 nec
3207 2346 3274 2401 ab
3299 2346 3431 2416 ipsis
3466 2346 3669 2415 scripta
3700 2345 3872 2401 susci-

2270 2461 2419 2518 pere.
2444 2443 2561 2501 Jam
2590 2444 2732 2514 quod
2782 2451 3054 2513 superest,
3099 2455 3317 2496 oramus
3367 2454 3466 2495 vos
3490 2480 3507 2509 ,
3535 2438 3881 2508 dilectissimi

2271 2538 2512 2603 Fratres,
2542 2546 2601 2592 ut
2629 2536 2820 2592 unitati
2853 2533 3108 2591 Ecclesiae
3136 2532 3433 2588 consulatis
3453 2538 3513 2587 et
3541 2532 3656 2601 paci
3683 2546 3873 2602 perne-

2272 2641 2407 2700 tuze;
2437 2645 2656 2689 sanetos
2704 2633 2988 2702 episc0pos
3037 2628 3282 2700 eligatis,
3315 2628 3366 2681 in
3395 2626 3594 2698 quibus
3640 2635 3696 2681 et
3746 2626 3873 2681 fides

2273 2727 2476 2798 integra
2507 2736 2558 2781 et
2589 2735 2773 2781 sancta
2806 2723 2872 2777 sit
2899 2723 3042 2789 vita;
3080 2721 3438 2777 abhorrentes
3479 2734 3609 2788 eos,
3641 2720 3736 2790 qui
3782 2735 3873 2791 pro

2272 2818 2589 2874 criminibus
2622 2818 2731 2870 suis
2760 2816 2829 2872 ab
2852 2816 3196 2885 episcOpatus
3228 2813 3434 2868 honore
3454 2812 3704 2868 discincti
3728 2824 3868 2879 sunt,

2275 2910 2566 2977 volantque
2595 2908 2790 2963 iterum
2814 2907 3056 2976 recipere
3106 2905 3319 2970 locum,
3347 2919 3507 2975 quem
3565 2903 3732 2974 digne
3780 2918 3871 2974 pro

2274 3002 2388 3059 suis
2411 3001 2573 3075 σει
2598 3000 2928 3056 facinoribus
2951 2999 3254 3054 amiserunt
3279 3014 3292 3052 :
3320 2997 3598 3070 magisque
3614 2996 3715 3052 hos
3727 3012 3871 3053 exse-

2274 3101 2524 3164 cramini,
2549 3114 2687 3169 quos
2715 3104 2837 3167 post
2857 3095 3064 3151 facinus
3086 3094 3282 3149 videtis
3309 3093 3491 3164 pejora
3514 3093 3868 3148 committere.

2276 3191 2388 3248 Nec
2434 3191 2719 3247 Dominum
2769 3189 2993 3243 audiunt
3041 3188 3354 3242 dicentem:
3389 3185 3649 3254 Peccasti,
3680 3186 3874 3255 quiesce

501 3322 527 3339 ς
578 3280 838 3336 lt0norum
872 3298 973 3352 pax
1008 3282 1269 3352 profunda
1298 3282 1650 3347 subvertitur,
1682 3282 1954 3339 exsecrari
1981 3297 2079 3337 eos
2108 3297 2171 3338 ac
2198 3285 2243 3348 C
2277 3285 2467 3359 (Eccli.
2498 3301 2620 3353 xxx,
2647 3284 2722 3357 l).
2758 3284 2835 3359 (ά)
2862 3283 3112 3338 lnliibere
3138 3282 3384 3338 nesciunt
3413 3282 3588 3344 enim,
3614 3293 3666 3336 et
3698 3281 3874 3335 fortio-

576 3375 905 3446 perhorrere
930 3376 1212 3432 deberent.

649 3468 739 3523 25.
774 3466 1020 3523 Ecclesia:
1048 3478 1235 3539 negant
1265 3468 1391 3523 olim
1416 3470 1674 3540 depositas
1706 3470 2007 3524 restituendi
2034 3451 2178 3543 pote-

578 3569 781 3616 statem.
801 3590 873 3602 —
893 3559 1030 3617 Cum
1069 3564 1141 3617 ita
1171 3577 1258 3618 res
1295 3577 1517 3618 currere
1546 3562 1852 3618 videremus
1872 3605 1888 3630 ,
1913 3563 1979 3617 ad
2023 3578 2177 3618 suam

580 3655 808 3727 patriam
838 3654 1049 3725 regredi
1092 3668 1338 3712 nostrum
1383 3656 1722 3726 unusquique
1759 3654 2035 3711 decrevit:
2067 3656 2179 3726 pla-

580 3751 802 3822 Cuitque
839 3750 993 3805 nobis
1038 3751 1109 3821 (c)
1145 3750 1214 3805 de
1255 3749 1477 3806 Serdica
1525 3750 1786 3820 scribere,
1838 3760 1895 3805 et
1945 3766 2005 3805 ea
2062 3767 2180 3819 qua:

577 3854 730 3916 gesta
759 3856 886 3900 sunt
926 3845 1188 3911 nuntiare,
1234 3856 1582 3918 nostramque
1631 3847 1954 3901 sententiam
2002 3845 2184 3902 decla—

579 3954 724 3995 rare.
756 3938 869 3994 Nos
907 3939 1050 3995 enim
1106 3939 1462 3995 Athanasium
1509 3950 1565 3996 et
1619 3938 1962 4004 Marcellum,
1996 3940 2085 4010 qtti
2129 3941 2179 3993 in

581 4032 866 4087 Dominum
915 4032 1079 4104 impie
1127 4016 1565 4103 hla'Spliemantes
1616 4034 1867 4090 scelerati
1908 4033 2180 4099 vixerunt,
2240 4025 2245 4031 ’

580 4126 858 4197 expositos
883 4126 1012 4181 olim
1038 4136 1201 4198 atque
1232 4127 1517 4182 damnatos
1541 4144 1646 4182 non
1681 4142 1966 4195 possumus
1990 4127 2203 4182 iterum"

582 4222 635 4276 in
663 4222 1009 4291 episcopatus
1048 4222 1309 4277 honorem
1363 4222 1641 4289 suscipere
1675 4238 1688 4275 :
1723 4222 1924 4291 quique
1968 4220 2185 4275 crucifi-

581 4325 773 4386 gentes
797 4330 986 4370 verum
1019 4315 1094 4389 (f.
1126 4314 1358 4388 iterum)
1394 4317 1559 4370 lilium
1582 4316 1703 4383 Dei,
1729 4326 1890 4387 atque
1914 4314 2066 4371 illum
2092 4316 2187 4372 de-

584 4422 693 4463 nuo
723 4407 1079 4476 publicantes,
1105 4406 1317 4462 acerbis
1345 4407 1536 4462 ictibus
1557 4407 1892 4463 confixerunt
1910 4407 2095 4481 (Hebr.
2112 4424 2184 4476 v1,

583 4497 663 4573 6).
700 4499 853 4554 Alter
872 4498 1015 4553 enim
1049 4500 1312 4567 ipsorum,
1345 4498 1776 4569 blasphemando
1807 4501 1860 4554 in
1891 4498 2059 4556 (ilium
2092 4500 2187 4555 Dei

584 4604 747 4664 atque
777 4592 826 4647 in
851 4593 967 4663 ejus
992 4608 1239 4664 regnum,
1273 4600 1473 4646 aeterna
1507 4601 1682 4648 morte
1711 4605 1956 4649 mortuus
1992 4605 2077 4650 est
2105 4610 2190 4649 sc-

2278 3395 2367 3435 res
2386 3380 2453 3435 de
2479 3379 2773 3436 sceleribus
2798 3376 3110 3433 efﬁciuntur
3141 3397 3153 3431 :
3189 3383 3245 3431 et
3266 3383 3469 3445 quanto
3514 3375 3632 3443 plus
3660 3375 3712 3427 in
3741 3388 3864 3444 gur-

2278 3474 2445 3546 gitem
2468 3474 2717 3528 vitiorqu
2750 3481 3029 3542 mergunt,
3070 3476 3219 3524 tanto
3258 3470 3375 3539 plus
3420 3468 3606 3523 urbem
3654 3468 3874 3523 subver-

2279 3579 2419 3625 tunt.
2447 3567 2818 3625 Seditionibus
2861 3575 3154 3632 vacantes,
3187 3562 3326 3618 bella
3373 3563 3872 3632 persecutionesque

2280 3663 2572 3719 acerrimas
2623 3661 2824 3715 sanctis
2874 3657 3134 3714 Ecclesiis
3173 3656 3443 3727 ingerunt,
3501 3663 3557 3710 et
3604 3655 3873 3727 tyrannica

2284 3772 2432 3811 more
2457 3754 2680 3824 populos
2712 3749 2921 3807 Domini
2972 3751 3024 3805 in
3052 3764 3208 3804 suum
3254 3747 3552 3803 dominium
3601 3749 3862 3817 captivare

2284 3850 2645 3908 contendunt.

2355 3946 2446 4001 25.
2493 3943 2773 4011 Perperain
2814 3949 3009 3996 tantum
3041 3939 3300 4011 synodum
3336 3945 3567 3991 coactam
3596 3935 3786 3990 uolunt.
3808 3961 3873 3973 ——

2285 4038 2528 4106 Namque
2552 4051 2617 4090 ex
2652 4035 2734 4090 liis
2757 4035 2917 4089 rebus
2954 4033 3218 4103 pessimos
3255 4044 3442 4086 eorum
3471 4039 3697 4083 conatus
3718 4041 3871 4097 agno-

2285 4133 2441 4194 scite,
2476 4128 2693 4201 quando
2716 4128 2878 4182 talem
2913 4123 3113 4180 tnundo
3144 4125 3481 4194 tempestatis
3501 4120 3781 4191 procellam
3802 4117 3871 4171 ine

2287 4225 2580 4295 duxerunt,
2622 4233 2681 4277 ut
2712 4222 2988 4277 Orientem
3023 4232 3189 4290 prope
3235 4224 3402 4271 totum
3435 4214 3872 4281 Occidentemque

2287 4319 2607 4379 turbarent;
2651 4324 2709 4370 ut
2733 4316 3108 4383 relinquentes
3136 4310 3333 4382 singuli
3365 4308 3762 4365 ecclesiasticas
3784 4318 3870 4358 cu-

2288 4426 2397 4477 ras,
2431 4409 2766 4481 p0pulosque
2800 4405 2895 4461 Dei
2920 4405 3257 4470 deserentes,
3311 4411 3475 4472 atque
3519 4402 3689 4471 ipsam
3713 4398 3873 4454 Evan-

2288 4502 2415 4575 gelii
2443 4502 2751 4558 doctrinam
2782 4508 3198 4572 postponentes,
3242 4496 3311 4552 de
3356 4496 3650 4568 longinquo
3674 4491 3872 4549 adveni-

2291 4613 2473 4654 remus
2515 4610 2676 4650 senes
2716 4600 2878 4649 mtate
2906 4607 3119 4664 graves,
3154 4605 3386 4661 corpore
3416 4588 3645 4655 debiles,
3673 4586 3866 4656 trgi-itu-

585 4687 714 4743 mel.
742 4688 891 4742 Alter
921 4688 975 4741 in
998 4700 1197 4754 corpus
1221 4685 1429 4739 Domini
1455 4683 1630 4757 (adde,
1661 4686 1741 4757 et)
1776 4688 2031 4755 mysteria
2063 4687 2178 4757 ejus
2208 4682 2257 4742 Ι)
2283 4692 2408 4747 dine
2457 4688 2650 4745 infirmi
2680 4686 3158 4758 (trahebatnurque
3188 4701 3284 4756 per
3304 4685 3537 4751 diversa,
3565 4693 3857 4752 nostrosque

586 4778 864 4849 pr0phano
896 4794 1046 4834 more
1071 4779 1326 4833 atrociter
1349 4791 1577 4847 peccans
1598 4819 1611 4840 ,
1644 4788 1948 4849 caeteraque
1976 4779 2172 4852 flagitia

586 4874 894 4929 immaniter
913 4889 1127 4945 gerens,
1163 4873 1543 4943 episcoporum
1570 4875 1839 4930 sententia
1867 4877 2070 4946 ejectus
2096 4884 2181 4932 est

585 4983 750 5041 atque
783 4969 1086 5027 damnatus.
1130 4969 1488 5038 Quamobrem
1523 4971 1774 5042 quoniam
1818 4986 1849 5027 a
1899 4981 2180 5042 parentum

588 5145 695 5201 est,
713 5134 778 5190 ad
803 5149 1006 5190 morem
1025 5133 1236 5204 eorum)
1255 5150 1346 5188 nos
1364 5133 1449 5204 qui
1468 5131 1689 5187 ecclesiis
1709 5133 2042 5189 sanctissimis
2056 5151 2189 5205 prte-

589 5208 833 5280 sidemus.
879 5208 1185 5280 papulisqtte
1226 5218 1465 5280 rectores.
1498 5221 1698 5280 sumus,
1732 5220 1916 5280 sumus
1940 5207 2189 5280 donantes

588 5292 635 5334 et
678 5274 1002 5337 dimittentes.
1042 5274 1155 5350 qua:
1188 5274 1465 5350 αὺβρώε(
1486 5276 1778 5328 secundum
1807 5277 2189 5334 ecclesiastica:

587 5352 885 5421 disciplina:
919 5348 1095 5421 leges)
1123 5366 1213 5421 nec
1240 5348 1428 5402 dimitti
1456 5355 1699 5421 possunt,
1724 5356 1828 5401 etc.

660 5419 864 5496 (a)lloc
891 5418 995 5496 est,
1022 5418 1283 5496 beneficio
1304 5418 1701 5473 communionis
1726 5434 1789 5472 ac
1830 5420 2067 5488 pristina:
2109 5420 2192 5476 di-

589 5491 810 5565 gnitatis
834 5494 1079 5549 scelestis
1110 5491 1333 5565 indultu.

663 5565 737 5644 (ρ)
761 5565 953 5629 Faber,
976 5564 1238 5644 asterisco
1261 5562 1348 5617 hic
1367 5562 1615 5644 apposito
1632 5561 1782 5644 quasi
1805 5560 2003 5644 aliquid
2022 5564 2180 5644 desit,

589 5634 727 5708 legit
770 5649 976 5705 pOStea,
1031 5634 1326 5708 spectabunt
1366 5634 1535 5708 diuidi
1571 5634 1725 5708 totius
1768 5635 1945 5688 mundi
1967 5638 2183 5707 profun-

600 5704 741 5773 dum,
768 5718 873 5763 etc.
911 5708 1012 5761 Pro
1041 5704 1350 5776 profundunt
1373 5750 1386 5770 ,
1421 5722 1487 5762 co
1515 5704 1723 5759 facilius
1753 5708 2024 5772 po~tiimu<
2060 5704 2188 5775 pro-

597 5781 834 5905 gtndam,
858 5778 999 5847 quod
1024 5794 1145 5832 mox
1179 5786 1423 5832 recurrat
1441 5794 1543 5850 pax
1567 5776 1826 5845 profunda
1852 5779 2177 5834 subvertitur.

649 5864 732 5902 am
763 5847 1050 5905 spectabant
1075 5865 1182 5905 ora:
1208 5864 1265 5901 se
1294 5849 1398 5902 fert
1422 5849 1744 5905 archetvnus
1771 5864 1871 5901 ms.
1900 5847 2054 5904 Unde
2084 5851 2177 5905 iam

649 5864 732 5902 am
763 5847 1050 5919 spectabant
1075 5865 1182 5919 pra:
1208 5864 1265 5901 se
1294 5849 1398 5919 fe_rt
1422 5847 1744 5919 archetypus
1771 5864 1871 5913 ms.
1900 5847 2054 5904 Unde
2077 5851 2185 5917 iam

607 5920 767 5974 ticnsu
789 5915 1010 5987 integro
1043 5915 1288 5983 bubiltttr,
1319 5915 1557 5974 Eccfeaitr
1587 5915 1742 5974 tc'hts
1766 5919 1944 5973 Μηριόὶ
1974 5915 2187 5991 proftitia

2283 4794 2604 4858 aegrotantes
2649 4784 2701 4839 iu
2748 4782 3030 4838 itineribus
3074 4780 3460 4838 deserebamtts
3493 4792 3709 4852 propter
3759 4791 3866 4847 per-

2283 4872 2481 4951 paucos
2536 4877 2794 4932 scelestos
2845 4874 2974 4930 olim
3031 4874 3190 4945 digne
3243 4874 3569 4937 damnatos,
3619 4872 3851 4941 primitus

2291 4974 2557 5031 Ecclesiae
2610 4984 2800 5027 contra
2854 4969 2931 5025 fas
2966 4970 3363 5041 appetentes):
3408 4979 3670 5039 geretque
3710 4977 3865 5021 curata

2293 5136 2415 5189 dam
2479 5142 2823 5203 wternamque
2905 5147 3081 5203 pacem
3140 5129 3314 5203 dividi
3387 5128 3716 5195 spectabant.
3775 5134 3860 5181 etc.

2292 5203 2743 5331 Proxilnie‘Sirm.
2779 5218 2845 5259 ex
2868 5218 2970 5259 ms.
2996 5202 3232 5272 Remig.,
3259 5218 3349 5272 per
3377 5217 3526 5272 quos,
3560 5217 3664 5256 non
3689 5208 3863 5271 propter

2292 5295 2422 5331 ("£08
2468 5292 2550 5331 et“
2581 5318 2594 5331 .

2330 5295 2422 5334 uos
2448 5277 2594 5334 legit.

2292 5294 2606 5423 ﬂagitiis
2664 5346 2867 5423 audent
2909 5346 3111 5423 dicere
3137 5344 3204 5423 de
3248 5342 3625 5423 I’ltilippopofi.
3657 5341 3751 5423 sed
3794 5340 3860 5395 hic

2296 5415 2639 5490 impudenter
2667 5419 3055 5477 mentientibus
3082 5415 3216 5473 ﬁdes
3242 5415 3436 5473 merito
3463 5423 3684 5489 negetur
3703 5420 3749 5470 in
3775 5427 3859 5468 ca:-

2298 5496 2454 5548 teris.

2363 5564 2442 5635 (ιι)
2477 5565 2665 5629 Sirm.,
2691 5565 3028 5629 iuvenescunt
3066 5562 3222 5615 enim.
3255 5559 3398 5635 Pith.
3444 5575 3578 5635 t_ns_.,
3602 5559 3759 5635 iubere
3793 5552 3857 5607 vel

2281 5629 2468 5710 jubere
2494 5636 2736 5710 nesciunt
2748 5636 2934 5710 enim:
2961 5649 3026 5690 ex
3051 5649 3156 5710 quo
3186 5630 3422 5710 confecit
3442 5631 3620 5710 Faber
3640 5629 3849 5710 inhibere.

2291 5703 2398 5764 etc.
2435 5707 2580 5765 Satis
2612 5707 2933 5778 intelligitur
2980 5705 3110 5775 quid
3156 5706 3254 5759 sibi
3283 5706 3498 5778 velint,_
3524 5705 3624 5758 etsi
3646 5703 3850 5778 _verhunt

2290 5779 2465 5848 ipsum
2510 5795 2618 5850 quo
2655 5779 2739 5853 usi
2784 5764 2911 5833 sunt
2940 5764 3046 5853 non
3079 5787 3229 5853 certo
3266 5764 3589 5853 perspicias.
3618 5764 3849 5853 Αεζίιᾳςξθά

2290 5842 2487 5926 eorum
2512 5842 3524 5926 sententiain,perliitebuhtquicsccre,
3556 5859 3644 5904 aut
3671 5842 3855 5901 nam

2298 5936 2374 5990 se,
2406 5920 2489 5976 Vcl
2520 5920 2570 5976 se
2606 5920 2881 5976 continere.
