4062 6332
213 306 322 364 673

1111 320 1204 378 EX
1245 322 1475 382 OPERE
1515 327 1880 391 HISTORICO
1918 336 2397 402 FRAGMENTUM
2440 346 2526 403 ill.

3411 364 3520 423 674

205 425 270 477 ll”
297 425 445 479 ¹¹οῖεί⁵
478 425 782 499 inmerium.
815 440 976 505 alque
1001 437 1237 509 religiOSi
1281 442 1633 514 imperatores
1657 490 1671 511 ,
1703 450 1799 504 tri-
1826 460 1883 523 Α
1912 470 2032 511 mus
2056 459 2124 512 ab
2151 460 2233 524 iis,
2257 463 2345 531 qui
2372 465 2634 522 volebant
2662 467 2922 526 Ecclesize
2949 471 3228 530 catholicae
3260 483 3499 551 regulam

208 516 324 551 1...ιή
402 524 450 551 nl
491 518 653 551 ληηηι.
686 521 951 551 A:..:...:...-
1005 531 1261 551 ---μυξη
1327 535 1336 551 .
1487 538 1498 548 .

207 516 350 582 Iunii,
401 524 457 571 et
491 518 656 576 duces
685 521 955 583 dirissima
1003 531 1277 601 republica
1307 535 1374 590 de
1414 538 1793 610 episcoporum

206 610 310 664 vita
358 621 609 684 Statuque
657 630 1060 677 exercerentur.
1094 623 1201 680 Sed
1254 643 1354 684 nec
1395 632 1579 701 populi
1611 634 1795 690 silent.

202 703 385 759 Omnis
409 709 605 762 ctenim
640 707 951 768 fraternitas
979 718 1228 774 omnibus
1257 721 1311 776 in
1353 724 1645 793 provinciis
1668 742 1793 782 sus-

201 810 361 866 pensa
392 813 455 853 ac
502 801 733 858 sollicita
763 816 1043 876 exspectat
1065 810 1117 865 in
1144 827 1305 882 quem
1339 814 1499 871 linem
1532 816 1649 873 haec
1675 835 1793 874 ma-

202 888 373 945 lorum
425 894 662 962 procella
714 900 998 956 succedat:
1044 918 1343 978 cursusque
1389 909 1504 980 ipse
1547 913 1795 982 publicus

199 985 411 1039 attritus
437 985 500 1039 ad
535 987 764 1046 nihilum
800 991 1102 1052 deducitur.
1132 999 1198 1054 Et
1240 1002 1365 1071 quid
1390 1003 1669 1073 pluribus?
1694 1008 1795 1064 Or-

200 1087 283 1133 tus
315 1093 650 1153 occasusque
699 1088 885 1144 mondi
918 1099 1136 1162 propter
1174 1110 1339 1151 unum
1373 1098 1458 1154 vel
1500 1102 1634 1156 duos
1661 1116 1795 1171 pau-

195 1185 397 1243 cosque
422 1175 721 1234 sceleratos
752 1180 918 1252 impie
943 1185 1241 1243 sentientes
1263 1200 1316 1243 et
1345 1191 1575 1262 turpiter
1607 1196 1796 1260 viven-

199 1270 277 1319 tes
328 1263 572 1323 funditus
601 1273 854 1341 vertitur,
903 1286 957 1329 et
1001 1276 1135 1333 dura
1180 1295 1436 1354 saevaque
1475 1293 1796 1354 tempestate

198 1357 466 1427 turbatur,
520 1362 574 1417 in
599 1364 792 1431 quibus
833 1368 976 1424 nulla
1037 1372 1311 1442 religionis
1342 1377 1547 1433 semina
1578 1382 1799 1439 resede-

205 1458 368 1504 runt:
393 1466 512 1522 quae
540 1455 584 1508 si
622 1454 957 1525 halmisscnt,
1001 1461 1343 1522 imitarentur
1365 1470 1681 1541 prophetam
1712 1476 1796 1530 di-

194 1551 441 1599 centem:
471 1544 679 1613 Tollite,
704 1560 752 1605 et
772 1553 956 1608 mittite
1004 1572 1083 1611 me
1110 1557 1162 1610 in
1191 1575 1349 1625 mare,
1380 1572 1427 1616 et
1446 1565 1796 1638 tranquillabit

193 1640 564 1709 mareavobis,
612 1645 820 1715 quando
857 1645 966 1702 haec
993 1660 1262 1720 tempestas
1311 1668 1521 1729 prapter
1549 1676 1628 1714 me
1652 1665 1796 1733 facta

192 1741 263 1786 est
290 1731 467 1806 (Jama
512 1752 550 1802 l,
603 1737 712 1810 12),.
746 1739 852 1796 Sed
900 1744 1021 1800 ideo
1053 1744 1166 1802 haec
1197 1764 1301 1805 non
1337 1731 1793 1828 imitantur,quia

196 1841 293 1882 nec
338 1828 514 1898 justos
554 1844 887 1901 sequuntur:
917 1838 993 1893 ita
1035 1850 1213 1897 autem
1255 1845 1644 1904 sceleratorum
1674 1867 1791 1907 om-
1826 1871 1875 1932 Β

192 1921 338 1977 nium
391 1924 558 1981 duces
609 1939 857 1999 quaerunt
900 1931 1159 1991 Ecclesiae
1214 1939 1600 2012 principatum,
1633 1948 1786 2016 quasi

191 2015 408 2087 aliquod
441 2020 738 2089 tyrannidis
770 2038 1017 2094 regnum.

259 2107 356 2164 26.
385 2108 596 2165 Iudicia
625 2115 940 2185 synodorum
964 2136 1067 2175 non
1094 2126 1441 2180 retractanda.
1464 2157 1533 2167 -—
1554 2128 1663 2185 Nec
1693 2129 1798 2189 hoc

192 2211 415 2272 propter
440 2203 639 2261 bonum
668 2223 882 2279 quoque
906 2212 1136 2282 justitiae
1167 2216 1466 2288 inquirunt.
1498 2221 1613 2278 Non
1648 2227 1794 2282 enim

193 2293 458 2352 Ecclesiis
501 2301 810 2369 consulunt,
867 2306 957 2376 qui
991 2305 1135 2377 leges
1163 2308 1399 2382 juraque
1440 2314 1644 2383 divina,
1694 2317 1794 2391 (et)

202 2398 526 2448 exterarum
558 2394 775 2451 decreta
801 2397 1100 2456 dissolvere
1125 2415 1502 2473 perconantur.
1532 2409 1791 2483 Propter-

191 2498 252 2538 ea
283 2486 427 2541 hanc
471 2487 764 2545 novitatem
798 2492 1163 2551 moliebantur
1190 2495 1469 2568 inducere,
1493 2517 1650 2573 quam
1672 2504 1794 2561 hor-

190 2586 283 2643 ret.
303 2589 462 2635 vetus
501 2583 838 2639 consuetudo
870 2585 1149 2655 Ecclesiae,
1174 2605 1233 2645 ut
1266 2592 1318 2647 in
1348 2597 1581 2653 concilio
1601 2597 1794 2656 Orien-

194 2670 332 2726 tales
360 2671 599 2744 episeopi
628 2676 888 2747 quidquid
927 2681 1063 2736 forte
1109 2685 1444 2755 statuissent,
1488 2690 1555 2745 ab
1582 2693 1795 2761 episco-

192 2768 272 2836 pis
322 2765 765 2827 Occidentalibus
813 2772 1193 2843 refricaretur;
1240 2780 1490 2839 similiter
1532 2785 1794 2859 quidquid

189 2855 621 2915 Occidentalium
658 2863 823 2936 662
863 2868 1090 2935 partium
1135 2873 1396 2945 episcopi,
1455 2876 1522 2933 ab
1549 2855 1795 2936 Orienta-

187 2950 331 3006 libus
363 2954 680 3010 solveretur.
711 2956 819 3012 Sed
848 2959 947 3014 hoc
977 2978 1041 3016 ex
1074 2962 1165 3017 illo
1193 2980 1291 3020 suo
1324 2969 1649 3037 pravissimo
1670 2988 1794 3030 sen-

187 3058 247 3099 su
280 3045 611 3101 tractabant.
641 3047 837 3105 Verum
865 3055 1105 3110 omnium
1133 3059 1641 3134 conciliorumjuste
1666 3067 1796 3138 legi-

188 3135 429 3208 timeque
459 3151 700 3197 actorum
745 3143 959 3200 decreta
1008 3148 1268 3206 firmanda
1303 3194 1319 3220 ,
1366 3156 1629 3225 majorum
1660 3175 1791 3216 nos-

183 3236 397 3285 trorum
421 3241 567 3303 gesta
593 3236 934 3306 consignant.
969 3239 1100 3295 Nam
1130 3242 1183 3297 in
1215 3245 1348 3301 urbe
1376 3246 1547 3304 Roma
1577 3250 1652 3324 (a)
1686 3254 1788 3308 sub
1817 3265 1862 3331 ρ
1894 3278 2016 3319 cum

181 3322 397 3381 Novato
449 3334 506 3382 et
543 3326 780 3384 Sabellio
828 3340 882 3386 et
931 3331 1220 3392 Valentino
1267 3338 1536 3398 lncreticis
1587 3322 1787 3401 factum

181 3418 502 3487 concilium,
543 3420 612 3476 ab
658 3421 1023 3481 Orientalibus
1078 3429 1453 3488 eonlirmatmn
1513 3445 1596 3491 est
1649 3454 1662 3492 :
1732 3448 1789 3495 et

181 3510 384 3569 iterum
432 3513 485 3567 in
556 3512 778 3570 Oriente
815 3517 917 3572 sub
964 3518 1129 3575 Paulo
1169 3518 1244 3595 (ὁ)
1295 3524 1591 3583 Samosatis
1645 3531 1788 3602 quod

180 3617 444 3665 statutum
494 3621 598 3679 est,
647 3615 716 3669 ab
763 3617 1018 3674 omnibus
1047 3626 1147 3675 est'
1177 3623 1467 3693 signatum.
1501 3624 1783 3698 Ohsquam

181 3717 295 3757 rem
326 3705 612 3759 hortamur
653 3721 770 3775 vos,
802 3707 1141 3767 dilectissimi
1168 3712 1408 3784 Fratres,
1442 3719 1789 3776 consideran-

180 3805 259 3850 tes
314 3797 570 3852 ordinem
602 3799 981 3871 ecclesiastica:
1026 3805 1348 3878 disciplinae,
1388 3820 1442 3865 et
1473 3814 1590 3881 paci
1622 3814 1785 3869 totius

181 3892 332 3947 orbis
352 3892 721 3961 consulentes,
746 3896 1056 3968 corripiatis
1086 3916 1183 3955 eos
1210 3902 1303 3973 qui
1330 3904 1609 3963 sceleratis
1637 3923 1786 3963 com-

180 3986 484 4053 municant,
513 3996 569 4043 et
595 3989 773 4046 malos
792 3990 862 4047 de
889 3993 1135 4049 ecclesiis
1175 3996 1431 4054 radicitus
1460 4000 1781 4071 amputatis:

179 4088 235 4136 ut
266 4087 592 4151 tempestate
632 4090 821 4138 ruente
852 4084 1093 4155 ipsorum
1122 4102 1307 4157 causa,
1342 4091 1595 4149 innatans
1626 4093 1782 4151 Chri-

177 4185 294 4235 stus
330 4181 591 4240 Dominus
631 4186 882 4243 omnibus
913 4188 1143 4260 imperet
1193 4193 1368 4247 ventis
1421 4193 1781 4267 procclfisque

177 4276 467 4332 maritimis
496 4278 800 4350 discedere,
823 4292 880 4339 et
921 4285 1119 4340 tribuat
1144 4285 1403 4343 Ecclesiae
1444 4300 1644 4345 sanctae
1676 4306 1775 4362 pa-

176 4381 293 4424 cem
324 4381 638 4439 perpetuam
662 4384 716 4430 et
740 4377 996 4450 quietam.

243 4460 343 4517 27.
386 4460 687 4537 Prwcipuos
717 4483 780 4524 ex
805 4468 1224 4527 Occidentalibus
1246 4474 1531 4531 damnant:
1561 4494 1677 4535 cur.
1707 4512 1777 4520 —

174 4556 285 4616 Nos
317 4576 450 4618 vero
489 4564 617 4619 nulli
647 4565 893 4636 injuriam
938 4568 1185 4638 facimus,
1208 4570 1302 4627 sed
1340 4572 1473 4642 legis
1502 4587 1777 4648 praecepta

1901 564 1994 603 sua
2038 554 2302 621 pravitate
2342 559 2578 615 turbare.
2622 561 2727 618 Sed
2753 574 2879 621 ante
2918 567 3102 623 oculos
3144 569 3405 631 habentes
3433 577 3500 632 ti-

1900 656 2108 698 morem
2144 645 2254 713 Dei,
2302 649 2565 728 judicium
2610 650 2812 711 Christi
2842 671 3025 714 verum
3056 669 3111 716 et
3128 663 3333 730 justum
3361 680 3498 722 con-

1898 735 2222 803 Sideranles,
2259 743 2459 799 nullius
2491 760 2776 815 personam
2824 754 3155 823 accepimus,
3182 773 3357 830 neque
3394 760 3498 818 ali-

1898 830 1987 885 cui
2034 836 2397 905 pepercimus,
2425 854 2532 909 quo
2578 841 2753 900 minus
2796 847 3221 907 ecclesiasticam
3252 853 3495 928 discipli«

1899 937 2021 977 nam
2047 941 2408 985 servaremus.
2443 931 2806 993 Unde-Iulium
2839 941 2987 997 urbis
3008 941 3217 1013 Romae,
3253 946 3489 1021 Ossium,

1899 1026 1955 1072 et
1975 1016 2358 1091 Protogenem,
2391 1035 2445 1080 et
2471 1026 2851 1096 Gaudentium,
2878 1043 2932 1090 et
2953 1035 3295 1096 Maximinum
3328 1059 3356 1098 a
3376 1016 3498 1100 Tri;

1902 1110 2047 1164 veris
2075 1112 2354 1171 damnavit
2382 1131 2546 1175 omne
2575 1123 2864 1181 concilium
2907 1131 3201 1187 secundum
3225 1136 3495 1208 antiquis-

1898 1203 2088 1260 simam
2122 1206 2313 1281 legem,
2350 1224 2405 1267 ut
2442 1224 2694 1274 auctores
2740 1226 3138 1282 communionis
3163 1228 3404 1289 Marcelli
3442 1244 3496 1291 et

1899 1300 2183 1359 Athanasii
2213 1318 2645 1385 ca:terorumque
2674 1317 3082 1391 sceleratorum,
3115 1328 3312 1398 quique
3331 1334 3494 1388 etiam

1898 1391 2204 1454 homicidiis
2237 1400 2383 1457 Pauli
2410 1401 2992 1483 Coristantinopolitani
3014 1426 3070 1474 et
3094 1391 3332 1479 cruentis
3360 1428 3497 1482 acti-

1899 1488 1998 1544 bus
2019 1489 2138 1561 ejus
2153 1498 2707 1557 communicaverunt.
2735 1505 3090 1580 Pmtogenem
3117 1529 3347 1587 namque
3369 1534 3492 1578 esse

1898 1581 2410 1645 anathematizatqu
2459 1608 2562 1647 una
2603 1611 2723 1650 cum
2773 1597 3049 1672 Marcello,
3101 1607 3496 1671 subscribendo

1900 1673 2214 1747 frequenter
2245 1685 2526 1740 sententiae
2552 1686 2606 1742 in
2637 1689 2808 1759 ipsum
2840 1695 2922 1748 vel
2964 1695 3020 1752 in
3047 1698 3166 1768 ejus
3192 1702 3389 1761 librum
3414 1706 3497 1763 in-

1903 1769 2059 1837 latae;
2088 1774 2286 1845 quique
2308 1779 2467 1834 etiam
2493 1780 2543 1834 in
2568 1781 2807 1839 Paulum.
2835 1786 3492 1865 Constantinopolitanum

1901 1866 2224 1922 sententiam
2283 1868 2566 1942 dederunt,
2616 1877 2771 1933 etilli
2820 1890 3008 1949 postea
3054 1893 3493 1951 communicave~

1901 1965 2044 2011 runt.
2081 1957 2437 2019 Gaudentium
2461 1977 2664 2035 autem,
2696 1981 2753 2027 ut
2778 1973 3154 2036 immemorem
3186 1984 3494 2044 decessoris

1899 2051 1981 2104 sui
2010 2049 2222 2123 Cyriaci
2268 2056 2661 2117 subscribentis
2688 2070 2974 2124 sententiis
3006 2073 3055 2127 in
3081 2067 3378 2134 Sceleratos
3399 2078 3491 2135 'di-

1896 2155 2002 2211 gne
2036 2143 2238 2209 inlatis,
2293 2153 2753 2227 commixtumque
2793 2161 3109 2222 criminibus
3130 2167 3300 2235 Pauli,
3327 2187 3491 2242 quem

1898 2234 2061 2290 etiam
2095 2237 2435 2309 impudenter
2457 2245 2798 2307 defendebat.
2819 2252 3018 2311 .lulium
3044 2274 3174 2316 vero
3206 2234 3359 2320 urbis
3383 2265 3491 2321 Ro-

1898 2342 2021 2393 une,
2069 2339 2127 2386 ut
2168 2333 2465 2406 principem
2507 2348 2561 2396 et
2594 2342 2786 2400 ducem
2845 2349 3129 2417 malorum,
3160 2357 3248 2425 qui
3278 2358 3486 2428 primus

1892 2416 2114 2487 januam
2144 2420 2538 2487 communionis
2578 2436 2857 2516 sceleratis
2878 2454 3041 2513 atque
3064 2445 3332 2507 damnatis
3357 2468 3486 2523 ape-

1897 2512 2021 2580 ruit,
2056 2518 2375 2590 caetcrisque
2404 2522 2607 2580 aditum
2640 2526 2769 2585 fecit
2800 2512 2867 2588 ad
2895 2536 3156 2595 solvenda
3181 2541 3305 2612 jura
3331 2512 3473 2600 divi-

1897 2622 2003 2662 na:
2052 2608 2482 2687 defendebatque
2522 2620 2872 2682 Athanasium
2915 2644 3308 2700 praesumenter
3326 2650 3490 2708 atque

1895 2700 2174 2771 audacter,
2228 2706 2500 2765 hominem
2544 2714 2697 2786 cujus
2751 2734 2851 2774 nec
2904 2727 3069 2778 testes
3098 2739 3343 2796 noverat,
3390 2746 3491 2787 nec

1895 2807 2260 2854 accusatores.
2314 2801 2419 2859 Sed
2462 2805 2676 2864 Ossium
2707 2826 2931 2883 prapter
2970 2821 3335 2889 supradictam
3363 2839 3493 2881 cau-

1895 2904 2033 2958 sam,
2068 2895 2300 2968 et663
2333 2910 2554 2971 propter
2576 2902 2896 2965 beatissima:
2920 2915 3195 2971 memoria:
3228 2917 3487 2987 Marcum,

1894 2986 1981 3040 cui
2018 3001 2212 3056 graves
2260 3005 2479 3062 semper
2533 2995 2756 3067 injurias
2780 3000 3086 3074 inrogavit:
3127 3008 3222 3063 sed
3268 2986 3485 3081 etquod

1896 3078 2064 3135 malos
2094 3096 2281 3138 omnes
2311 3100 2407 3154 pro
2427 3087 2743 3147 criminibus
2767 3095 2879 3151 suis
2906 3096 3068 3169 digne
3090 3099 3376 3160 damnatos
3409 3116 3491 3162 to—

1895 3172 1966 3227 tis
1992 3174 2197 3230 viribus
2221 3177 2564 3248 defendebat,
2600 3196 2653 3240 et
2675 3187 2819 3258 quod
2846 3193 3150 3250 convixerit
3177 3194 3231 3251 in
3262 3198 3487 3257 Oriente

2061 3270 2336 3325 sceleratis
2365 3288 2426 3327 ac
2446 3276 2686 3343 perditis.
2723 3280 2973 3351 Turpiter
2994 3301 3225 3358 namque
3256 3289 3483 3347 Paulino

1891 3358 2161 3429 quondam
2203 3361 2653 3436 episcopoDaciae
2685 3372 2992 3431 individuus
3016 3380 3223 3437 amicus
3244 3381 3366 3450 fuit,
3392 3383 3490 3441 ho-

1891 3454 2027 3510 mini
2059 3457 2147 3525 qui
2182 3460 2354 3527 primo
2393 3461 2462 3517 de
2493 3466 2775 3525 maleﬁciis
2800 3468 2962 3526 fuerit
3004 3486 3288 3532 accusatus
3333 3478 3486 3537 etde

1892 3546 2131 3604 Ecclesia
2183 3553 2390 3621 pulsus,
2432 3572 2606 3627 usque
2635 3559 2684 3614 in
2711 3560 3029 3619 hodiernum
3067 3566 3208 3623 diem
3254 3571 3306 3624 in
3346 3585 3480 3642 apo-

1889 3643 2052 3696 stasia
2105 3659 2425 3714 permanens
2449 3664 2569 3706 cum
2621 3657 2934 3712 concubinis
2979 3659 3196 3729 publice
3222 3673 3274 3718 et
3306 3679 3486 3722 mere-

1891 3734 2114 3790 tricibus
2142 3736 2460 3809 iornicetnr,
2505 3744 2658 3814 cujus
2685 3747 3070 3806 maleficiorum
3114 3753 3283 3811 libros
3306 3755 3485 3814 Mace-

1888 3822 2084 3882 donius
2127 3829 2413 3901 episeopus
2471 3845 2634 3904 atque
2682 3842 2963 3896 confessor
3013 3858 3043 3896 a
3099 3844 3286 3915 Mopso
3330 3862 3485 3904 com-

1891 3914 2083 3973 bussit.
2138 3918 2244 3976 Sed
2299 3934 2352 3978 et
2402 3922 2475 3995 (c)
2545 3926 2795 3984 Eustasio
2847 3941 2901 3986 et
2946 3914 3216 4000 Qnimatio
3294 3937 3481 3996 adhae-

1887 4013 2041 4068 rebat
2099 4016 2332 4084 pessime
2371 4027 2426 4074 et
2469 4034 2629 4076 carus
2682 4021 2803 4089 fuit,
2856 4024 2925 4081 de
2970 4044 3198 4098 quormn
3225 4031 3352 4087 vita:
3396 4033 3484 4089 in-

1886 4106 2047 4162 famia
2081 4110 2221 4178 turpi
2248 4110 2538 4167 dicendum
2567 4113 2702 4169 nihil
2730 4126 2848 4172 est:
2881 4120 3065 4176 exitus
3091 4124 3236 4178 enim
3269 4124 3484 4182 illorum

1884 4214 1980 4254 eos
2026 4202 2272 4258 omnibus
2301 4201 2618 4262 declaravit.
2651 4208 2744 4263 llis
2771 4210 2950 4281 itaque
2994 4229 3058 4269 ac
3105 4216 3485 4287 talibusjunc-

1886 4303 1970 4349 tus
1998 4295 2067 4349 ab
2114 4296 2267 4352 initio
2296 4297 2508 4367 Ossins,
2534 4301 2814 4361 sceleratis
2844 4321 3060 4375 semper
3097 4309 3284 4367 favens
3305 4355 3320 4381 ,
3348 4328 3483 4370 con-

1886 4396 1963 4442 tra
1984 4385 2282 4445 Ecclesiam
2311 4393 2581 4462 veniebat,
2605 4405 2661 4452 et
2686 4398 2918 4455 inimicis
2942 4401 3034 4457 Dei
3049 4417 3265 4475 semper
3281 4407 3486 4465 ferebat

1882 4482 2161 4538 auxilium.
2184 4484 2528 4543 Maximinum
2557 4505 2687 4547 vero
2726 4507 2752 4546 a
2779 4493 3046 4563 Triveris,
3077 4509 3296 4570 propter
3335 4506 3482 4575 quod

1883 4576 2118 4649 collegas
2157 4590 2370 4637 nostros
2399 4582 2479 4656 (ά)
2527 4586 2836 4656 episc0pos,
2866 4605 3000 4660 quos
3049 4591 3114 4646 ad
3150 4592 3355 4654 Gallias
3378 4597 3483 4653 mi-

175 4672 484 4716 servamus.
512 4661 644 4719 Nam
669 4664 906 4737 injuriati
928 4670 1168 4740 graviter
1188 4680 1243 4728 et
1281 4673 1423 4730 male
1452 4676 1664 4731 tractati
1690 4691 1774 4730 su-
1806 4668 1861 4730 D
1884 4688 2149 4744 seramus,
2180 4675 2416 4732 noluerit
2443 4677 2738 4751 suscipere,
2767 4686 3095 4754 etquoniam
3126 4688 3295 4748 Paulo
3341 4691 3486 4750 Gon-

248 4824 324 4896 (a)
371 4823 482 4904 Hoc
526 4826 700 4897 ipsum
743 4839 1199 4904 nunc_repetnnt,
1229 4833 1370 4904 quod
1398 4832 1505 4904 iam
1546 4851 1635 4890 an.
1666 4835 1767 4893 541

176 4898 460 4975 conquesti
484 4912 660 4975 erant,
683 4916 803 4956 cum
825 4898 1043 4975 indigne
1074 4898 1310 4961 ferentes
1333 4898 1477 4975 quod
1502 4906 1678 4963 Julius
1705 4912 1772 4963 ah

176 4967 546 5025 Orientalibus
567 4973 845 5040 depositas
890 4967 1004 5029 sedi
1051 4991 1162 5031 sua:
1204 4967 1550 5064 restituisset,
1583 4984 1773 5064 [ξηρο-

178 5039 313 5064 λι.ἰ...
370 5056 395 5064 Α
437 5046 672 5064 -.η-.---Αιξ
733 5047 988 5064 ..--.νμξ,---
1108 5057 1119 5064 .

174 5039 316 5096 cinia:
358 5039 683 5122 congregati
730 5047 1147 5122 rescripserunt,
1200 5065 1305 5103 non
1336 5039 1548 5122 debcre'
1575 5052 1638 5105 ab
1660 5052 1772 5122 ipso

175 5111 389 5179 discuti,
438 5117 485 5168 si
513 5131 637 5183 quos
667 5116 766 5183 ipsi
812 5111 1038 5193 ecclesiis
1065 5111 1171 5173 suis
1194 5120 1445 5193 expellere
1474 5111 1770 5189 voluissent,

173 5199 337 5251 neque
366 5185 499 5238 enim
526 5202 578 5240 se
606 5187 979 5242 contradixisse
1024 5200 1162 5256 tunc,
1191 5185 1304 5246 cuin
1336 5190 1569 5247 Novatus
1594 5194 1773 5248 Eccle—

173 5254 254 5308 sia
277 5255 474 5329 ejectus
503 5267 597 5311 est.
626 5256 737 5312 Nisi
778 5259 921 5329 quod
970 5254 1294 5328 Antiochia),
1323 5275 1379 5317 ut
1411 5281 1553 5319 nunc
1579 5280 1641 5320 ex
1674 5269 1774 5321 So-

174 5339 327 5382 crate
357 5327 680 5401 audivimus,
710 5327 808 5385 lib;
831 5347 968 5401 tt,c.
996 5332 1084 5398 15,
1108 5344 1161 5387 et
1183 5327 1530 5390 conﬁrmatur
1549 5352 1576 5389 a
1607 5337 1775 5392 Sozo-

179 5412 347 5452 meno
380 5398 475 5453 lib.
503 5416 582 5465 in,
610 5417 661 5456 c.
687 5401 744 5478 8_,
765 5403 878 5457 Sola
897 5400 1082 5478 eontra
1102 5404 1365 5478 Novatum
1384 5415 1532 5478 gesta
1568 5425 1775 5465 memo-

175 5479 303 5544 rant
328 5487 341 5522 :
367 5471 453 5526 cui
486 5488 628 5526 nunc
658 5472 959 5544 adiungunt
990 5474 1286 5531 Sabellium
1311 5493 1373 5532 ac
1388 5471 1763 5537 Valentinum.

176 5537 427 5597 Romano
463 5551 641 5598 autem
695 5537 930 5601 concilio
978 5545 1241 5602 Novatum
1293 5550 1601 5605 damnatum
1648 5568 1771 5609 esse

174 5622 385 5686 constat
413 5629 476 5669 ex
502 5615 756 5682 Eusebio,
791 5618 884 5671 lib.
920 5618 1153 5686 v1Hist.,
1179 5636 1229 5675 c.
1259 5622 1349 5675 44.
1383 5626 1460 5677 An
1496 5625 1546 5677 in
1578 5624 1766 5679 eadem

174 5683 394 5760 civitate
441 5686 764 5760 specialibus
795 5691 1016 5760 synodis
1052 5683 1251 5760 pariter
1281 5693 1515 5748 damnati
1544 5696 1649 5750 sint
1678 5696 1773 5753 Sa-

176 5753 370 5812 bellius
393 5772 455 5813 ac
478 5753 984 5829 Valentinusjnullo
1003 5753 1113 5817 alio
1141 5773 1386 5821 veterum
1418 5779 1771 5825 monumento

173 5838 330 5883 CCI‘IO
356 5838 579 5886 SCimllS.

1958 4835 2056 4913 (b)__
2078 4835 2217 4913 Editi
2246 4851 2312 4913 ac
2336 4852 2437 4893 ms.
2462 4837 2631 4909 Pith.,
2656 4841 2859 4898 Asonus
2880 4846 2972 4900 ait.
3004 4847 3192 4908 Melius
3221 4851 3384 4910 Sirm.
3417 4871 3485 4913 ex

1884 4922 1987 4963 ms.
2022 4907 2234 4979 Remig.
2273 4908 2585 4966 Samosatis.

1956 4980 2027 5063 _(cj
2152 4980 2468 5067 Eustathius
2515 4984 2887 5067 Antiochenns
2929 4989 3017 5047 hic
3044 4992 3394 5067 intelligatur,
3430 4998 3481 5055 ci

1880 5053 2147 5126 Opinioiii,
2175 5068 2278 5126 qua
2314 5053 2530 5109 illumet
2551 5069 2676 5113 ante
2699 5058 3021 5119 Sardicense
3042 5053 3328 5123 concilium
3351 5053 3403 5125 e't
3426 5053 3479 5126 in

1881 5123 2072 5177 exsilio
2100 5123 2299 5210 obii‘sse
2325 5136 2532 5210 putant,
2558 5127 2695 5210 hinc
2730 5133 2908 5210 robur
2952 5138 3194 5193 accedet.
3221 5123 3479 5210 Tum‘pro

1885 5193 2187 5279 Quintatio,‘
2208 5195 2499 5279 legendum
2522 5193 2525 5194 ν
2552 5198 2794 5279 Claudio.
2827 5204 2967 5279 Duos
2998 5218 3174 5265 autem
3198 5193 3477 5279 Cimatiros',

1879 5265 2254 5341 unumAPalti,
2301 5266 2532 5324 altermn
2579 5271 2801 5336 Tarudi.
2830 5276 3161 5336 Athanasius
3206 5265 3271 5337 ad
3319 5265 3477 5341 solvit:

1879 5351 2001 5412 pag.
2054 5337 2177 5412 812Δ
2204 5349 2469 5412 memorat
2509 5343 2560 5397 in
2586 5345 2832 5401 exsilium
2860 5348 2928 5403 ab
2966 5337 3477 5412 Arianisdetrusos.

1875 5406 2062 5479 Neque
2091 5408 2307 5483 dubium
2341 5421 2447 5475 est,
2493 5415 2656 5470 alium
2701 5417 2787 5472 hic
2828 5434 2855 5472 a
2897 5416 3129 5476 Ciniatio
3173 5406 3482 5483 Paltidesi;

1875 5483 2058 5555 gnari;
2111 5482 2310 5555 quippe
2357 5499 2514 5554 quem
2564 5503 2627 5542 ex
2671 5490 2864 5544 eodem
2911 5489 3209 5550 Athanasio
3261 5497 3327 5553 ad
3366 5482 3481 5555 An-

1878 5554 2381 5628 tioeli.,_pag.575,
2430 5568 2551 5627 post
2572 5560 2865 5617 concilium
2898 5565 3318 5624 Alexandrinum
3352 5554 3480 5628 anni

1879 5623 1988 5679 562
2019 5623 2195 5680 adhuc
2226 5626 2277 5679 in
2335 5623 2471 5681 vivis
2502 5631 2776 5687 exstitisse
2806 5634 3149 5693 manifestum
3176 5648 3279 5695 est.

1952 5695 2034 5769 (ά)
2074 5697 2385 5778 Narcissum
2412 5700 2558 5767 scil.,
2588 5701 2802 5768 Marim,
2857 5705 3225 5778 Theodorum,
3254 5724 3306 5767 et
3340 5714 3482 5771 Mar-

1879 5783 2230 5845 eunt,_qoos,_
2248 5770 2459 5845 alguot
2481 5789 2696 5845 menses
2742 5785 2865 5845 post
2906 5781 3193 5838 concilium
3212 5770 3475 5843 'Antiocb.

1878 5857 1966 5896 an.
2020 5839 2148 5912 541,
2183 5841 2251 5895 ab
2302 5842 2621 5903 Eusebianis
2655 5839 3124 5912 ad'Constantem
3177 5839 3233 5912 in
3262 5839 3482 5921 Gallias
