4062 6332
592 335 702 393 675

1801 327 2047 401 SANCTI
2087 324 2342 402 HtLAitll
2384 330 2691 404 Episcopi

3794 353 3899 410 6'6

595 452 885 522 stantinop.
909 451 1114 510 nefario
1139 452 1343 510 homini
1368 467 1430 509 ac
1444 452 1651 525 perdito
1673 456 1876 525 primus
1908 458 2022 527 ipse
2043 460 2190 514 com-
2216 454 2272 521 Α
2296 457 2414 522 bus,
2461 472 2555 529 per
2575 472 2736 530 quem
2789 457 3194 515 sanctiﬁcanlur
3234 459 3427 514 anima:
3475 459 3528 515 in
3561 459 3735 531 ipsum
3767 463 3900 518 lide-

593 545 908 611 iuuuicavit,
947 545 1167 615 etquod
1199 548 1311 616 ipse
1356 556 1520 602 tanta:
1571 546 1738 603 eladis
1773 562 1931 603 causa
1985 548 2101 614 fuit,
2135 557 2195 603 ut

595 638 796 693 Paulus
844 638 910 692 ad
956 639 1479 711 Constantinopolim
1525 641 1795 697 civitatem
1822 651 2191 709 revocaretur,

593 742 813 801 prepter
837 730 979 801 quod
1010 731 1295 787 homicidia
1341 732 1511 788 multa
1543 732 1680 789 facta
1710 739 1867 795 sunt.
1887 734 2062 789 Causa
2095 734 2196 806 igi-

596 834 683 880 tur
732 824 1144 882 bomicidiorum
1199 836 1471 882 tantorum
1514 827 1631 898 ipse
1675 826 1796 894 fuit,
1836 827 1930 899 qui
1969 827 2192 884 Paulum

592 919 721 976 olim
772 919 1082 976 damnatum
1113 921 1180 975 ad
1206 919 1733 993 Constantinopolim
1764 923 2061 980 revocavit.

663 1012 754 1068 28.
798 1014 1027 1080 Pr0pter
1066 1013 1163 1068 has
1193 1014 1354 1086 igitur
1383 1028 1575 1071 causas
1588 1017 1791 1085 justum
1831 1015 1985 1072 duxit
2012 1014 2195 1073 conci-

593 1105 747 1173 litim,
771 1105 1050 1161 utJulium
1084 1107 1232 1162 urbis
1273 1107 1476 1171 Romae,
1506 1118 1561 1163 et
1587 1100 1821 1175 Ossium,
1858 1119 2193 1180 crateresque

592 1214 755 1268 supra
808 1208 1137 1255 memoratos
1158 1200 1486 1271 discingeret
1526 1210 1691 1273 atque
1728 1202 2031 1258 damnaret.
2060 1201 2193 1269 Qum

592 1309 717 1349 cum
738 1294 806 1350 ita
833 1295 962 1363 sint,
989 1296 1266 1352 custodire
1295 1311 1392 1351 vos
1413 1296 1479 1353 ab
1502 1298 1633 1366 ipsis
1656 1306 1710 1353 et
1737 1298 2010 1354 abstinere
2026 1298 2191 1354 debe-

593 1388 681 1455 tis,
731 1387 1067 1444 dilectissimi
1094 1388 1333 1457 Fratres,
1369 1404 1466 1446 uec
1494 1405 1591 1445 eos
1620 1390 1910 1461 aliquando
1941 1389 2007 1446 ad
2042 1404 2193 1446 como

593 1480 906 1537 munionem
948 1493 1183 1538 vestram
1211 1482 1529 1538 admittere:
1563 1482 1658 1539 sed
1706 1499 1807 1540 nec
1835 1484 2071 1555 ipsorum
2100 1484 2189 1538 lit-

594 1575 1030 1643 terasaccipcre,
1082 1590 1183 1633 nec
1213 1575 1279 1631 ad
1311 1577 1431 1632 illos
1462 1577 1672 1633 litteras
1698 1577 2001 1633 dominicas
2035 1579 2188 1634 dare.

594 1664 660 1720 Et
688 1666 943 1736 quoniam
965 1666 1291 1723 catholicam
1350 1680 1403 1724 et
1432 1670 1787 1741 apostolicam
1813 1670 1977 1726 ﬁdem
2004 1671 2191 1726 volue-

593 1768 720 1815 ruut
743 1757 1037 1831 infringere
1061 1760 1095 1814 ii
1116 1762 1206 1832 qui
1232 1776 1352 1816 cum
1374 1762 1533 1817 Ossio
1558 1770 1736 1820 erant.
1764 1763 2195 1834 indut'entesque

2294 550 2418 605 liter
2445 550 2752 606 credentes.
2785 548 2883 624 [(b)
2916 549 3201 606 Credimus
3251 559 3307 606 et
3336 552 3385 605 in
3418 559 3664 607 sanctam
3714 554 3902 611 Eccle-

2293 643 2450 709 siam,
2485 644 2537 698 in
2586 643 2956 700 remissionem
3008 654 3374 714 peccatorum,
3414 644 3468 699 in
3499 646 3685 701 carnis
3711 661 3895 702 resur-

2294 737 2623 804 rectionem,
2649 737 2701 793 iu
2730 737 2895 793 vitam
2926 735 3235 808 aeternam]
3263 736 3391 792 Illos
3419 752 3546 792 vero
3575 739 3668 809 qui
3690 738 3894 806 dicunt,

2295 831 2375 886 Ex
2402 828 2453 884 id
2501 828 2646 901 quod
2678 843 2783 884 non
2831 828 2932 885 fuit
2962 829 3102 884 ﬁlius
3153 829 3248 884 Del
3293 828 3380 898 (ex
3405 842 3509 884 non
3553 829 3901 887 exstantibus

2294 935 2416 978 esse
2439 920 2633 976 Filium
2691 920 2832 993 Dei),
2862 929 2954 976 aut
2985 936 3049 976 ex
3092 920 3193 975 alia
3227 919 3551 989 substantia,
3581 926 3637 976 et
3680 936 3790 977 non
3831 937 3900 978 ex

2298 1018 2442 1083 Deo;
2468 1027 2559 1072 aut
2586 1018 2675 1088 qui
2705 1016 2915 1083 dicunt,
2936 1015 3100 1071 fuisse
3127 1014 3420 1086 aliquando
3450 1023 3665 1088 tempus
3688 1015 3772 1072 vel
3800 1029 3898 1071 sre-

2294 1109 2475 1165 culum
2547 1108 2764 1181 quando
2812 1123 2917 1164 non
2977 1107 3078 1163 fuit
3121 1106 3293 1172 ﬁlius.
3347 1106 3637 1164 haereticos
3681 1106 3901 1163 damnat

2295 1210 2481 1257 sancta
2524 1209 2580 1257 et
2616 1199 2884 1258 catholica
2918 1200 3181 1256 Ecclesia.
3229 1198 3494 1256 Similiter
3522 1208 3578 1256 et
3624 1198 3771 1269 illos,
3800 1203 3893 1272 qui

2293 1294 2481 1349 dicunt
2511 1304 2619 1350 tres
2639 1308 2762 1351 esse
2791 1293 2924 1350 deos
2949 1310 2964 1361 ;
3000 1300 3094 1349 aut
3116 1293 3389 1350 Christum
3417 1308 3526 1349 non
3546 1306 3668 1349 esse
3697 1290 3898 1359 Deum;

2294 1397 2386 1443 aut
2415 1396 2541 1443 ante
2576 1386 2701 1460 (leg.
2728 1388 2926 1444 saecula
2956 1402 3061 1443 non
3087 1386 3281 1458 (uisse)
3307 1404 3369 1444 ea
3400 1403 3564 1443 unum
3594 1403 3699 1442 non
3734 1384 3899 1445 fuisse

2294 1480 2590 1548 Christum,
2625 1495 2801 1554 neque.
2842 1481 3007 1537 ﬁlium
3038 1480 3167 1541 Dei:
3203 1490 3295 1537 aut
3321 1483 3495 1553 ipsum
3528 1481 3677 1555 (eum
3725 1486 3897 1555 ipsum

2296 1574 2440 1644 esse)
2492 1573 2701 1630 Patrem
2746 1582 2802 1630 et
2850 1572 3045 1630 Filium
3094 1584 3148 1632 et
3193 1576 3454 1645 Spiritum
3482 1585 3768 1643 sanctum;
3811 1587 3900 1633 aut

2296 1680 2405 1721 non
2437 1673 2618 1721 natum
2650 1665 2850 1732 lilium;
2881 1676 2973 1723 aut
3013 1684 3119 1723 non
3178 1669 3449 1724 sententia
3496 1667 3778 1742 (consilio)
3805 1686 3899 1725 ne-

2296 1777 2402 1833 que
2451 1763 2729 1819 voluntate
2759 1764 2929 1819 Deum
2980 1771 3186 1835 patrem
3229 1765 3483 1836 genuisse
3525 1763 3742 1820 ﬁlium:
3806 1765 3899 1821 bus

593 1869 786 1908 novam
816 1862 1020 1911 sectam
1067 1855 1146 1929 (aa)
1189 1856 1349 1912 indeo
1397 1857 1595 1913 ernniti
1638 1857 1875 1914 Marcelli
1903 1859 2067 1913 mixta
2098 1858 2197 1914 Sa-
2223 1853 2274 1914 B
2299 1872 2491 1912 omnes
2536 1857 2959 1914 anathematizat
2985 1866 3041 1915 et
3069 1863 3385 1914 exsecratur
3413 1867 3598 1914 sancta
3629 1869 3683 1913 et
3711 1859 3900 1915 catho-

592 1946 755 2003 bellio
783 1959 837 2003 et
862 1948 1052 2012 Paulo,
1086 1949 1213 2005 inde
1239 1962 1443 2016 artem;
1491 1951 1801 2007 necessario
1824 1951 2193 2006 ordinavimns

592 2041 876 2098 catholica:
919 2042 1178 2098 Ecclesiae
1223 2043 1406 2107 ﬁdem,
1435 2059 1597 2114 quam
1642 2052 1977 2114 negaverunt
2006 2056 2195 2112 supra-

592 2132 719 2189 dicti
766 2134 860 2204 qui
903 2149 1026 2188 cunt
1070 2132 1229 2190 Ossio
1261 2142 1424 2199 sunt,
1454 2146 1509 2190 et
1536 2133 1789 2190 Marcello
1819 2133 2060 2189 haeretici
2106 2132 2126 2207 (
2148 2137 2190 2205 f.

592 2227 822 2284 llarcelli
865 2227 1137 2301 haeresim)
1172 2227 1526 2284 induxerunt.
1572 2228 1925 2300 Consequens
1980 2236 2083 2293 est,
2135 2236 2197 2283 ut

591 2323 827 2393 acceptis
859 2323 1055 2379 litteris
1092 2324 1294 2377 nostris
1312 2323 1514 2393 singuli
1561 2337 1885 2378 consensum
1916 2321 2042 2378 huic
2064 2336 2194 2376 seu-

593 2417 777 2473 tentim
817 2416 1247 2485 comniodantes,
1290 2417 1506 2472 decreta
1556 2424 1738 2471 nostra
1798 2419 2014 2486 propria
2061 2415 2194 2471 sub-

592 2510 887 2582 scriptione
912 2511 1156 2581 signetis.
1191 2511 1285 2565 Est
1311 2518 1491 2564 autem
1525 2508 1658 2565 lides
1672 2518 1857 2565 nostra
1877 2507 1999 2565 talis
2038 2506 2191 2581 (Vid.

601 2602 693 2657 lib.
726 2602 790 2656 de
812 2602 1042 2674 Synodis
1072 2620 1124 2657 η.
1157 2600 1274 2672 54).

666 2693 758 2750 29.
799 2695 1085 2750 Credimus
1114 2695 1167 2749 in
1194 2710 1360 2750 unum
1408 2694 1574 2751 Deum
1607 2704 1812 2764 patrem
1860 2692 2028 2766 εει
2074 2704 2198 2749 om-

592 2788 932 2857 nipotentem
959 2826 975 2854 ,
1049 2787 1420 2873 institutorem
1475 2797 1531 2842 et
1577 2796 1878 2842 creatorem
1925 2786 2190 2850 omnium,

596 2898 662 2937 ex
685 2896 793 2952 quo
809 2883 988 2937 omnis
1016 2884 1622 2954 creatura(paternitas)
1652 2883 1707 2937 in
1734 2884 1945 2940 cmloet
1969 2882 2022 2936 in
2051 2891 2196 2938 terra

596 2975 929 3031 nominatur.
962 2976 1028 3030 Et
1051 2975 1105 3030 in
1167 2975 1497 3047 unigenitum
1530 2975 1699 3031 ﬁlium
1745 2975 1866 3047 ejus
1908 2976 2193 3030 Dominum

594 3077 842 3123 nostrum
884 3066 1071 3124 Jesum
1113 3066 1411 3137 Christum,
1467 3070 1558 3140 qui
1607 3080 1732 3123 ante
1771 3083 1944 3124 aevum
1990 3068 2196 3141 (omnia

595 3162 819 3234 smcula)
848 3178 913 3218 ex
947 3162 1106 3217 Patre
1129 3172 1422 3233 generatus
1447 3173 1549 3228 est,
1584 3178 1649 3217 ex
1684 3163 1796 3218 Deo
1819 3162 1981 3228 Deus,
2012 3177 2079 3217 ex
2109 3162 2195 3216 lu-

2302 1949 2401 2005 lica
2436 1950 2700 2006 Ecclesia.
2729 1952 2869 2022 Opto
2900 1964 2995 2006 vos
3017 1951 3070 2007 in
3106 1952 3334 2007 Domino
3373 1951 3511 2008 bene
3542 1952 3748 2008 valere.
3780 1952 3897 2010 Ste-

2300 2044 2511 2115 phanus
2538 2045 2839 2115 Episcopus
2890 2043 3193 2101 Antiochiae
3239 2044 3539 2116 provincia:
3577 2045 3756 2116 Syria:
3808 2044 3896 2118 (al.

2301 2134 2581 2211 Sprecilar)
2628 2135 2805 2193 Cales
2848 2147 2976 2209 opto
3006 2152 3101 2193 vos
3150 2134 3201 2193 in
3233 2136 3462 2193 Domino
3507 2138 3649 2195 bene
3694 2139 3892 2197 velere.

2298 2229 2559 2300 Olimpius
2587 2230 2881 2301 episcopus
2911 2229 3167 2288 Doliceus
3195 2236 3325 2303 opto
3349 2242 3448 2287 vos
3476 2231 3528 2287 in
3558 2230 3792 2288 Domino
3810 2230 3894 2290 be.

2300 2338 2369 2378 ne
2426 2323 2627 2379 valere.
2673 2321 2966 2380 Gerontius
2992 2324 3282 2395 episcopus
3312 2322 3684 2395 Lampbaniaz.
3714 2323 3896 2381 Meno-

2301 2414 2537 2485 phantus
2592 2416 2879 2488 episcopus
2922 2416 2989 2471 ab
3019 2414 3234 2486 Epheso
3258 2426 3386 2486 opto
3417 2430 3515 2472 vos
3564 2416 3622 2472 in
3672 2415 3894 2472 Domino

2300 2511 2440 2567 bene
2471 2511 2670 2567 valere.
2725 2510 2922 2566 Paulus
2973 2506 3417 2583 episcOpus‘opto
3441 2524 3536 2567 vos
3582 2511 3635 2565 in
3670 2510 3893 2567 Domino

2303 2603 2443 2658 bene
2461 2604 2658 2658 valere.
2693 2599 2859 2677 665
2898 2601 3139 2658 Eulalius
3194 2605 3480 2674 episcopus
3506 2602 3577 2658 ab
3618 2602 3891 2659 Amantias

2299 2706 2428 2769 opto
2443 2712 2535 2753 vos
2566 2697 2617 2753 in
2655 2696 2885 2753 Domino
2908 2697 3044 2753 bene
3081 2697 3647 2754 valere.Macedonius
3689 2698 3893 2768 episco-

2303 2805 2400 2860 pus
2419 2790 2487 2847 ab
2507 2789 2886 2862 Amarquetias
2901 2793 2955 2859 (a
2970 2791 3316 2864 Mopsvestia)
3332 2800 3460 2864 opto
3473 2806 3569 2846 vos
3589 2790 3645 2845 iu
3670 2790 3891 2847 Domino

2300 2881 2441 2938 bene
2470 2883 2670 2939 valere.
2706 2881 3040 2954 Thelapbius
3068 2884 3354 2955 cpiscopus
3380 2881 3749 2939 aCalcedonia
3772 2894 3890 2957 opto

2300 2988 2398 3031 vos
2432 2975 2483 3029 in
2514 2974 2742 3030 Domino
2763 2975 2901 3031 bene
2931 2976 3136 3031 valere.
3173 2978 3400 3031 Aeacius
3418 2975 3707 3047 episcopus
3728 2991 3759 3032 a
3780 2975 3888 3033 Cm-

2301 3081 2453 3121 sarea
2475 3077 2602 3137 opto
2622 3082 2721 3122 vos
2742 3067 2796 3122 in
2838 3067 3064 3122 Domino
3079 3069 3218 3124 bene
3239 3067 3766 3124 valere.Tbeodorus
3780 3067 3888 3137 epi-

2301 3173 2498 3229 scOpus
2548 3159 2617 3214 ab
2644 3160 2901 3216 Heraclea
2932 3169 3060 3231 opto
3081 3174 3177 3216 vos
3205 3160 3256 3215 in
3281 3160 3510 3216 Domino
3538 3159 3677 3217 bene
3695 3161 3884 3217 valere.

595 3271 658 3313 ce
689 3257 803 3323 lux,
833 3271 928 3327 per
943 3272 1102 3328 quem
1151 3258 1287 3312 facta
1333 3264 1462 3311 sunt
1487 3255 1667 3310 omnia
1690 3270 1811 3326 quae
1856 3254 1909 3311 in
1958 3255 2112 3310 caelis
2141 3261 2198 3310 et
2223 3253 2269 3318 C
2305 3253 2629 3321 Quintianus
2660 3254 2946 3325 episcopus
2979 3253 3054 3328 (c)
3078 3270 3109 3309 a
3132 3253 3280 3311 Taxe
3304 3262 3431 3326 opto
3461 3268 3560 3310 vos
3590 3254 3646 3309 in
3675 3254 3886 3310 Domino

594 3366 716 3421 qum
738 3348 793 3405 in
822 3358 988 3417 terra,
1015 3350 1242 3406 visibilia
1266 3348 1649 3414 etinvisibilia,
1680 3363 1865 3403 sermo
1881 3349 2057 3420 quisit
2078 3346 2195 3423 (qui

597 3460 682 3501 eat
702 3445 976 3517 verbum),
1007 3454 1063 3501 et
1099 3446 1389 3515 sapientia,
1418 3452 1475 3498 et
1501 3443 1694 3507 virtus,
1723 3452 1781 3497 et
1831 3441 1976 3509 vita,
2023 3453 2077 3498 et
2103 3442 2196 3499 lux

598 3554 748 3606 vera,
797 3540 888 3609 qui
939 3539 991 3592 in
1023 3536 1332 3592 novissimis
1367 3537 1706 3605 temporibus
1727 3543 1950 3606 propter
1974 3549 2080 3589 nos
2109 3536 2194 3587 in-

588 3628 782 3690 duerit
825 3633 1101 3690 hominem
1158 3634 1496 3706 (incarnatus
1545 3632 1676 3699 est),
1737 3640 1792 3686 et
1834 3640 1988 3685 natus
2027 3628 2098 3684 sit
2127 3627 2196 3685 de

599 3737 781 3784 sancta
827 3726 1048 3798 Virgine
1077 3727 1265 3789 Maria,
1292 3735 1348 3781 et
1387 3723 1697 3790 cruciﬁxus,
1731 3731 1787 3778 et
1831 3731 2096 3788 mortuus.
2141 3731 2196 3777 et

599 3822 849 3894 sepultus
871 3823 944 3876 sit
979 3838 991 3874 :
1041 3820 1198 3876 tertia
1224 3820 1311 3875 die
1339 3818 1633 3875 resurrexit
1664 3831 1694 3870 a
1744 3817 1992 3882 mortuis,
2026 3826 2081 3870 et
2110 3831 2197 3871 as-

597 3927 846 3989 sumptus
871 3917 926 3971 iu
953 3915 1173 3980 caelum,
1203 3913 1357 3970 sedet
1383 3914 1433 3968 in
1458 3913 1681 3969 dextera
1712 3911 1906 3976 Patris,
1935 3920 2197 3966 venturus

599 4009 653 4064 in
693 4009 799 4064 line
826 4006 1009 4063 mundi
1038 4006 1283 4078 judicare
1309 4006 1463 4063 viros
1493 4015 1548 4061 et
1586 4015 1849 4072 mortuos,
1879 4014 1935 4059 et
1966 4004 2198 4061 reddere

601 4103 891 4173 unicuique
919 4101 1215 4157 secundum
1231 4113 1399 4170 opera
1428 4113 1560 4164 sua;
1590 4098 1747 4168 cujus
1769 4112 1992 4169 regnum
2022 4097 2198 4153 inces-

596 4198 767 4254 sabile
800 4209 1081 4269 permanet
1110 4196 1162 4252 in
1206 4205 1405 4253 aeterna
1439 4196 1656 4251 szecula.
1686 4194 1785 4250 Est
1823 4194 1968 4251 enim
2000 4195 2197 4249 sedens

599 4292 654 4349 in
684 4292 906 4349 dextera
946 4291 1149 4359 Patris,
1177 4307 1286 4349 non
1316 4291 1488 4347 solum
1525 4289 1578 4345 in
1630 4290 1733 4348 isto
1772 4291 1993 4353 sacculo,
2024 4290 2117 4345 scd
2144 4298 2199 4345 ct.

600 4387 653 4442 in
680 4386 881 4441 futuro.
936 4386 1222 4442 Credimus
1266 4386 1319 4441 in
1354 4384 1613 4454 Spiritum
1644 4395 1918 4449 sanctum,
1943 4382 2047 4437 hoc
2091 4391 2194 4447 est.

599 4480 654 4534 in
702 4480 1051 4549 paraeletum,
1078 4493 1238 4549 quem
1270 4478 1489 4532 mittens
1521 4473 1888 4549 (promittens)
1920 4476 2197 4546 Apostulis

602 4583 724 4645 pOsl
766 4572 1193 4643 assumptionem
1238 4586 1389 4627 suam
1431 4570 1486 4625 in
1531 4570 1753 4635 saxlum,
1802 4572 1949 4624 misit
1994 4571 2196 4626 docens

2311 3348 2450 3402 bene
2479 3349 2677 3404 valere.
2712 3347 2923 3404 Marcus
2943 3350 3230 3420 episcopus
3254 3350 3322 3406 ab
3348 3347 3550 3405 Aretiis
3571 3346 3883 3421 (Arethusa)

2299 3450 2429 3510 Opto
2476 3456 2570 3496 vos
2597 3442 2649 3494 in
2680 3440 2906 3496 Domino
2923 3441 3057 3497 bene
3074 3427 3275 3497 valere.
3298 3441 3537 3513 Cyrotus
3557 3442 3836 3512 episcOptts
3853 3452 3880 3492 a

2301 3533 2454 3589 Rnec
2474 3543 2603 3604 opto
2622 3547 2717 3589 vos
2737 3535 2788 3589 in
2808 3534 3033 3589 Domino
3060 3534 3197 3590 bene
3218 3534 3419 3590 Valere.
3447 3533 3660 3605 Eugeus
3688 3534 3882 3604 episco-

2300 3643 2401 3698 pus
2427 3643 2457 3683 a
2489 3627 2679 3684 Lisicia
2717 3636 2846 3701 opto
2877 3608 2977 3684 vos
3017 3630 3070 3685 in
3123 3629 3351 3685 Domino
3391 3629 3528 3685 bene
3563 3630 3763 3685 valere.
3784 3631 3882 3682 An-

2304 3722 2481 3777 tonius
2512 3724 2796 3793 episcopus
2836 3736 2865 3777 a
2898 3722 3154 3779 Zeumate
3174 3734 3301 3794 Opto
3318 3735 3412 3778 vos
3441 3724 3492 3778 in
3515 3723 3741 3779 Domino
3759 3723 3880 3778 bene

2300 3816 2505 3871 valere.
2565 3815 2831 3873 Antonius
2877 3819 3165 3888 episc0pus
3192 3832 3221 3872 a
3267 3816 3488 3873 Decimo
3532 3826 3660 3890 opto
3699 3833 3787 3873 vos
3830 3816 3877 3872 in

2304 3909 2534 3968 Domino
2563 3911 2699 3967 bene
2728 3911 2935 3967 valere.
2980 3910 3063 3986 (ά)
3094 3911 3225 3967 Dion
3257 3913 3547 3983 episcOpus
3589 3927 3620 3968 a
3653 3910 3875 3968 Caesarea

2303 4013 2431 4073 opto
2473 4019 2568 4059 vos
2608 4008 2660 4059 in
2701 4004 2927 4060 Domino
2992 4005 3130 4062 bene
3184 4006 3385 4062 valere.
3446 4004 3634 4061 Vitalis
3697 4005 3877 4077 episco-

2304 4110 2405 4168 pus
2446 4114 2474 4152 a
2530 4098 2676 4172 Tyro
2725 4108 2854 4171 opto
2881 4115 2976 4155 vos
3024 4100 3077 4155 in
3118 4099 3349 4155 Domino
3379 4098 3515 4156 bene
3548 4099 3747 4155 valere.
3784 4096 3877 4152 Eu-

2302 4193 2498 4248 doxius
2557 4194 2845 4264 episcopus
2898 4212 2926 4248 a
2982 4194 3321 4252 Germanicia
3366 4206 3497 4265 opto
3543 4209 3645 4251 vos
3694 4196 3744 4249 in
3784 4194 3875 4247 Do-

2303 4288 2451 4343 mino
2493 4288 2629 4344 bene
2685 4289 2888 4346 valere.
2914 4289 3199 4363 Dionysius
3226 4290 3514 4360 episcOpus
3565 4291 3635 4345 ab
3662 4289 3874 4345 Alexan-

2302 4382 2417 4437 dria
2455 4381 2744 4453 provincia:
2784 4391 2912 4456 opto
2966 4399 3062 4438 vos
3109 4386 3164 4443 ἰ
3196 4382 3445 4451 δῡοιιιὶηο
3494 4381 3639 4438 bene
3694 4376 3869 4436 valere.

2301 4474 2644 4532 Macedonius
2670 4478 2957 4548 episcopus
2996 4492 3026 4533 a
3069 4476 3242 4532 Virito
3269 4487 3398 4546 opto
3436 4489 3531 4531 vos
3570 4475 3627 4531 in
3673 4476 3871 4531 Domino

2303 4570 2439 4625 bene
2468 4569 2670 4625 valere.
2699 4569 2772 4643 (ε)
2797 4570 3058 4626 Eusebius
3114 4570 3400 4640 episcopus
3449 4584 3479 4622 ιι
3523 4568 3868 4636 Dorlauiopto

598 4668 721 4725 illos
748 4678 800 4724 et
829 4670 1103 4724 instruens
1130 4666 1352 4739 (docere
1373 4663 1498 4719 illos
1524 4673 1580 4719 et
1602 4662 1894 4736 instruere)
1920 4663 1989 4720 de
2019 4665 2196 4720 omni-
2218 4655 2275 4718 D
2300 4678 2395 4719 vos
2428 4664 2479 4719 in
2536 4663 2766 4719 Domino
2814 4664 2954 4720 bene
2998 4663 3205 4721 valere.
3248 4663 3479 4721 Basilius
3509 4664 3786 4735 episcopus
3811 4659 3868 4713 ab

597 4833 918 4962 aniagilatns
965 4845 1087 4887 esse
1131 4827 1298 4886 rel'ert
1353 4826 1687 4883 Athanasius
1733 4823 1828 4882 lib.
1878 4823 1947 4881 de
1987 4825 2191 4899 Synod.

599 4924 653 4962 o.
683 4916 708 4959 δ
795 4947 808 4961 .

597 4924 653 4980 p.
683 4916 808 4962 tua.

672 5001 750 5071 (α)
795 5002 848 5055 In
878 5015 981 5055 ms.
1020 4997 1207 5064 Sirm.,
1240 4996 1402 5071 judeo
1455 4995 1657 5050 crouili.
1711 4988 2063 5120 Sus’ﬁcamur
2106 4993 2191 5048 hic

674 5076 771 5120 tari
806 5071 1037 5120 Marcelli
1071 5072 1369 5120 doctrinam
1410 5085 1530 5120 cum
1577 5067 1775 5120 Judmis
1826 5082 2003 5120 acere.
2038 5080 2191 5120 eum-

597 5067 772 5130 notai'i
802 5071 1037 5127 Marcelli
1071 5067 1369 5125 doctrinam
1410 5085 1530 5124 cum
1577 5067 1775 5122 Judmis
1804 5067 2003 5134 lacere,
2038 5080 2191 5121 eum-

595 5162 699 5209 que
722 5144 909 5200 Judmo
929 5159 1115 5199 errore
1143 5156 1265 5198 esse
1290 5140 1573 5197 imbutum.
1592 5138 1709 5194 Mox
1740 5154 1837 5209 pro
1860 5137 1981 5209 inde
2001 5150 2185 5202 artem,

593 5207 741 5274 idem
768 5216 1086 5273 Sirmondus
1119 5215 1173 5270 in
1203 5228 1303 5269 ms.
1335 5213 1546 5281 ltemig.
1598 5207 1801 5281 reperit
1825 5207 1971 5264 Juda
1998 5218 2187 5281 artem:

594 5291 737 5345 unde
784 5289 1068 5356 legendum
1115 5295 1387 5356 putamus.
1444 5279 1629 5356 sectam
1655 5279 1845 5356 Iudico
1871 5279 2183 5356 uniti_Mar-

594 5351 881 5430 cellijuxt—a
928 5351 1216 5415 Sabellium
1239 5366 1285 5411 et
1306 5354 1544 5430 (Paulum
1593 5354 1959 5430 iudaizantem.
1985 5351 2187 5430 _V_erttm

594 5424 751 5503 hujus
784 5434 885 5488 loci
914 5447 1106 5487 sensus
1143 5428 1315 5503 repeti
1347 5435 1523 5495 potest
1548 5440 1614 5481 ex
1646 5440 1793 5503 num.
1817 5424 1879 5503 2,
1911 5425 1997 5503 ubi
2025 5424 2185 5503 indu-

592 5495 731 5558 citur
760 5503 1044 5559 Marcellus
1076 5495 1403 5555 assertiones
1435 5508 1562 5553 snas
1587 5513 1722 5550 nunc
1751 5495 2059 5564 falsitatibus
2082 5495 2184 5552 Sa-

592 5573 753 5644 bellii,
783 5590 918 5629 nunc
942 5574 1153 5628 malitiae
1178 5571 1333 5626 Pauli
1363 5568 1763 5634 Samosatensis,
1785 5568 2187 5644 nuncblasphe-

591 5638 778 5701 miis...
834 5657 1005 5715 aperte
1056 5645 1386 5717 permiscens,
1445 5656 1700 5717 unamque
1740 5640 2093 5717 confusionem
2121 5638 2186 5694 de

591 5709 906 5789 supradictis
963 5709 1194 5789 faciens:
1245 5716 1326 5770 vel
1378 5728 1447 5771 ex
1472 5709 1641 5789 nunt.
1672 5709 1855 5789 4,.ubi
1887 5722 2185 5766 restaurari:

597 5781 751 5843 Pauli
769 5781 1140 5844 Samoshtemis
1162 5797 1206 5842 et
1222 5797 1354 5842 arta
1380 5796 1429 5840 et
1449 5783 1595 5840 dolos
1618 5781 1968 5854 praedicatur.

673 5876 749 5950 (b)
789 5879 922 5944 Quae
971 5878 1180 5933 uncinis
1223 5876 1607 5947 comprehensa
1638 5883 1786 5946 sunt,
1838 5890 1946 5931 non
1972 5882 2183 5932 exstam

2302 4826 2356 4880 in
2388 4825 2623 4899 formula
2647 4824 2858 4881 Sardic.
2888 4825 3159 4897 descripta
3185 4826 3278 4882 lib.
3303 4825 3372 4883 de
3393 4825 3600 4899 Synod.
3634 4840 3688 4882 ιι.
3717 4824 3799 4889 3i,
3820 4831 3865 4878 ut

2298 4901 2369 4953 ibi
2388 4898 2500 4968 jam
2532 4902 2859 4954 notavimus.

2372 4966 2441 5043 (c)
2475 4969 2606 5040 Leg.
2638 4988 2670 5025 (ι
2694 4970 2836 5026 (ἔρια
2859 4970 2957 5043 :dis
2986 4971 3128 5026 enim
3166 4979 3250 5026 est
3298 4969 3389 5043 qui
3413 4971 3663 5042 Asclepae
3704 4966 3862 5043 sedem

2296 5041 2581 5114 usurparat
2604 5084 2618 5107 ,
2643 5044 2711 5099 de
2737 5058 2845 5113 quo
2873 5041 3250 5112 Fragmentum
3279 5041 3529 5114 superius
3558 5041 3701 5099 num.
3727 5041 3775 5096 8.

2365 5135 2446 5210 (d)
2488 5135 2583 5191 llic
2604 5147 2716 5210 est,
2751 5144 3009 5210 quantum
3037 5141 3283 5207 augurari
3313 5138 3469 5206 licet,
3503 5135 3743 5193 Dicimus
3767 5131 3860 5188 Cm-

2293 5208 2463 5282 sareie
2510 5211 2560 5261 in
2596 5208 2943 5282 Cappadocia
2996 5212 3279 5280 episcopus
3299 5253 3311 5275 ,
3340 5226 3507 5282 quem~
3535 5213 3854 5282 Sozomenus.

2294 5228 2463 5264 sarem
2510 5228 2560 5261 tn
2610 5228 2678 5264 hil
2706 5228 2943 5279 ipanocta
2996 5228 3311 5280 episcopus,
3340 5228 3496 5282 quem
3535 5228 3854 5266 aozomenus.

2294 5281 2388 5337 lib.
2411 5295 2469 5335 nt
2488 5321 2500 5339 .
2521 5295 2571 5334 c.
2592 5280 2646 5346 5,
2670 5228 3008 5336 Antiocheno
3028 5283 3259 5336 concilio
3274 5283 3400 5337 anui
3446 5280 3547 5337 5M
3587 5278 3855 5337 interfuisse
3884 5286 3887 5295 ‘

2297 5363 2582 5419 memorat,
2598 5368 2866 5423 quemque
2880 5353 3106 5409 Basilius
3123 5355 3281 5423 epist.
3303 5367 3470 5409 um
3484 5368 3523 5417 ι,
3543 5352 3850 5409 testiﬁcatur,

2297 5440 2421 5480 cum
2453 5426 2503 5479 in
2536 5426 2940 5496 aegrotationem
2973 5440 3039 5480 ex
3068 5440 3171 5495 qua
3198 5434 3252 5496 et
3292 5437 3539 5480 mortuus
3563 5434 3645 5480 est
3667 5424 3853 5496 decuit}-

2292 5498 2443 5553 berct
2466 5494 2866 5571 ,_cnntcstatum
2898 5511 3032 5571 esse
3054 5538 3069 5561 ,
3097 5512 3172 5571 s_e_
3196 5494 3424 5571 simplici
3456 5496 3619 5571 corde
3658 5500 3704 5547 in
3740 5494 3848 5571 scrij

2295 5581 2438 5639 ptum
2462 5568 3077 5637 Constantinopolitante
3103 5566 3227 5639 ﬁdei
3252 5573 3367 5638 (an.
3394 5569 3521 5633 560)
3548 5566 3848 5639 conscttSiSSe

2291 5633 2539 5709 quidem;
2562 5640 2655 5694 sed
2690 5633 2839 5693 nulla
2858 5639 2913 5695 in
2944 5655 3004 5709 re
3035 5638 3239 5694 irritam
3262 5633 3509 5696 voluisse
3536 5652 3651 5695 eam
3682 5633 3841 5691 ﬁdem.

2290 5702 2409 5781 quae
2438 5709 2631 5766 Nicmac
2657 5712 2898 5783 exposita
2930 5702 3124 5767 fuerat.

2364 5800 2435 5873 (ε)
2478 5800 2733 5877 Myndose
2774 5802 2977 5877 editum
3008 5814 3125 5877 erat
3165 5803 3457 5877 Eufeuius,
3498 5820 3614 5860 cum
3642 5800 3706 5877 in
3730 5807 3836 5850 "155v

2290 5870 2469 5932 exstet
2505 5874 2774 5931 Ettsevius.
2816 5875 2914 5932 llic
2950 5870 3397 5950 episcoptts'ejus
3443 5870 3590 5934 urbis
3635 5870 3834 5928 videtur.
