4062 6332
226 273 321 356 67‘:

1129 262 1218 344 ex
1260 281 1494 345 orent:
1533 266 1896 347 utsrontco
1932 263 2410 349 assensurum
2446 268 2534 349 iv.

3394 293 3500 351 G78

223 410 294 487 (α)
319 405 547 480 Anquira
575 411 705 477 apto
731 415 831 459 vos
874 401 930 458 in
986 400 1216 459 Domino
1245 403 1383 460 bene
1435 402 1637 461 valere.
1668 404 1801 460 Pro-
1832 410 1872 469 Α
1905 407 2054 461 mino
2074 406 2212 465 bene
2227 410 2426 465 valere.
2453 408 2688 480 Agaplus
2709 408 2998 481 episcopus
3027 425 3054 464 a
3078 408 3345 468 Theriaco
3370 412 3497 485 (Ms.

224 503 452 561 heresin;
473 497 754 568 cpiscopus
781 494 1027 564 aSinopa
1056 505 1188 565 opto
1206 510 1304 549 vos
1328 496 1379 549 in
1408 495 1637 551 Domino
1661 495 1798 569 bene

222 596 407 651 valere.
436 588 715 646 Eustacius
741 588 1031 660 episcopus
1048 588 1119 643 ab
1151 586 1448 659 Epiphania
1477 596 1604 659 opto
1628 603 1723 642 vos
1744 587 1799 644 in

224 689 437 749 Domino
464 687 599 743 bene
624 684 825 741 valere.
857 684 1175 739 Pancratius
1201 685 1491 756 episcopus
1510 700 1539 738 a
1575 685 1652 757 (ὁ)
1671 686 1803 742 Per.

224 799 345 840 naso
390 790 521 853 opto
572 793 672 835 vos
728 778 779 832 in
831 777 1060 833 Domino
1114 776 1252 834 bene
1290 778 1492 833 valere.
1531 777 1804 835 Eusebius

223 880 493 946 episcopus
552 888 582 927 a
629 870 894 941 Perng
935 880 1065 941 opto
1109 885 1207 928 vos
1257 871 1310 927 in
1365 872 1596 928 Domino
1664 873 1805 931 bene

223 970 411 1025 valere.
462 966 788 1023 Sabinianus
841 965 1132 1036 episcopus
1162 980 1190 1018 a
1218 963 1527 1022 Cathimera
1555 975 1686 1036 opto
1708 980 1805 1022 vos

220 1062 374 1135 666
406 1060 459 1117 iu
496 1060 721 1115 Domino
762 1057 903 1114 bene
933 1058 1133 1114 valere.
1167 1056 1427 1114 Bitinicus
1456 1057 1749 1130 episcopus
1773 1074 1806 1115 a

205 1152 375 1231 :Zelnn
406 1160 533 1221 opto
564 1164 662 1205 vos
709 1149 763 1204 iu
812 1148 1044 1207 Domino
1089 1149 1229 1207 bene
1274 1151 1476 1207 valere.
1533 1151 1808 1209 Dominius

222 1248 495 1318 cpiscopus
523 1260 551 1299 a
585 1244 900 1300 Palladiano
928 1255 1058 1312 opto
1090 1244 1266 1299 vos'in
1298 1243 1526 1300 Domino
1555 1245 1692 1301 bene
1714 1262 1809 1302 va-

220 1338 340 1395 lere.
376 1338 536 1399 Pison
573 1338 857 1408 episcopus
889 1351 916 1390 a
944 1335 1157 1393 Troada
1189 1346 1317 1408 opto
1349 1354 1446 1394 vos
1489 1339 1545 1394 in
1586 1336 1811 1397 Domino

220 1437 349 1492 bene
394 1435 596 1492 Valere.
646 1434 960 1492 Cartherius
998 1436 1289 1507 episcopus
1328 1436 1398 1493 ab
1441 1439 1656 1507 Aspona
1683 1442 1812 1503 Opto

221 1544 307 1586 ros
339 1529 393 1586 in
424 1529 656 1585 Domino
696 1528 835 1585 bene
866 1529 1068 1585 valere.
1102 1528 1303 1584 Filctus
1333 1528 1620 1599 episcopus
1647 1541 1679 1581 a
1714 1524 1811 1581 Ju-

223 1624 394 1696 liopoli
438 1634 569 1695 opto
599 1639 695 1681 vos
732 1623 784 1678 in
828 1623 1060 1679 Domino
1092 1622 1233 1680 bene
1260 1623 1461 1680 valere.
1494 1622 1570 1697 (c)
1596 1621 1814 1689 Quirius

218 1719 493 1788 episcopus
520 1733 548 1772 a
578 1716 813 1773 Marcota
834 1728 964 1788 opto
990 1733 1086 1774 vos
1119 1717 1172 1773 in
1196 1717 1427 1773 Domino
1451 1718 1590 1774 bene
1612 1716 1812 1785 valere.

1901 498 2051 557 Bent.
2076 502 2367 573 Thcrinco)
2391 513 2516 574 opto
2536 520 2631 559 vos
2658 505 2708 559 in
2735 505 2966 561 Domino
2997 507 3131 562 bene
3153 507 3357 562 Valere.
3375 507 3505 563 llas-

1903 610 1997 652 sns
2013 596 2298 667 episcopus
2325 611 2355 651 a
2379 596 2484 651 Car
2512 606 2640 666 opto
2669 612 2763 653 vos
2793 596 2848 652 in
2878 598 3110 654 Domino
3135 598 3271 654 bene
3298 599 3498 655 valere.

1903 685 2187 744 Narcissus
2221 689 2508 760 episcopus
2562 689 2631 743 ab
2661 690 2885 761 Anapoli
2914 689 3211 764 (IrenOpoli
3232 734 3248 760 ,
3272 692 3351 746 vel
3379 690 3504 747 Ne-

1904 781 2178 854 ronopoli)
2225 791 2352 853 opto
2394 796 2490 837 vos
2514 782 2565 837 in
2591 783 2818 838 Domino
2868 783 3009 840 bene
3034 783 3233 841 valere.
3279 785 3510 842 Embra—

1908 876 2025 933 cius
2055 876 2344 947 episcopus
2371 892 2398 929 a
2442 875 2508 946 (ι)
2537 874 2718 932 Mileto
2747 887 2874 946 opto
2906 890 3002 933 vos
3032 878 3084 931 in
3111 877 3339 932 Domino
3368 877 3507 934 bene

1908 969 2115 1026 valere.
2161 966 2361 1024 Lucius
2388 969 2676 1040 episcopus
2706 969 2772 1025 ab
2793 968 3019 1026 Babtino
3046 980 3173 1041 opto
3191 985 3289 1026 vos
3316 970 3368 1025 in
3402 970 3506 1025 Do-

1910 1062 2059 1118 mino
2085 1062 2224 1118 bene
2259 1061 2462 1117 valere.
2507 1059 2760 1117 Nonnius
2800 1060 3091 1131 episcenos
3142 1076 3171 1117 a
3234 1060 3509 1118 Landocia

1913 1155 2210 1229 (Laodicia)
2233 1162 2364 1226 opto
2414 1167 2509 1209 vos
2536 1155 2589 1209 in
2630 1153 2864 1210 Domino
2901 1156 3039 1211 bene
3067 1156 3269 1214 valere.
3302 1154 3509 1211 Panta-

1911 1257 2069 1317 gatus
2098 1246 2383 1315 episc0pus
2408 1262 2435 1296 ει
2489 1244 2693 1302 Gallias
2726 1245 2879 1318 (forte
2908 1245 3163 1314 Callatia)
3189 1257 3317 1320 opto
3342 1263 3432 1303 vos
3452 1246 3509 1304 in

1913 1337 2142 1395 Domino
2161 1337 2303 1395 bene
2331 1338 2534 1396 valere.
2580 1335 2806 1395 Flaccus
2835 1339 3127 1411 episcopus
3165 1341 3233 1395 ab
3274 1340 3513 1408 Jeropoli

1916 1444 2041 1504 Opto
2055 1444 2150 1488 ves
2181 1432 2234 1487 in
2260 1432 2487 1489 Domino
2512 1433 2649 1489 bene
2671 1434 2871 1490 valere.
2895 1432 2994 1508 (in)
3013 1435 3280 1508 Sysimius
3300 1440 3512 1505 episco-

1918 1538 2017 1593 pus
2046 1536 2075 1579 a
2107 1523 2279 1596 Perge
2326 1535 2457 1595 Opto
2482 1536 2579 1580 vos
2610 1523 2662 1579 in
2690 1523 2919 1582 Domino
2950 1529 3086 1583 bene
3134 1526 3337 1583 valere.
3391 1528 3517 1584 Dio-

1916 1630 2081 1686 geues
2131 1617 2418 1688 episcopus
2465 1629 2594 1689 opto
2649 1635 2749 1675 vos
2801 1620 2852 1675 iu
2883 1619 3113 1677 Domino
3142 1620 3283 1676 bene
3312 1621 3512 1677 valere.

1917 1705 2246 1767 Cresconius
2273 1712 2561 1782 episcopus
2597 1723 2726 1782 opto
2772 1727 2864 1767 vos
2889 1713 2941 1767 in
2975 1712 3206 1767 Domino
3232 1711 3372 1769 bene
3418 1726 3513 1767 va-

219 1810 414 1870 Filetus
440 1812 731 1882 episcopus
760 1826 793 1865 a
833 1811 1010 1868 Cratia
1042 1822 1172 1882 Opto
1200 1825 1299 1867 vos
1329 1810 1383 1865 in
1421 1810 1651 1866 Domino
1679 1810 1817 1865 bene
1848 1825 1894 1886 Β
1920 1805 2053 1862 lere.
2083 1805 2364 1863 Nestorius
2396 1808 2689 1879 episcopus
2718 1817 2848 1880 epto
2883 1821 2977 1863 vos
3025 1808 3078 1863 in
3104 1806 3335 1863 Domino
3383 1807 3521 1863 bene

218 1906 406 1973 valere.
443 1904 828 1981 Tliimasarcus
869 1903 1158 1976 episcopus
1195 1912 1324 1976 opto
1361 1919 1456 1960 vos
1485 1903 1539 1959 in
1591 1902 1817 1959 Domino

208 1999 346 2074 bene
370 1998 574 2054 valere.
626 1996 890 2054 Eusebius
920 1997 1211 2073 episcopus
1239 2013 1269 2053 a
1294 1996 1557 2070 Mignenia
1595 1998 1672 2069 (f.
1707 1997 1818 2053 Ila-

215 2091 444 2164 guienia)
492 2103 626 2162 opto
655 2106 752 2147 vos
795 2092 849 2147 in
893 2091 1124 2146 Domino
1172 2090 1311 2146 bene
1351 2092 1555 2146 valere.
1602 2089 1819 2159 Quirius

215 2187 493 2257 episcopus
525 2202 557 2241 a
606 2184 972 2255 Philadelphia
1004 2192 1133 2255 opto
1168 2199 1264 2240 vos
1314 2185 1366 2239 in
1415 2183 1641 2238 Domino
1683 2182 1821 2239 bene

216 2279 406 2335 valere.
438 2280 608 2335 Pison
648 2280 934 2350 episcopus
963 2278 1043 2354 (ά)
1072 2294 1102 2334 a
1133 2276 1296 2334 Vanis
1337 2287 1462 2349 opto
1491 2293 1587 2335 vos
1626 2276 1680 2331 in
1713 2277 1823 2333 Do-

216 2372 357 2427 mino
386 2372 532 2429 bene
571 2372 772 2428 valere.
804 2370 1124 2427 Timotheus
1152 2371 1439 2441 episcOpus
1482 2376 1611 2439 opto
1640 2383 1739 2424 vos
1768 2369 1822 2424 in

220 2466 448 2524 Domitio
476 2467 621 2523 bene
646 2466 849 2524 valere.
882 2462 955 2538 (ε)
991 2465 1293 2521 Euthemon
1321 2465 1607 2535 episcopus
1629 2476 1659 2517 a
1682 2460 1825 2517 Tha-

215 2576 339 2617 neos
367 2571 502 2634 opto
531 2575 631 2616 vos
661 2560 710 2614 in
743 2560 972 2614 Domino
1015 2559 1153 2615 bene
1182 2557 1387 2614 valere.
1417 2553 1487 2630 (ί)
1518 2554 1826 2613 Callenicus

211 2655 496 2726 episcopus
525 2670 555 2708 a
588 2652 804 2709 Pelusio
830 2662 957 2723 opto
988 2668 1084 2708 vos
1111 2652 1165 2707 in
1194 2651 1423 2706 Domino
1451 2650 1591 2706 bene
1617 2650 1821 2705 valere.

220 2750 482 2807 Eusebius
524 2748 816 2821 episcopus
846 2763 876 2802 a
924 2746 1188 2818 Pergamo
1214 2755 1344 2815 Opto
1373 2759 1471 2799 vos
1498 2743 1553 2797 in
1596 2740 1828 2798 Domino

212 2842 344 2898 bene
374 2844 583 2898 valere.
617 2840 898 2897 Leucadas
927 2839 1214 2909 episcopus
1243 2837 1312 2893 ab
1345 2833 1423 2912 (g)
1454 2835 1551 2893 Ilio
1578 2846 1707 2906 opto
1733 2851 1827 2889 vos

212 2934 262 2992 in
313 2937 553 2993 Domino
600 2935 741 2993 bene
789 2934 993 2992 valere.
1039 2932 1315 2990 Noconius
1363 2934 1652 3002 episcopus
1686 2945 1715 2983 a
1743 2925 1828 3002 (It)

212 3032 423 3088 Troade
449 3039 588 3102 opto
616 3044 712 3085 vos
738 3029 791 3084 in
824 3028 1051 3084 Domino
1076 3026 1214 3083 bene
1236 3024 1442 3080 valere.
1472 3022 1830 3079 Adamantius

212 3127 501 3197 cpiscopus
531 3140 563 3180 a
594 3124 690 3179 Cio
716 3132 844 3194 opto
869 3139 963 3178 vos
988 3122 1044 3177 in
1078 3122 1307 3178 Domino
1332 3120 1472 3176 bene
1496 3119 1701 3175 valere.
1727 3115 1834 3173 Ed-

210 3216 393 3275 desius
425 3217 723 3289 episcopus
749 3231 780 3271 a
807 3214 919 3271 Coo
940 3226 1070 3285 Opto
1102 3228 1198 3270 vos
1229 3213 1280 3269 in
1315 3211 1547 3268 Domino
1573 3209 1712 3267 bene
1738 3225 1829 3265 va-
1857 3227 1905 3294 ο

212 3313 341 3368 lcre.
386 3310 711 3368 Theodotus
726 3310 1014 3380 episcopus
1029 3325 1056 3362 a
1078 3304 1143 3383 (i)
1159 3306 1499 3363 Neocmsnrio
1516 3317 1645 3376 opto
1659 3319 1753 3360 vos
1767 3304 1826 3360 in

210 3405 447 3462 Domino
458 3406 604 3462 bene
626 3405 828 3461 Valere.
850 3403 921 3477 (j)
950 3402 1079 3460 Sion
1097 3402 1382 3473 episcopus
1397 3409 1525 3471 opto
1537 3413 1633 3455 vos
1656 3398 1708 3455 in
1726 3398 1829 3455 Do-

212 3500 358 3554 mino
372 3498 522 3555 bene
537 3499 739 3553 valere.
754 3496 1071 3567 Theogenes
1084 3495 1370 3567 episcopus
1389 3509 1420 3550 a
1433 3493 1579 3551 Lizia
1593 3503 1724 3565 opto
1736 3507 1833 3550 vos

212 3593 261 3646 in
279 3592 519 3650 Domino
551 3592 692 3647 bene
720 3590 920 3645 valere.
940 3588 1104 3661 667
1137 3587 1445 3644 Florentius
1461 3587 1747 3658 episcopus
1763 3585 1835 3643 ab

210 3686 426 3740 Aneara
452 3670 594 3755 opto
623 3698 719 3739 vos
744 3683 795 3737 in
814 3682 1042 3737 Domino
1064 3682 1202 3737 bene
1224 3681 1425 3738 valere.
1452 3681 1525 3753 (lt)
1554 3679 1701 3736 Isaac
1722 3681 1838 3751 epi-

211 3795 454 3853 scopusa
479 3780 663 3836 Lueto
683 3787 812 3849 opto
828 3792 924 3832 vos
947 3778 998 3833 in
1021 3777 1250 3832 Domino
1271 3776 1411 3833 bene
1432 3775 1632 3831 valere.
1657 3775 1835 3831 Eude-

211 3892 337 3945 mon
356 3878 724 3948 episcopus...
753 3872 1049 3943 subscripsi
1082 3886 1179 3943 pro
1198 3872 1348 3944 ipso,
1378 3878 1508 3942 opto
1533 3884 1631 3927 vos
1653 3869 1708 3925 in
1734 3869 1839 3925 Do-

248 4073 330 4113 nec
372 4058 430 4113 in
485 4055 603 4112 tab.
640 4054 884 4123 Peuting.
918 4051 1196 4117 Zorlanis,
1229 4059 1285 4107 et
1312 4048 1450 4121 apud
1490 4047 1839 4122 Anonymum

248 4075 330 4113 ita:
372 4075 430 4113 tn
485 4075 603 4112 tau.
640 4075 884 4123 reuuttg.
918 4075 940 4108 Α

208 4075 470 4185 ίΙὶθειεεηη.
504 4127 751 4181 Srolam’s
777 4126 940 4181 dicta.

276 4199 379 4274 (αλ
401 4198 760 4274 ΡτοᾼΑησῃνρ
784 4197 982 4266 legitur
1008 4195 1097 4251 hic
1123 4193 1352 4274 Anguirn
1377 4208 1395 4248 :
1423 4190 1697 4274 quomodo
1713 4191 1835 4274 iam

276 4209 358 4274 (α)
401 4209 518 4256 Pro
550 4209 760 4269 Ancyra
787 4209 982 4266 legitur
1009 4209 1097 4251 nic
1123 4209 1352 4263 anquirit
1377 4209 1395 4248 :
1423 4209 1697 4264 quomouo
1746 4209 1835 4247 am

210 4288 311 4342 pro
338 4272 616 4336 Cimario,
650 4270 881 4325 vidimus
918 4283 1079 4339 supra
1120 4265 1415 4334 Quimatio;
1442 4274 1496 4321 et
1532 4263 1672 4319 intra
1706 4209 1836 4332 ὁπή-

206 4346 320 4401 rius
337 4388 353 4409 .
388 4361 496 4416 pro
527 4343 750 4416 Seyfns.

280 4407 360 4491 (ὁ)
380 4407 584 4491 :Fnrle
606 4407 869 4491 Parnaso.
896 4413 1168 4491 Parnason
1190 4418 1483 4491 autemsett
1504 4407 1834 4491 Parnassum

208 4479 480 4544 urbs't‘uit
510 4488 781 4542 maritima
803 4529 817 4549 ,
850 4499 972 4555 quae
1000 4499 1066 4538 ex
1095 4487 1293 4537 Anton.
1325 4480 1389 4535 atl
1420 4479 1837 4555 Galatianrsric-

206 4563 397 4617 ctabat
429 4569 534 4616 aut
577 4549 990 4628 Cappadociam.
1024 4554 1195 4611 Antea
1225 4555 1285 4609 in
1324 4567 1425 4608 ms.
1470 4551 1614 4607 Pith.
1662 4549 1838 4606 Pran-

206 4635 408 4688 riacius
427 4676 446 4698 ,
481 4645 597 4687 non
635 4629 960 4683 Pancratius.

280 4703 358 4779 (c)
401 4695 755 4779 Soaomenus
794 4701 887 4755 lib.
919 4715 1008 4779 ηι-2
1039 4714 1088 4755 c.
1118 4696 1216 4779 1-2)
1248 4704 1437 4779 narrat
1468 4708 1588 4776 cum
1621 4695 1836 4779 caeteris

207 4765 609 4833 Orientalibus
639 4765 1009 4842 Pbiloppopoli
1065 4770 1301 4825 adfuisse
1321 4767 1639 4842 _lschyrium
1665 4782 1697 4821 a
1722 4765 1830 4821 Ma-
1863 4778 1920 4841 D

210 4862 405 4915 reota,
441 4844 659 4918 quibie
685 4839 941 4918 corrupte
956 4842 1182 4918 Quirina
1211 4839 1483 4918 s_eribi_tur.

280 4921 369 4994 (ἀ)
389 4910 402 4915 ⁷
419 4910 512 4994 Α’ῃι
531 4916 684 4994 forte
713 4916 776 4970 ab
799 4910 991 4994 Arionis
1012 4958 1024 4977 .
1058 4925 1113 4968 ut
1135 4912 1320 4994 sit‘ille
1350 4910 1475 4965 Piso
1500 4910 1796 4994 Admtprttnt
1815 4951 1831 4976 ,

206 4980 300 5063 qui
331 4980 827 5064 apudSOrratein,
862 4989 956 5042 lib.
995 5003 1081 5052 nt,
1123 5003 1183 5064 (ἓν
1214 4983 1314 5064 25)
1344 4983 1594 5064 ‘Concilio
1636 4980 1831 5064 Antio-

207 5055 394 5121 ebeno
424 5060 774 5118 subscribit?
804 5060 884 5115 An
927 5074 1056 5113 vero
1077 5076 1106 5110 ιι
1140 5055 1365 5110 Varnis?
1391 5056 1598 5121 Quippe
1635 5055 1686 5108 in
1733 5069 1831 5107 no-

209 5137 328 5191 titia
362 5132 639 5191 Antioch.
672 5132 737 5186 ad
768 5134 969 5187 calcem
998 5129 1268 5186 Guillelmi
1300 5126 1445 5198 Tyrii
1497 5124 1703 5180 Vat-non
1746 5140 1834 5181 se-

206 5208 311 5264 des
341 5216 437 5265 est
455 5202 789 5274 episcopalis
815 5205 915 5259 sub
942 5201 1141 5274 Edessa
1171 5197 1478 5274 metropoli.

285 5280 361 5353 (ε)
395 5266 572 5349 Apud
600 5266 947 5353 Athanasium
969 5272 1027 5353 in
1044 5270 1314 5353 hreijario
1335 5266 1527 5353 Meletii
1552 5280 1673 5337 pag.
1696 5266 1822 5335 789,

209 5343 560 5408 reee'nse'tur
580 5346 851 5421 Εὐδαίμων
874 5348 925 5402 ιν
961 5347 1129 5421 Targa.
1170 5343 1365 5421 Isipse
1382 5351 1465 5421 est
1485 5383 1499 5408 ,
1524 5354 1686 5421 gnem
1706 5352 1839 5421 June

209 5439 340 5478 cum
371 5419 660 5477 Callinico
687 5411 755 5472 et'
778 5420 950 5474 lsioue
987 5416 1119 5470 inl‘ra
1160 5413 1476 5482 subscriptis
1506 5411 1574 5465 de
1604 5412 1839 5466 vestium

211 5496 501 5551 linearum
565 5490 764 5545 tributo
809 5489 1131 5545 calumniam
1178 5486 1283 5541 sibi
1335 5487 1601 5540 struxisse
1653 5491 1841 5537 narrat

210 5567 360 5622 idem
392 5564 766 5628 Athanasius,
796 5560 1022 5632 Apolog.
1050 5559 1117 5632 ad
1143 5556 1332 5632 Const.
1365 5570 1416 5626 p.
1447 5554 1573 5632 77§2

284 5635 362 5711 (ι’)
409 5635 701 5711 Breviario
733 5624 944 5711 bieietii
971 5624 1120 5703 apud
1147 5624 1407 5685 Athanas.
1435 5641 1486 5698 p.
1519 5624 1652 5692 789,
1700 5624 1846 5682 Kal-

207 5706 410 5770 λίνὰὸς
438 5709 500 5763 ἐν
528 5706 806 5770 Πιλουσίῳ.

422 5764 978 5853 Apud_Atbanasiuin
998 5816 1013 5841 ,
1039 5774 1093 5830 in
1124 5771 1335 5853 Meletii
1352 5769 1658 5853 breviario,
1684 5766 1850 5853 Iliun:

210 5840 666 5920 seu'llcli'opotis
711 5840 1042 5905 memoratur
1083 5844 1248 5904 veluti
1284 5843 1420 5902 ditio
1465 5840 1711 5915 quaedam
1735 5882 1749 5909 ,
1794 5842 1849 5898 in

1922 1900 2127 1958 valere.
2150 1898 2469 1958 Emnionius
2493 1901 2781 1974 episcopus
2806 1911 2932 1972 opto
2960 1917 3056 1957 vos
3082 1902 3136 1957 in
3164 1901 3398 1961 Domino
3429 1901 3524 1957 be—

1920 2011 1991 2052 ne
2047 1996 2250 2052 valere.
2283 1995 2556 2067 Eugenius
2585 1997 2878 2066 episcOpus
2912 2006 3041 2066 opto
3084 2011 3179 2051 vos
3209 1997 3262 2051 in
3290 1994 3524 2051 Domino

1923 2091 2064 2148 bene
2111 2091 2312 2147 valere.
2344 2091 2513 2164 658
2543 2091 2807 2147 Antonius
2859 2092 3148 2161 episcopus
3173 2090 3252 2163 (η)
3297 2103 3327 2145 a
3356 2089 3521 2145 Gnsia

1922 2192 2052 2255 opto
2076 2200 2171 2239 vos
2200 2182 2252 2239 in
2296 2182 2525 2241 Domino
2567 2185 2705 2240 bene
2736 2185 2938 2241 valere.
2984 2183 3273 2240 Demolilus
3312 2184 3521 2254 episco-

1926 2291 2025 2346 pus
2048 2276 2127 2347 (ο)
2157 2294 2187 2330 a
2215 2276 2387 2332 Beroe
2406 2287 2536 2346 epto
2560 2292 2654 2331 vos
2676 2277 2994 2339 inDomino
3021 2277 3161 2332 bene
3188 2276 3387 2331 valere.
3420 2276 3528 2331 Eu-

1929 2370 2086 2424 ticies
2132 2369 2420 2439 episcopus
2452 2383 2481 2423 a
2504 2368 2872 2440 Philippolioli
2920 2379 3050 2441 opto
3082 2383 3177 2424 vos
3203 2369 3257 2424 in
3290 2366 3525 2424 Domino

1928 2465 2068 2519 bene
2095 2461 2293 2518 valere.
2324 2460 2559 2519 Severus
2585 2462 2871 2533 episcopus
2900 2477 2929 2515 a
2958 2460 3162 2517 Cabula
3183 2471 3311 2531 opto
3341 2472 3434 2515 vos
3462 2462 3520 2521 in

1929 2556 2160 2613 Domino
2204 2555 2348 2613 bene
2370 2556 2570 2613 vetere.
2625 2555 2945 2613 Timotheus
2965 2557 3254 2627 episcopus
3318 2556 3386 2612 ab
3412 2555 3529 2613 An—

1932 2653 2078 2708 chilo
2108 2664 2237 2723 opto
2266 2666 2364 2707 vos
2404 2653 2457 2707 in
2493 2653 2721 2707 Domino
2760 2652 2899 2707 bene
2923 2652 3123 2708 valere.
3162 2650 3359 2707 Valens
3409 2653 3531 2724 epi—

1930 2760 2127 2818 sc0pus
2152 2761 2181 2801 a
2205 2745 2402 2815 Mursa,
2430 2755 2561 2817 opto
2590 2758 2681 2801 vos
2709 2743 2762 2799 in
2788 2743 3018 2800 Domino
3048 2744 3184 2800 bene
3215 2743 3414 2800 valere.
3447 2743 3524 2817 (p)
3584 2756 3597 2777 ε

1932 2838 2173 2913 Explicit
2199 2842 2477 2898 decretum
2522 2840 2715 2914 synodi
2758 2840 3115 2897 Orientalium
3169 2840 3319 2910 apud
3351 2839 3536 2896 Serdi—

1932 2954 2054 2995 cam
2108 2939 2490 3009 episcoporum
2521 2952 2551 2992 a
2609 2944 2763 3010 parte
2790 2937 3137 3005 Arianorum,
3185 2937 3333 3009 quod
3372 2936 3536 2995 mise-

1933 3041 2060 3089 runt
2090 3031 2159 3087 ad
2181 3029 2445 3087 Africam.

2184 3181 2666 3245 FRAGMENTUM
2702 3182 2772 3244 IV
2815 3187 3006 3263 (Alias
3033 3204 3050 3245 ι
3081 3184 3286 3262 partis).

1937 3334 2133 3382 INCIPIT
2166 3336 2455 3380 exe-rsum
2485 3336 2761 3380 srts'rous
2790 3321 2866 3398 (ᾳ)
2899 3340 3094 3381 LIBERI]
3133 3340 3370 3382 EPISCOPI
3390 3339 3542 3384 ensis

2268 3430 2429 3472 ROIE
2458 3431 2529 3471 AD
2552 3430 2889 3475 OBIENTALES
2918 3434 3219 3476 EPISCOPOS.

1941 3539 2314 3597 Dilectissimis
2344 3536 2598 3594 fratribus
2630 3548 2683 3596 et
2720 3540 3058 3612 coepiscopis
3082 3541 3283 3598 nostris
3324 3542 3545 3599 univer-

2011 3634 2089 3691 sis
2120 3648 2216 3706 per
2241 3633 2513 3690 Orientem
2537 3633 2846 3691 constitutis
2867 3676 2882 3701 ,
2908 3636 3152 3694 Liberius
3180 3638 3327 3693 urbis
3352 3638 3543 3695 Romae

2015 3728 2303 3798 episcopus
2331 3736 2590 3783 mternam
2618 3727 2870 3785 salutem.

2018 3866 2070 3920 1.
2111 3861 2346 3920 Liberius
2378 3861 2727 3918 Orientalibus
2756 3878 2900 3917 suam
2928 3864 3339 3922 communionem
3358 3867 3549 3940 inpor-

1948 4058 2053 4172 ἓιιτι
2085 4041 2329 4098 nonnulli
2384 4042 2621 4114 cpisc0pi
2656 4044 2867 4103 Meletio
2888 4047 3259 4108 adhaerebant.
3294 4048 3546 4112 Proxima

2003 4114 2173 4171 usebii
2203 4114 2527 4172 subscriptio
2580 4130 2983 4172 sunervacanea
3017 4123 3260 4172 videtur-
3293 4141 3414 4172 cum
3447 4144 3546 4172 ηπ-

2003 4114 2173 4198 usebii
2203 4114 2527 4196 subscriptio
2580 4130 2983 4187 supervacanea
3017 4123 3260 4193 videtur,
3293 4141 3414 4182 cum
3447 4144 3546 4184 ex-

1949 4198 2053 4245 stet
2081 4200 2190 4256 1am
2216 4200 2485 4256 snpcrius.

2023 4262 2107 4331 (It)
2146 4257 2203 4341 in
2225 4274 2334 4341 ins.
2365 4257 2536 4341 Pith.,
2570 4276 2601 4314 a
2633 4258 2884 4341 Troa_das.
2912 4263 3187 4341 Superiori
3218 4267 3406 4341 pagina
3433 4269 3546 4340 iam

1948 4327 2188 4390 occurrit
2216 4327 2378 4402 Pison
2400 4331 2672 4402 episcOpus
2697 4350 2729 4387 a
2750 4330 2975 4392 Troada.

2023 4402 2086 4531 Si)
2126 4400 2270 4458 Pith.
2298 4416 2399 4459 ms.
2432 4400 2463 4456 ἀ
2492 4400 2545 4456 Ν
2551 4400 2905 4462 eocwsarioso.
2937 4408 3090 4479 Apud
3114 4409 3319 4480 Labb.,
3376 4412 3547 4472 Theo-

2050 4491 2108 4529 us
2129 4475 2399 4531 evisconus
2423 4491 2456 4528 a
2488 4472 2845 4531 Neocwsarea.

1951 4472 2108 4531 dum
2129 4475 2399 4544 episcopus
2423 4491 2456 4528 a
2488 4472 2845 4533 Neoctesarra.

1980 4545 2095 4631 “(1')
2134 4545 2215 4631 An
2240 4544 2388 4629 Isim:
2426 4547 2720 4631 innAtltribo
2748 4551 2801 4631 in
2841 4548 3042 4631 Meletii
3066 4553 3337 4631 breviarin
3362 4575 3552 4617 recen-

1945 4617 2085 4675 situ's'
2109 4661 2122 4684 ,
2165 4626 2221 4673 et
2266 4619 2318 4672 in
2342 4617 2646 4690 reonllanda
2675 4621 2969 4680 Athanasio
2996 4626 3269 4684 calumnia
3296 4630 3547 4690 Calliniei

1949 4700 2007 4747 et
2039 4689 2381 4746 Eudtemonis
2408 4692 2625 4747 socius?

2021 4762 2096 4832 (It)
2141 4763 2199 4832 In
2230 4761 2424 4815 Meletii
2459 4762 2762 4831 breviario,
2793 4764 2947 4822 Isaac
2985 4770 3038 4825 in
3075 4767 3225 4829 Leto.

2020 4830 2088 4908 (ι)
2129 4830 2637 4916 Filimatius-codex
2670 4852 2699 4889 a
2749 4830 2927 4916 prima
2955 4857 3147 4910 manu,
3174 4844 3237 4899 ab
3277 4844 3464 4916 Lecto,
3493 4857 3551 4907 et

1943 4922 1973 4962 a
2005 4900 2243 4961 secunda
2265 4947 2277 4969 ,
2302 4903 2370 4976 fab
2400 4900 2603 4961 Nileclo
2627 4923 2646 4961 :
2674 4900 2815 4965 unde
2839 4911 3044 4969 editum
3068 4900 3186 4972 erat
3205 4936 3239 4971 α
3267 4900 3552 4976 Νἱέὶλὲέιᾶξ

2016 4978 2115 5054 (ω)
2156 4976 2248 5032 Ille
2283 4975 2428 5054 forte
2466 4988 2548 5033 est
2576 4978 2871 5054 Sisinnius,
2914 5001 3073 5054 quem
3114 4987 3442 5047 Athanasius
3478 4975 3548 5048 ad

1944 5046 2104 5105 Solit.
2134 5046 2383 5121 pag._858
2427 5062 2678 5121 recenset
2721 5046 2866 5110 inter
2909 5046 3193 5115 v'cteranos
3224 5061 3338 5117 Arii
3378 5046 3550 5120 disci-

1945 5122 2101 5192 pulos
2127 5124 2195 5174 ab
2221 5119 2528 5192 Alexandro
2553 5122 2859 5192 damnatos.

2044 5191 2097 5266 η)
2141 5192 2195 5246 In
2223 5206 2322 5244 ms.
2356 5188 2499 5245 Pith.
2530 5210 2564 5248 a
2599 5191 2791 5250 Gusra.

2013 5195 2089 5336 ἕο)
2132 5262 2413 5336 Ἦιίεειιυῐη
2441 5272 2558 5320 erat
2595 5268 2658 5321 ab
2688 5264 2791 5324 Coo

1952 5262 2413 5390 mgo)avéielrg:;um
2441 5272 2558 5320 erat
2595 5268 2658 5321 ab
2688 5264 2839 5324 Coae.
2870 5266 3099 5344 Propius
3128 5285 3305 5333 tamen
3328 5277 3550 5337 exhibet

2025 5408 2104 5479 (p)
2144 5405 2214 5485 Si
2230 5422 2289 5485 se
2331 5408 2600 5485 octoginta
2629 5412 2913 5485 episcopos
2936 5414 2988 5470 in
3033 5432 3196 5474 unum
3227 5423 3559 5480 convenisse

1954 5494 2107 5564 num:
2155 5481 2216 5536 l6
2250 5482 2368 5564 Anon
2429 5481 2760 5564 mendaciter
2801 5481 2979 5542 testati
3019 5499 3178 5558 sunt,
3220 5504 3433 5564 septeni
3468 5496 3557 5552 hic

1956 5551 2334 5623 desiderantur
2370 5550 2812 5623 subscriptiones.

2028 5622 2106 5697 (τι)
2148 5622 2408 5707 Baronius
2438 5623 2489 5676 in
2517 5622 2829 5707 appendice
2876 5636 3006 5707 toni.
3038 5645 3141 5703 tn,
3182 5630 3257 5707 ad
3289 5634 3558 5707 an.-352,

1959 5695 2099 5772 hanc
2128 5695 2410 5763 epistolam
2440 5696 2808 5772 antiquitatem
2834 5700 3087 5761 redolere
3099 5695 3194 5772 {et
3214 5695 3416 5765 Liberii
3440 5695 3560 5768 am;

1961 5769 2218 5849 scriptam
2240 5768 2637 5852 essetconcedit
2660 5784 2818 5852 ream
2844 5768 3270 5852 uenenornnino
3294 5791 3454 5851 negat
3475 5784 3560 5852 ip-

1963 5836 2087 5896 sius
2108 5852 2247 5897 esse.
2275 5836 2322 5895 A
2348 5837 2624 5911 plerisque
2643 5842 2805 5899 etiam
2832 5836 3076 5927 rejiicitur
3098 5860 3157 5907 ut
3185 5850 3304 5911 [icta
3331 5836 3394 5910 εἴ
3410 5836 3562 5911 adul-
