4062 6332
218 338 311 394 681

218 547 468 600 munione
497 559 614 599 mea
638 544 751 600 sive
779 544 1035 599 Ecclesia:
1074 544 1364 611 Romanae,
1391 546 1556 618 670
1581 558 1632 603 et
1660 561 1807 603 con—

219 640 387 697 snrtio
417 639 721 695 litterarum
762 638 1270 694 ecclesiasticarum.

280 733 335 788 2.
372 732 437 789 In
461 751 662 790 cassum
701 734 922 803 con/icta
956 733 1065 789 hwc
1094 733 1330 802 epistola.
1359 732 1483 790 Cur.
1503 763 1577 775 -—
1620 752 1639 787 ι
1669 734 1806 803 Quid

213 826 263 882 in
294 824 378 881 his
409 825 606 883 litteris
644 825 721 897 (a)
749 841 865 881 non
897 825 1235 893 sanctitatis,
1263 825 1389 896 quid
1415 840 1520 882 non
1563 842 1629 881 ex
1660 834 1806 882 metu

214 922 307 978 Dei
335 919 593 977 eveniens
634 920 754 977 est?
786 920 893 978 Sed
944 919 1218 976 Potamius
1247 928 1302 976 et
1331 919 1610 991 Epictetus
1631 963 1646 986 ,
1679 920 1807 976 dum

211 1013 469 1068 damnare
515 1012 661 1068 urbis
698 1012 888 1069 Roma:
913 1014 1225 1083 episcopum
1272 1012 1530 1084 gaudent,
1574 1013 1715 1068 sicut
1755 1014 1808 1069 in

212 1108 541 1165 Ariminensi
570 1108 780 1180 synodo
804 1108 1134 1175 continetur,
1159 1106 1349 1163 audire
1376 1106 1492 1162 bare
1520 1108 1812 1163 noluerunt

212 1206 273 1276 (Ι.
305 1204 507 1261 audere
534 1204 649 1262 haec
678 1202 1015 1276 potuerunt).
1043 1204 1183 1274 Quin
1206 1204 1369 1263 etiam
1393 1203 1811 1260 Fortunatianus

218 1303 509 1372 episcopus
552 1300 836 1371 epistolam
881 1299 1126 1355 eamdem
1160 1314 1372 1354 rursum
1410 1298 1641 1354 diversis
1693 1296 1810 1368 epi-

216 1397 400 1465 sc0pis
452 1395 692 1462 mittens,
719 1394 852 1450 nihil
899 1393 1142 1465 proiecit.
1181 1391 1248 1449 Ut
1290 1403 1467 1448 autent
1516 1390 1571 1446 in
1622 1400 1810 1461 negata

210 1490 507 1546 Athanasio
533 1491 915 1546 communione
944 1488 1047 1543 sibi
1074 1488 1254 1558 potius
1269 1485 1343 1560 (ὁ)
1362 1494 1545 1542 essent
1572 1486 1810 1551 onerosi,

211 1598 437 1654 remque
485 1597 704 1639 omnem
755 1581 859 1636 sibi
915 1580 1141 1652 periculi
1184 1580 1461 1646 facerent,
1518 1578 1815 1635 dummodo

212 1679 346 1735 nihil
377 1677 685 1735 Sardicensi
734 1676 975 1749 Synodo,
1024 1691 1128 1747 qua
1175 1675 1505 1731 Athanasius
1533 1674 1816 1731 absolutus

212 1781 266 1828 et
299 1771 486 1828 Ariani
535 1772 774 1828 damnati
827 1770 1062 1837 fuerant,
1102 1770 1483 1839 decerperent;
1528 1769 1721 1824 littera:
1751 1784 1815 1823 ex

1144 336 1237 392 EX
1277 336 1505 393 OPERE
1545 334 1907 395 llISTOHlCO
1944 337 2421 398 FRAGMENTUM
2464 340 2528 396 ν.

214 448 576 521 supradictum
605 458 783 505 autem
810 447 1157 504 Athanasium
1188 450 1421 506 alienum
1447 465 1567 506 esse
1595 468 1623 507 a
1651 467 1798 507 com-
1831 453 1878 513 A

3401 348 3509 407 68:).

1978 471 2104 510 'l‘lUM
2144 472 2527 512 IHPEBATOREI
2559 473 2592 513 Δ
2620 473 2831 514 ιιιιειιιο
2872 473 3121 517 εριεϐορο
3161 476 3313 519 URBIS
3351 480 3510 521 30MB

1979 563 2082 604 PER
2121 565 2422 606 LUCIFERUM
2463 564 2753 608 EPISCOPUH
2794 552 2953 627 (circa
2979 572 3067 610 an.
3097 555 3260 628 554).

2042 664 2447 723 Gloriosissimo
2485 667 2805 726 Constantio
2841 670 3088 744 Augusto
3127 673 3377 733 Liberius

2557 761 2881 835 Episcopus.

1984 856 2033 911 1.
2077 853 2313 910 Liberius
2333 854 2607 910 concilium
2644 859 2954 926 expostulat.
2978 858 3372 915 Contumeliosis
3404 878 3510 916 ser-

1909 948 2141 1004 monibus
2187 946 2541 1003 aCoitstantio
2589 947 2644 1002 in
2685 949 2866 1020 vulgus
2910 953 3105 1021 sparsis
3133 952 3406 1007 laceratur.
3444 985 3513 994 —

1908 1041 2168 1107 Obsecro,
2203 1040 2643 1112 tranquillissime
2673 1041 2988 1113 imperator,
3009 1053 3069 1099 ut
3091 1045 3220 1099 mihi
3256 1045 3513 1117 benignas

1910 1148 2070 1188 aures
2092 1134 2379 1188 clementia
2406 1143 2489 1188 tua
2520 1133 2741 1197 tribuat,
2771 1133 2838 1206 (Ῑ)
2866 1151 2972 1206 quo
3013 1137 3179 1206 possit
3208 1148 3517 1195 mansuetu-

1912 1223 2022 1279 dini
2056 1233 2160 1279 tuzn
2188 1225 2386 1280 mentis
2409 1240 2541 1280 mea:
2565 1227 2900 1295 propositum
2925 1244 3210 1297 apparere.
3243 1231 3315 1285 De
3338 1230 3520 1285 Chris-

1915 1317 2064 1372 tiano
2097 1317 2242 1373 enim
2276 1317 2604 1388 imperatore
2639 1327 2697 1375 et
2719 1330 2921 1375 sanetze
2950 1320 3225 1376 memoria:
3255 1319 3525 1378 Constan-

1915 1411 2011 1465 tini
2037 1410 2144 1465 lilio
2166 1410 2267 1466 hoc
2288 1410 2461 1480 ipsum
2481 1412 2598 1467 sine
2614 1417 2957 1469 cunctatione
2978 1429 3189 1469 mereor
3206 1414 3519 1483 impetrare.

1917 1502 2021 1569 Sed
2054 1504 2199 1560 ineo
2232 1519 2317 1558 me
2346 1503 2597 1560 laborare
2641 1505 2917 1576 intelligo,
2950 1506 3073 1577 quia
3103 1508 3330 1577 repetita
3363 1510 3523 1564 satis-

1918 1594 2169 1661 factione,
2204 1595 2523 1665 placabilem
2554 1596 2717 1652 etiam
2750 1596 2893 1653 circa
2924 1612 3046 1652 reos
3073 1601 3311 1654 animum
3344 1607 3520 1664 tuum,

1918 1687 1973 1742 in
2011 1687 2238 1759 gratiam
2276 1702 2451 1743 meam
2495 1702 2751 1745 revocare
2789 1705 2897 1745 non
2938 1704 3179 1761 possum.
3227 1691 3420 1748 Sermo
3446 1692 3523 1765 (g)

1921 1783 2067 1839 enim
2102 1783 2318 1853 pietatis
2346 1791 2453 1839 tua:
2479 1825 2493 1848 ,
2522 1783 2838 1855 jamdudum
2881 1786 2945 1841 ad
2984 1787 3237 1856 populum
3283 1788 3517 1855 missus,

212 1864 450 1936 Egypto
493 1865 569 1936 (ο)
595 1864 931 1935 omni'atque
965 1863 1033 1919 ab
1062 1863 1385 1919 Alexandria
1417 1863 1596 1919 missm
1626 1863 1814 1918 admo-

1935 1892 2009 1932 ne
2036 1876 2276 1946 quidem,
2301 1893 2459 1948 quem
2490 1879 2755 1947 patienter
2780 1879 2961 1935 omnia
2992 1881 3133 1937 ferre
3161 1897 3387 1940 necesse
3413 1893 3519 1952 est,

211 1961 412 2016 nebant
444 1977 457 2014 :
491 1961 747 2032 quoniam
796 1958 983 2029 quales
1028 1958 1098 2012 ad
1127 1956 1324 2014 Julium
1359 1957 1566 2027 pridem
1595 1956 1663 2014 de
1689 1958 1812 2014 red-

214 2053 391 2110 denda
439 2052 521 2126 (d)
563 2053 828 2109 exsulanti
876 2051 1175 2108 Athanasio
1227 2050 1607 2107 communione
1660 2061 1817 2107 erant

209 2148 451 2217 scriptte,
503 2147 639 2203 tales
677 2162 818 2203 nunc
853 2158 909 2203 ut
938 2146 1008 2203 de
1047 2145 1307 2217 subjectis
1357 2146 1704 2217 intelligetur,
1748 2145 1815 2201 ad

211 2239 487 2299 Liberium
520 2240 658 2297 data:
687 2248 815 2297 sunt
843 2240 910 2298 de
942 2225 1161 2296 tuenda.
1198 2258 1216 2290 ι

387 2633 551 2711 671
577 2633 1056 2693 FRAGMENTUM
1095 2632 1139 2691 ν
1172 2634 1339 2709 (Alias
1368 2650 1407 2691 ιι
1444 2635 1645 2709 partis).

212 2834 419 2877 INCIPIT
457 2832 714 2874 EPISTOLA
735 2832 1057 2875 ιεοιιτοιιυιι
1115 2815 1186 2890 (ϐ)
1226 2829 1388 2874 ιιιεεΑ
1437 2834 1506 2873 ΔΙ)
1548 2833 1814 2875 CONSTAN-

211 2944 374 2992 antea
409 2933 580 3000 magis
620 2932 858 3000 placeret
887 2943 1124 2987 vestram.
1160 2930 1495 3003 Quamquam
1540 2934 1607 2987 ad
1638 2934 1826 2988 unani-

212 3008 445 3065 mitatem
477 3016 703 3059 nostram
734 3006 808 3059 sic
838 3003 964 3076 licet
993 3003 1327 3075 intelligere,
1361 3006 1511 3076 quasi
1542 3005 1610 3058 ad
1635 3009 1822 3060 unani-

211 3081 447 3135 mitatem
472 3078 607 3133 inter
631 3092 724 3131 nos
749 3075 1067 3131 servandam.

295 3171 379 3245 (a)
422 3168 751 3245 God_el‘ridus
780 3169 1039 3245 lict-urant
1180 3184 1250 3223 vn
1305 3167 1441 3245 Viue
1469 3168 1818 3245 Athanas.

212 3260 264 3302 c.
288 3240 490 3307 6.'cum
522 3240 892 3312 Fortunatiani
920 3251 1046 3295 ante
1074 3241 1281 3308 lapsum
1311 3241 1579 3297 laudabile
1601 3242 1819 3312 aliquod

214 3333 319 3385 pro
356 3314 462 3369 lide
499 3311 766 3385 catholica
803 3316 1001 3367 iactum
1041 3326 1182 3385 nunc
1214 3313 1503 3385 memorari
1546 3311 1821 3385 prore-crto

213 3383 452 3452 habeat;
502 3383 793 3457 verisimile
840 3393 1020 3457 putati,
1073 3383 1357 3457 epistolam
1399 3385 1591 3457 synodi
1639 3384 1823 3457 sardi-

212 3460 403 3517 censis
430 3456 495 3511 ad
521 3453 895 3511 ConStautium
940 3456 1157 3526 missam
1197 3454 1287 3509 hic
1325 3453 1637 3526 signiﬁcari.
1670 3455 1825 3512 Veri-

214 3531 401 3588 simile
444 3534 627 3583 tamen
675 3542 779 3583 non
827 3534 931 3588 est,
984 3535 1044 3581 ut
1090 3525 1324 3582 Hilarius
1374 3525 1503 3582 mnu
1557 3528 1823 3596 profuisse

214 3602 422 3658 dixerit
444 3601 652 3655 litteras
675 3599 1013 3654 Sardicensis
1034 3597 1247 3666 synodi,
1272 3599 1424 3668 cujus
1445 3600 1820 3655 auctoritatem

215 3673 369 3744 apud
397 3687 586 3728 oumes
614 3672 795 3744 valere
824 3671 1002 3724 statim
1035 3670 1322 3744 signiﬁcat.
1347 3671 1693 3744 Probabilius
1725 3675 1823 3726 ita-

213 3741 484 3819 qitehest,
542 3753 599 3798 ut
646 3742 903 3819 diximus,
962 3742 1447 3819 pseudoepistolam
1500 3741 1697 3819 Liberii
1740 3745 1825 3800 hic

215 3812 453 3885 intelligi
492 3833 505 3870 :
545 3830 705 3882 quam
746 3812 1161 3885 Fortunatianus
1202 3823 1322 3881 post
1361 3814 1566 3882 lapsum
1605 3816 1824 3871 mittens

214 3884 462 3944 diversis
489 3886 757 3955 episcopis
790 3884 921 3939 nihil
954 3885 1275 3954 proiecerit;
1307 3885 1426 3955 quia
1468 3889 1604 3954 apud
1635 3902 1825 3942 ottmes

215 3961 455 4016 multum
484 3959 699 4012 valebat
727 3956 1060 4027 Sardiconsis
1092 3958 1353 4027 synodus,
1386 3973 1415 4010 a
1445 3955 1665 4012 Liberio
1696 3972 1827 4014 con-

216 4033 435 4088 llrmata
477 4039 759 4101 postquam
789 4026 1165 4099 Egyptiorum
1206 4027 1403 4083 litteris
1430 4028 1498 4083 de
1537 4028 1820 4085 Athanasii

222 4118 398 4161 causa
429 4099 626 4159 certior
657 4099 825 4156 factus
853 4109 955 4156 est.

294 4196 378 4270 (b)
414 4196 493 4250 lta
525 4195 759 4251 correxit
795 4193 1000 4270 Faber;
1043 4208 1164 4248 cum
1204 4195 1461 4270 mendose
1494 4196 1544 4250 in
1586 4211 1686 4251 suo
1720 4211 1821 4252 ms.

219 4267 457 4325 haberet
482 4283 593 4323 esse
616 4267 904 4330 onerosius,
926 4277 980 4321 et
1007 4278 1190 4336 postea
1216 4268 1425 4338 faceret.
1457 4285 1551 4337 pro
1577 4272 1822 4340 facerent.

296 4379 379 4451 (ε)
421 4380 575 4453 Editi
592 4395 657 4453 ex
680 4394 792 4453 ms.
815 4378 984 4453 Ρίιιι.ἶ
1014 4379 1195 4435 litterte
1213 4397 1275 4435 ea:
1302 4378 1536 4453 [Egpr
1558 4384 1829 4450 omniaque

218 4454 290 4507 ad
344 4450 718 4524 Alexandriam,
756 4450 876 4524 iisse
901 4450 1286 4524 admonebant.
1340 4450 1491 4524 quam
1546 4455 1710 4522 qualis
1761 4456 1829 4509 ad

217 4526 431 4579 Julium
461 4524 654 4593 pridem
686 4522 749 4576 de
784 4522 1043 4576 reddenda
1073 4522 1358 4579 exsultante
1381 4526 1661 4579 Athanasio
1691 4542 1830 4579 cont-

220 4596 474 4650 munione
498 4603 642 4650 erant
665 4595 888 4661 scriptis,
922 4594 1035 4648 talis
1064 4612 1216 4660 nunc,
1252 4609 1357 4651 etc.
1391 4597 1561 4665 Quam
1590 4614 1732 4653 nunc
1760 4613 1825 4652 ex

222 4668 427 4722 iisdem
459 4666 573 4721 fere
596 4665 1030 4732 characteribus,
1066 4670 1203 4722 male
1233 4677 1389 4725 antea
1425 4671 1563 4722 inter
1588 4684 1646 4723 se
1677 4686 1820 4724 eom-

223 4740 447 4810 positis,
483 4736 759 4810 ιιποῐιιιιιιις
784 4736 1096 4810 lectionem,
1127 4740 1411 4793 coniirmat
1443 4742 1552 4810 ipsa
1587 4742 1825 4796 historia:

220 4808 457 4866 veritas.
490 4809 681 4864 Exstat
701 4823 932 4876 namque
955 4808 1094 4878 apud
1126 4808 1475 4866 Athanasium
1501 4812 1652 4866 initio
1682 4812 1829 4880 Apo-

223 4883 343 4953 log.
379 4880 442 4936 ad
474 4884 684 4954 (ὶηιιιςῐ.³
718 4896 771 4950 p.
802 4881 930 4943 722,
962 4881 1341 4954 Alexandriam
1372 4884 1559 4952 synodi
1598 4885 1827 4954 epistola

223 4952 301 5009 ab
333 4954 479 5007 omni
512 4952 767 5024 Egypto,
809 4962 861 5006 et
892 4962 947 5005 ut
987 4963 1132 5005 notat
1161 4953 1226 5006 ad
1259 4953 1397 5007 illius
1428 4952 1829 5011 calcemAtha—

225 5026 456 5089 nasius,
502 5024 568 5076 ad
606 5039 779 5096 omnes
804 5032 850 5077 et
885 5024 956 5096 ad
983 5024 1273 5096 episcopum
1307 5025 1594 5080 Romanum
1629 5027 1830 5082 Julium

224 5100 285 5152 in
337 5098 562 5166 gratiam
615 5095 895 5149 Athanasii
953 5095 1208 5165 scripta:
1264 5112 1422 5165 quam
1478 5098 1828 5155 Sardicenses

227 5168 428 5225 Patres
466 5167 628 5238 Frag.
682 5183 734 5229 ιι,
769 5185 819 5219 ιι.
855 5167 908 5227 5.
962 5167 1214 5232 laudant,
1257 5178 1311 5223 et
1350 5186 1497 5223 num.
1535 5171 1601 5224 10
1652 5172 1720 5223 ah
1763 5172 1832 5229 8i)

226 5238 505 5309 episcopis
533 5247 799 5293 testantur
824 5254 946 5309 es~e
976 5238 1214 5292 missam.
1247 5239 1485 5294 Alteram
1520 5257 1646 5296 vero
1673 5241 1831 5297 Libe-

229 5307 353 5366 rius
385 5307 498 5382 ipse
538 5311 783 5382 so-qin-nti
813 5307 1136 5379 Fragmenta
1158 5327 1209 5373 v,
1247 5324 1636 5367 coitnnemorat
1672 5313 1771 5370 sibi
1801 5331 1831 5369 a

228 5379 466 5438 totidem
518 5379 789 5454 Egyptiis
844 5382 1113 5452 episcopis
1158 5396 1255 5452 pro
1286 5384 1488 5447 eodem
1541 5385 1835 5441 Athanasio

228 5457 421 5510 datam
471 5469 540 5508 eo
594 5457 710 5523 ipso
756 5463 1035 5523 tempore,
1086 5470 1194 5524 quo
1241 5454 1592 5510 Orientalium
1648 5466 1837 5512 contra

228 5528 495 5583 eumdem
539 5525 747 5581 litteras
792 5532 1093 5593 acceperat.

311 5619 396 5692 (ά)
437 5619 623 5692 ln_ms.
648 5619 934 5692 exsultante
955 5635 974 5674 :
1002 5608 1278 5676 mendose.
1303 5620 1501 5691 Quales
1524 5621 1590 5676 ad
1614 5621 1837 5691 Julium,

233 5690 384 5765 tales
408 5692 471 5745 ad
504 5690 777 5765 Liberitnn
808 5690 1026 5765 scripta:
1066 5702 1192 5746 sunt
1223 5694 1415 5748 litterae
1447 5712 1459 5746 :
1489 5695 1611 5765 quia
1643 5705 1698 5748 ut
1729 5690 1839 5762 ille,

232 5763 321 5819 ita
362 5771 415 5817 et
448 5765 535 5817 hic
577 5762 647 5819 80
684 5760 1060 5834 [Egyptiorum
1101 5766 1477 5834 episeoporum
1508 5760 1738 5821 'litteras
1792 5760 1844 5823 in

235 5836 473 5907 gratiam
502 5834 782 5890 Athanasii
808 5835 1015 5905 accepit
1041 5852 1054 5889 :
1080 5848 1133 5889 ut
1154 5836 1216 5891 de
1241 5837 1486 5911 subjectis
1510 5836 1842 5911 intelligetur,

844 5929 1117 5991 ΡΑτιιοι..
1155 5928 1240 5991 Χ.

1853 4634 1909 4695 D

1922 1968 2213 2040 plurimum
2247 1970 2493 2026 lacerat:
2530 1971 2627 2027 sed
2673 1973 2910 2028 animum
2961 1982 3132 2039 tuum,
3180 1976 3269 2044 qui
3317 1977 3526 2032 lenitati

1922 2078 2140 2135 semper
2184 2074 2356 2128 vacat,
2414 2064 2506 2136 qui
2556 2080 2871 2137 numquam,
2925 2078 2983 2121 ut
3022 2068 3283 2139 scriptum
3324 2078 3426 2137 est,
3477 2070 3531 2126 in

1923 2176 2175 2218 occasum
2216 2159 2322 2216 dici
2364 2159 2697 2215 iracundiam
2738 2169 2951 2227 servat,
2988 2163 3225 2219 retinere
3262 2164 3403 2220 circa
3445 2179 3534 2220 me

1927 2254 2352 2328 indignationem
2400 2254 2666 2311 miraculo
2706 2255 2835 2319 mihi
2886 2265 2989 2311 est.
3037 2256 3149 2327 Ego
3192 2256 3359 2325 enim,
3406 2257 3533 2312 reli-

1920 2349 2227 2422 giosissime
2269 2350 2594 2420 imperator,
2630 2360 2807 2404 tecum
2839 2365 3021 2405 veram
3064 2366 3249 2422 pacem
3281 2353 3529 2421 requiro,

1922 2459 2045 2514 qua:
2088 2458 2197 2497 non
2237 2440 2311 2498 sit
2337 2441 2521 2498 verbis
2570 2442 2870 2513 composita
2914 2441 3126 2498 interna
3176 2443 3533 2513 dispositione

1920 2534 2179 2601 fallaciae,
2223 2534 2320 2590 sed
2351 2536 2636 2605 praeceptis
2672 2532 3089 2605 Evangeliorum
3134 2537 3534 2592 rationabiliter

1922 2629 2267 2686 conﬁrmata.
2315 2627 2433 2683 Non
2477 2627 2761 2683 Athanasii
2816 2636 3022 2683 tantum
3081 2630 3388 2699 negotium,
3436 2633 3532 2687 sed

1924 2724 2092 2780 multa
2129 2723 2232 2779 alia
2266 2724 2318 2777 iu
2350 2722 2588 2778 medium
2621 2729 2922 2788 venerunt,
2957 2733 3180 2792 propter
3204 2738 3321 2794 quae
3353 2724 3540 2781 conci-

1921 2817 2050 2873 lium
2068 2816 2188 2872 ﬁeri
2212 2814 2680 2872 mansuetudinem
2698 2823 2843 2869 tuam
2860 2813 3068 2870 fueram
3084 2816 3407 2886 deprecatus
3424 2815 3531 2889 (It):

1933 2943 2059 3002 puta
2090 2948 2156 2987 ex
2187 2930 2431 3002 sequenti
2453 2928 2790 3002 Fragmenta
2822 2945 2946 2982 num
2970 2928 3022 2982 2.
3055 2928 3208 3002 Quod
3242 2929 3539 2995 Fragmcn-

1932 3000 2043 3058 tum
2086 3019 2208 3057 cum
2254 3000 2304 3056 in
2353 3000 2652 3072 archetypo
2690 3015 2792 3055 ms.
2836 3001 2889 3054 in
2932 3002 3097 3067 prima
3143 3000 3333 3056 horum
3372 3002 3540 3071 Frag-

1932 3083 2240 3130 mentorum
2274 3084 2457 3144 parte,
2508 3073 2609 3144 hoc
2640 3080 2817 3126 autern
2839 3073 3003 3144 _qnod
3040 3087 3145 3144 pra:
3175 3074 3420 3127 inanibus
3455 3085 3540 3130 est

1930 3147 1984 3202 in
2030 3142 2288 3202 secunda
2319 3156 2524 3199 tantum
2580 3143 2754 3197 locum
2805 3142 3078 3207 obtineat;
3128 3143 3255 3200 hinc
3295 3146 3540 3213 sequitur

1852 3238 1897 3302 ρ
1932 3220 2304 3302 laturumque
2332 3230 2536 3302 partem
2564 3214 2629 3268 ad
2656 3215 2913 3302 llilarittiit
2945 3216 3239 3302 pertinere,
3271 3232 3373 3299 nec
3398 3219 3539 3301 bene

1928 3306 1956 3345 a
1990 3289 2271 3345 Blondello
2303 3284 2358 3343 et
2385 3289 2502 3343 aliis
2534 3284 2805 3359 nonnullis
2835 3301 2952 3339 eam
2986 3286 3061 3340 illi
3094 3286 3293 3359 auferri
3326 3290 3530 3359 qum‘in

1924 3377 2027 3416 ms.
2079 3364 2248 3431 prima
2292 3370 2406 3415 est:
2453 3359 2519 3413 2°
2545 3357 2992 3431 Fragmentorum
3034 3358 3281 3414 ordinem
3331 3357 3382 3414 in
3425 3377 3527 3417 ius.

1926 3429 2200 3489 inversum
2241 3446 2394 3496 esse,
2427 3432 2470 3484 si
2499 3429 2715 3498 quidem
2740 3431 2786 3484 ei
2817 3430 3063 3498 quintum
3090 3430 3359 3485 invenitur
3391 3448 3531 3501 pra:-

1925 3508 2200 3574 positum,
2244 3505 2329 3558 cui
2379 3501 2773 3572 subjiciendum
2818 3516 2939 3574 esse
2965 3501 3195 3556 ililarius
3237 3502 3528 3569 decl--rat;

1924 3572 1982 3632 3°
2011 3578 2232 3632 Nieolao
2258 3575 2435 3631 Fabro
2459 3575 2702 3642 licuisse,
2725 3588 2879 3642 quam
2911 3572 2961 3626 in
2983 3587 3088 3644 gms.
3122 3574 3350 3640 primam
3381 3591 3535 3644 repe-

1926 3650 1996 3704 rit
2049 3648 2210 3720 hujus
2256 3647 2438 3714 operis
2493 3656 2732 3720 partem,
2790 3643 3030 3720 secundo
3087 3644 3365 3720 dumtaxat
3418 3643 3538 3702 luco

1926 3722 2088 3777 edere
2120 3716 2151 3774 ἐ
2184 3719 2399 3773 demum
2445 3732 2552 3771 nou
2596 3717 2770 3771 minus
2816 3716 2977 3788 licere
3020 3716 3176 3771 nobis
3208 3716 3534 3788 Fragmenta

1926 3793 2136 3863 singula
2180 3792 2460 3845 meliorem
2495 3788 2548 3863 in
2585 3789 2831 3863 ordinem
2864 3787 3395 3863 disponere._l_‘ieque
3420 3792 3535 3863 licet:

1929 3858 2137 3933 negarit
2157 3865 2462 3931 quisquam,
2494 3859 2596 3913 ui~i
2629 3862 2720 3933 qui
2748 3858 2902 3933 illud,
2937 3869 2991 3911 ut
3015 3860 3080 3933 de
3107 3859 3349 3933 subiectis
3378 3860 3531 3915 intel-

1926 3929 2132 4007 ligetur,
2166 3929 2308 4007 lo_rte
2336 3933 2475 4007 volet
2522 3945 2627 3984 non
2657 3930 2721 4007 ad
2752 3929 3023 4007 subjectos
3060 3929 3266 4007 biberii
3286 3930 3527 4007 litteras,

1927 4000 2021 4062 sed
2064 4006 2133 4061 ad
2176 4004 2552 4076 [Egyptiorum
2583 4001 2869 4072 epistolam
2910 4016 3028 4072 qua:
3068 4000 3194 4057 hinc
3222 4002 3292 4058 sit
3320 4003 3530 4073 dilapsa

1926 4078 2141 4134 referri.

2004 4167 2078 4242 (e)
2119 4166 2350 4242 Luciferi
2386 4165 2638 4242 nimirum
2664 4164 2906 4242 episcopi
2922 4162 3237 4230 Calaritani,
3265 4164 3534 4242 Pancratii

1932 4236 2233 4326 presbyteri
2255 4251 2372 4326 ,net
2413 4238 2625 4326 ¹ῌὶιίιιτί]⁷
2659 4236 2873 4326 diaepni
2903 4255 2931 4319 ἐ
2973 4252 3222 4326 (ιιιιιςιιιιι.
3255 4240 3531 4326 Consortio

1924 4306 2213 4385 juuxit'ise
2269 4309 2532 4385 Eusebius
2586 4306 3222 4385 Vercellen‘sisgLiln-rii
3255 4309 3529 4385 epistola,

1971 4400 2088 4439 nam
2117 4383 2382 4438 Barunius
2408 4383 2474 4435 ad
2502 4399 2591 4435 an.
2626 4381 2751 4437 55$.
2776 4398 2829 4434 ιι.
2859 4380 2915 4442 ‘2,
2941 4380 3222 4445 describit,
3254 4382 3528 4437 invitatus.

1981 4472 2082 4511 auc
2110 4467 2227 4523 post
2258 4455 2494 4509 deletum
2530 4453 2890 4522 Magnentium
2923 4452 3363 4522 celebranturque
3392 4451 3526 4509 Are-

1934 4530 2138 4585 latense
2157 4526 2283 4581 anni
2307 4527 2412 4581 353
2437 4527 2724 4580 concilium
2784 4525 3001 4578 ιιιιδειιιι
3050 4539 3171 4578 esse
3203 4539 3308 4579 non
3331 4525 3527 4579 obscu-

1934 4618 2050 4655 rum
2078 4598 2403 4654 est.\lalesio
2422 4610 2624 4663 autem,
2648 4594 3206 4651 animadversionilms
3228 4596 3278 4650 in
3303 4614 3420 4664 cap.
3455 4597 3524 4652 57

1937 4672 2028 4728 lib.
2067 4688 2099 4725 ιι
2131 4670 2388 4732 Socratis,
2433 4684 2551 4725 eam
2581 4669 2645 4720 ad
2698 4683 2897 4721 annum
2930 4666 3037 4722 556
3066 4666 3332 4723 dilfereuii
3368 4684 3528 4723 nemo

1931 4746 2225 4798 assentitur
2269 4783 2280 4795 .
2323 4756 2444 4795 cmn
2491 4740 2739 4796 Liberius
2782 4739 2879 4794 hac
2927 4737 3190 4806 legatione
3235 4740 3525 4794 cont-ilium

1931 4814 2227 4871 obtinuerit
2253 4813 2395 4884 quod
2427 4828 2568 4866 anno
2597 4810 2705 4867 553
2735 4810 3017 4865 Mediolani
3062 4810 3391 4884 celebraturi:
3423 4822 3527 4865 est.

1933 4886 2119 4957 Itaque
2153 4883 2292 4939 inter
2317 4884 2835 4957 eruditosemwenit
2857 4924 2871 4947 ,
2902 4898 3019 4937 eam
3051 4899 3194 4957 anno
3222 4883 3326 4957 5‘54
3354 4884 3527 4957 scrip—

1934 4952 2046 5011 tnui
2071 4974 2221 5021 esse,
2251 4967 2303 5010 et
2334 4966 2389 5008 ut
2422 4966 2537 5019 post
2564 4955 2852 5009 Barouiuni
2888 4962 3036 5023 putat
3062 4952 3333 5010 Antonius
3360 4953 3525 5024 Pagi,

1934 5044 2055 5084 cum
2100 5029 2275 5083 adhuc
2315 5026 2368 5080 in
2410 5025 2598 5082 Galliis
2644 5037 2827 5094 ageret
2866 5026 3229 5091 Constantius,
3275 5029 3362 5096 qui
3398 5029 3532 5079 Am-

1936 5103 2139 5164 miano,
2166 5110 2299 5156 teste
2331 5100 2420 5152 lih.
2453 5114 2561 5162 xiv,
2590 5112 2639 5152 c.
2673 5097 2729 5163 4,
2760 5097 2860 5152 suh
2899 5097 3141 5167 eju~dem
3174 5099 3296 5150 anni
3330 5096 3534 5150 exitum

1936 5171 1990 5236 in
2034 5170 2239 5225 Italiam
2284 5170 2348 5224 ad
2398 5170 2620 5224 hiberna
2658 5168 2903 5224 secessit.
2952 5168 3205 5223 Eamdem
3251 5169 3535 5236 epistolam

1981 5247 2199 5297 aronius
2228 5242 2294 5297 ad
2332 5258 2421 5296 an.
2455 5242 2585 5304 55L
2621 5260 2675 5296 ιι.
2700 5241 2756 5303 2.
2786 5240 3067 5309 exscripsnt
3115 5256 3178 5293 ex
3210 5238 3532 5294 hihlio'heca

1937 5313 2152 5369 Patrum
2175 5314 2308 5371 edit.
2332 5314 2586 5381 Paris.,iu
2610 5329 2712 5384 qua
2734 5325 2905 5367 exstat
2930 5312 3072 5368 inter
3092 5310 3320 5365 Luetferi
3337 5311 3535 5381 Opera.

2014 5406 2084 5480 (f)
2125 5405 2277 5477 Apud
2304 5406 2524 5473 Baron.,
2558 5423 2659 5474 quo
2687 5407 2875 5480 possim
2898 5421 2916 5472 ;
2946 5417 3002 5459 et
3027 5417 3153 5459 mox
3177 5402 3376 5471 aperire
3396 5444 3411 5471 ,
3445 5417 3543 5474 pro

1943 5478 2230 5551 apparere;
2257 5489 2313 5535 et
2338 5490 2496 5534 antea
2523 5490 2663 5548 opto.
2692 5495 2791 5550 pro
2818 5478 3042 5531 obsecra.

2017 5547 2098 5625 (g)
2141 5552 2323 5625 Qualis
2345 5552 2511 5625 fuerit
2530 5547 2615 5625 hic
2636 5547 2835 5625 sermo,
2860 5548 3109 5625 augurari
3133 5548 3257 5603 licet
3278 5563 3341 5602 ex
3368 5547 3546 5603 verbis

1950 5621 2101 5679 num.
2133 5625 2186 5690 5,
2217 5623 2409 5693 quibus
2437 5621 2682 5678 Liberius
2706 5624 2933 5693 ittnoceu
2966 5624 3069 5673 iam
3100 5635 3252 5693 Suam
3284 5628 3486 5674 tuetur.

2028 5696 2109 5767 th)
2151 5691 2307 5750 Anno
2363 5710 2643 5767 superiore
2689 5711 2783 5762 per
2812 5691 3549 5767 _Vin0entium_Capuanum,

1956 5768 2045 5837 qui
2062 5762 2279 5822 Arelate
2293 5782 2415 5823 cum
2437 5762 2649 5822 Arionis
2671 5767 2723 5820 in
2742 5764 3017 5820 Athanasii
3041 5762 3551 5820 eundetnnationem

1957 5842 2256 5898 consensit.
