4062 6332
520 333 631 394 683

1760 323 2007 386 SANCTI
2039 317 2300 384 HILABII
2336 323 2651 386 EPISCOPI

3723 328 3826 386 εει

521 458 578 507 ιιι
617 454 742 504 ante
781 444 962 502 omnia
983 485 998 511 ,
1037 441 1182 514 quod
1234 442 1544 513 specialiter
1579 449 1729 510 Optat
1779 441 1976 498 mentis
2019 449 2128 496 tutae
2151 441 2206 501 Δ
2231 443 2489 513 cogitare.
2522 441 2701 498 Testis
2729 449 2907 498 autem
2935 441 3066 496 mihi
3093 449 3178 499 est
3212 439 3386 506 Deus.
3419 443 3578 500 testis
3605 452 3689 499 est
3719 455 3821 500 tota

521 555 652 611 erga
681 540 844 594 Deum
873 537 1082 594 sincera
1122 535 1341 598 devotio
1363 578 1377 603 ,
1406 552 1528 592 cum
1559 535 1681 592 ﬁdei
1710 551 1872 592 causa
1893 577 1910 604 ,
1941 537 1994 592 in
2020 551 2126 606 qua

525 632 696 702 prima
747 629 905 686 nobis
951 644 1078 702 spes
1115 639 1200 690 εει
1245 628 1311 686 ad
1362 628 1555 690 Deum.
1606 628 1893 698 diligenter
1941 627 2128 685 fuisset

519 725 682 798 672
709 732 931 780 tractata
958 721 1054 796 (α),
1084 738 1152 778 ne
1173 738 1379 790 eorum,
1403 724 1492 794 qui
1519 733 1757 776 nostram
1783 723 1924 800 circa
1955 722 2126 777 Deum

519 817 916 874 observantiam
942 816 1127 878 mirari
1150 815 1368 881 debent,
1391 825 1611 886 possent
1635 815 1796 870 ﬁniri.
1819 815 1885 872 Et
1904 814 2123 884 dignum

516 913 688 968 fuerat
719 911 811 966 Dei
838 910 1068 980 cultore,
1102 909 1322 982 dignum
1356 909 1583 980 imperio
1615 919 1707 962 tuo
1733 906 1876 978 quod
1911 905 2114 964 Christi

519 1007 719 1082 pietate
747 1007 948 1078 regitur
970 1016 1024 1062 et
1061 1017 1312 1078 augetur,
1343 1004 1653 1075 specialiter
1683 1003 1788 1062 hoc
1819 1003 1993 1074 ipsum
2025 1017 2123 1076 pro

519 1103 820 1160 reverentia
856 1112 1056 1158 sanctae
1094 1099 1408 1172 religionis,
1449 1100 1532 1156 cui
1567 1097 1862 1170 prudenter
1889 1099 2126 1154 intentus

520 1211 602 1266 es,
626 1195 968 1253 clementiam
987 1204 1132 1252 tuam
1163 1195 1318 1252 nobis
1343 1192 1409 1251 ad
1437 1194 1556 1250 haec
1609 1193 1950 1265 impetranda
1986 1207 2126 1265 prae-

520 1297 688 1346 stare.

588 1383 645 1438 2.
689 1383 910 1440 Litteras
936 1383 1281 1440 Orientalium
1301 1383 1647 1456 suppressisse
1675 1380 1810 1452 {also
1830 1391 2122 1438 accusatur.

521 1472 627 1530 Cur
673 1477 745 1532 eis
791 1476 1048 1546 ﬁdemnon
1089 1475 1345 1532 habuerit.
1404 1505 1474 1516 ——
1515 1475 1621 1532 Sed
1661 1475 1814 1532 multi
1861 1474 2118 1532 Ecclesiae

525 1570 768 1630 membra
819 1570 1062 1630 lacerare
1120 1569 1404 1636 festinant,
1459 1568 1549 1638 qui
1607 1567 1988 1624 conﬁnxerunt
2037 1582 2126 1624 me

519 1664 730 1722 litteras
764 1664 1164 1736 suppressisse,
1204 1677 1274 1720 ne
1315 1661 1542 1718 crimina
1586 1659 1739 1732 ejus,
1780 1676 1940 1732 quem
1979 1659 2127 1716 dice-

517 1760 716 1818 bantur
744 1759 1159 1824 condemnasse,
1191 1756 1334 1828 apud
1359 1771 1552 1812 omnes
1575 1763 1842 1826 paterent.
1874 1754 1950 1827 (b)
1981 1756 2126 1821 Quas

2228 549 2350 590 cum
2377 535 2490 591 suis
2513 534 2772 590 membris
2793 535 3057 598 Ecclesia,
3086 550 3174 590 me
3202 534 3308 592 ﬁde
3326 545 3381 591 et
3407 543 3556 592 metu
3580 536 3634 590 in
3659 536 3823 591 Deum

2230 643 2406 683 meum
2431 637 2623 683 cuncta
2665 627 2934 683 mundana
2967 629 3040 684 ita
3058 669 3074 696 ,
3105 637 3167 684 ut
3189 628 3503 700 evangelica
3531 637 3591 684 et
3613 637 3829 700 aposto-

2227 720 2330 776 lica
2353 723 2490 776 ratio
2515 721 2779 792 praecipit,
2803 721 3015 776 calcare
3039 731 3205 792 atque
3221 722 3480 776 calcasse.
3503 719 3625 776 Non
3645 719 3827 778 furore

2229 815 2541 880 temerario,
2561 813 2656 870 sed
2677 814 2974 871 constituto
2992 823 3152 885 atque
3177 813 3465 870 observato
3477 813 3604 883 jure
3622 813 3824 880 divino,

2228 918 2388 979 atque
2435 910 2486 963 in
2529 907 2638 964 alio
2675 908 2982 964 ministerio
3021 907 3394 964 ecclesiastico
3433 907 3656 973 vivens,
3697 905 3826 962 nihil

2229 1018 2328 1074 per
2351 1003 2516 1076 673
2542 1003 2860 1072 iactantiam
2887 1045 2901 1068 ,
2943 1002 3078 1060 nihil
3101 1017 3198 1074 per
3222 1003 3411 1072 gloriae
3435 1001 3786 1071 cupiditatem
3809 1041 3826 1067 ,

2226 1098 2374 1170 quod
2401 1098 2468 1153 ad
2507 1100 2681 1168 legem
2712 1097 3020 1169 pertinebat
3049 1096 3262 1167 implevi
3301 1113 3315 1150 :
3347 1105 3404 1152 et
3439 1095 3509 1152 ad
3537 1095 3681 1151 istud
3707 1093 3828 1150 ofﬁ-

2227 1194 2372 1248 cium
2397 1235 2412 1260 ,
2443 1194 2593 1248 testis
2621 1202 2706 1249 est
2735 1193 2868 1248 mihi
2898 1192 3039 1250 Deus
3069 1207 3244 1257 meus,
3275 1189 3482 1246 invitus
3506 1189 3746 1255 accessi;
3775 1189 3828 1246 in

2227 1300 2335 1357 quo
2382 1289 2544 1357 cupio
2585 1286 2803 1358 quidem
2852 1286 2970 1341 sine
3015 1285 3238 1342 oli'ensa'
3281 1285 3418 1352 Dei,
3468 1283 3730 1357 quamdiu
3767 1284 3822 1342 in

2227 1379 2430 1435 saeculo
2453 1379 2626 1443 fuero,
2675 1393 3016 1451 permanere.
3044 1378 3110 1434 Et
3136 1393 3428 1449 numquam
3453 1392 3574 1434 mea
3601 1386 3823 1446 statuta,

2227 1471 2325 1529 sed
2351 1471 2670 1542 apostolica.
2695 1481 2753 1528 ut
2774 1480 2961 1530 essent
2977 1463 3201 1540 semper
3225 1471 3436 1527 ﬁrmata
3457 1481 3515 1528 et
3533 1469 3825 1540 custodita,

2229 1564 2450 1636 perfeci.
2473 1566 2700 1622 Secutus
2736 1579 2942 1620 morem
2969 1564 3323 1634 ordinumque
3351 1562 3624 1633 majorum
3649 1604 3666 1626 ,
3693 1561 3823 1618 nihil

2227 1659 2352 1717 addi
2401 1660 2732 1731 episcopatui
2782 1659 2930 1717 urbis
2973 1659 3193 1723 Romae,
3242 1658 3371 1714 nihil
3417 1659 3586 1714 minui
3637 1671 3828 1728 passus

2229 1768 2348 1809 sum
2383 1771 2397 1808 :
2427 1762 2482 1808 et
2510 1753 2655 1808 illam
2687 1751 2849 1808 ﬁdem
2879 1767 3129 1814 servans.
3151 1767 3273 1822 qua:
3300 1767 3398 1822 per
3422 1751 3827 1808 successionem

521 1853 643 1910 illas
690 1853 933 1910 litteras?
973 1851 1366 1924 Episcoporum
1409 1848 1786 1914 Orientalium,
1833 1859 1887 1903 et
1917 1846 2122 1920 Egyp-
2149 1841 2198 1904 Β
2227 1853 2500 1902 tantorum
2548 1845 2928 1916 episcoporum
2977 1843 3252 1908 cucurrit.
3295 1859 3361 1900 ex
3403 1843 3604 1913 quibus
3645 1844 3827 1916 plures

517 1951 747 2012 tiorum;
791 1945 986 2019 quibus
1024 1944 1079 2002 in
1128 1943 1382 2000 omnibus
1427 1942 1616 2000 eadem
1663 1940 1718 1998 in
1767 1941 2123 2000 Athanasium

513 2041 744 2100 crimina
771 2038 1225 2096 continebantur?
1247 2037 1318 2092 At
1346 2036 1480 2093 satis
1499 2035 1758 2094 omnibus
1782 2035 1987 2094 clarutn
2013 2045 2122 2102 est,

439 2119 452 2130 ’
513 2148 618 2190 nec
642 2133 923 2204 quisquam
967 2139 1169 2201 negat,
1214 2143 1313 2186 nos
1349 2125 1702 2186 Orientalium
1743 2129 1952 2186 litteras
1993 2128 2122 2184 inti-

513 2241 715 2294 niasse,
747 2223 942 2294 legisse
973 2223 1251 2290 Ecclesiae,
1293 2222 1488 2292 legisse
1513 2221 1767 2282 concilio.
1808 2231 1972 2292 atque
2005 2220 2122 2278 huic

515 2321 678 2380 etiam
711 2317 1098 2384 Orientalibus,
1127 2315 1492 2386 respondisse;
1520 2316 1610 2388 qui
1639 2313 1802 2372 ﬁdem
1828 2324 1882 2370 et
1907 2313 1981 2386 (c)
2001 2329 2126 2370 sen-

518 2413 740 2470 tentiam
764 2427 872 2467 non
892 2407 1357 2466 commodavimus
1378 2415 1645 2476 nostram,
1667 2407 1812 2478 quod
1826 2406 1908 2478 (ά)
1929 2406 2123 2463 eodem

525 2519 772 2577 tempore
813 2502 890 2576 (θ)
933 2503 1207 2573 octoginta
1245 2501 1624 2572 episcoporum
1649 2499 2025 2574 Egyptiorum
2057 2499 2126 2556 de

515 2597 817 2654 Athanasio
842 2596 1112 2652 sententia
1138 2594 1493 2664 repugnabat,
1523 2609 1685 2664 quain
1708 2594 1958 2650 similiter
1986 2595 2124 2652 reci-

521 2691 758 2748 tavimus
794 2697 956 2759 atque
1003 2687 1392 2742 insinuavimus
1438 2687 1708 2758 episcopis
1757 2687 1920 2744 Italis.
1969 2688 2124 2746 Unde

518 2791 708 2842 contra
731 2779 967 2836 divinam
1013 2781 1186 2852 legem
1219 2779 1388 2834 visum
1421 2788 1503 2836 est
1536 2779 1697 2836 etiam
1717 2821 1732 2846 ,
1760 2796 1884 2837 cum
1914 2782 2124 2851 episco-

523 2890 716 2947 porum
747 2887 1006 2930 numerus
1048 2887 1144 2942 pro
1172 2869 1471 2927 Athanasio
1515 2872 1687 2942 major
1721 2873 2037 2940 exsisteret,
2070 2875 2126 2930 in

525 2977 677 3042 parte
705 2967 884 3038 aliqua
911 2962 1259 3020 commodare
1284 2978 1632 3020 consensum.
1668 2963 1795 3021 llaec
1824 2965 2046 3036 scripta,
2078 2965 2124 3024 si

529 3062 645 3118 Deo
689 3059 850 3114 ﬁdem
905 3057 977 3130 (Ῑ)
1021 3057 1184 3114 debet
1229 3056 1498 3112 Eusebius
1544 3056 1636 3128 qui
1679 3057 1875 3114 missus
1921 3057 2122 3127 fuerat,

523 3152 786 3211 festinans
835 3150 905 3208 ad
950 3150 1188 3207 Africam
1238 3151 1396 3206 nobis
1449 3151 1668 3221 reliquit
1711 3170 1725 3207 :
1773 3168 1894 3222 quae
1943 3161 2123 3209 tamen

520 3256 705 3318 postea
739 3245 918 3302 omnia
949 3244 1174 3310 scripta,
1207 3259 1273 3298 ne
1302 3242 1370 3297 ad
1399 3242 1794 3313 impetrandum
1821 3243 1960 3301 forte
1987 3261 2119 3302 con-

518 3341 703 3396 cilium
731 3339 1015 3407 deessent,
1051 3337 1366 3394 Vincentius
1393 3337 1482 3408 qui
1510 3352 1633 3394 cum
1663 3340 1875 3400 caeteris
1918 3343 2118 3398 missus

519 3433 696 3490 fuerat
723 3432 998 3489 Arelatum
1026 3430 1270 3502 pertulit.

595 3527 649 3581 5.
693 3523 1004 3579 Criminibus
1061 3523 1158 3578 sibi
1186 3539 1218 3576 a
1247 3521 1546 3578 Constantio
1571 3525 1800 3596 con/ictis
1831 3543 1884 3582 se
1913 3540 2120 3600 purgat.

523 3649 594 3663 —-
616 3619 772 3676 Videt
805 3620 966 3690 igitur
995 3618 1282 3690 prudentia
1301 3626 1409 3683 tua,
1436 3618 1643 3674 nihilin
1677 3621 1914 3676 animum
1945 3639 2124 3680 meum

522 3711 810 3778 introisse,
852 3711 995 3783 quod
1028 3711 1141 3766 Deo
1165 3709 1530 3766 servientibus
1561 3725 1665 3766 non
1695 3711 1916 3783 dignum
1949 3715 2124 3774 fuerat

593 3849 677 3926 (α)
715 3851 910 3908 Baron.
948 3867 1040 3906 nec
1080 3851 1398 3926 eorumqun
1430 3849 1624 3904 tecltno:
1660 3865 1843 3926 eorum
1869 3851 1952 3907 vel
1999 3863 2119 3910 tunc

522 3921 615 3982 aut
643 3921 828 3980 dehinc
857 3939 1052 3986 eorum,
1090 3921 1374 3978 subiiidito
1407 3933 1588 3990 postea
1621 3924 1884 3978 vocabulo
1913 3927 2119 3982 causas?

593 3997 671 4068 (bl
709 3997 856 4052 Alias
903 4011 970 4050 ex
1027 4011 1128 4068 ms.
1177 3993 1694 4068 Pithmanotquasi
1736 3995 1854 4050 illas
1902 3997 2119 4052 litteras.

524 4065 868 4124 Pricl'erimus
908 4083 1028 4122 cum
1074 4067 1296 4139 Birnn._
1327 4082 1454 4139 quas
1497 4065 1626 4139 illas
1657 4065 1886 4132 litteras,
1928 4069 2121 4139 supple

526 4139 912 4212 suppressisse?
943 4139 1035 4194 His
1062 4140 1240 4212 verbis
1275 4136 1520 4212 fitiiditus
1552 4138 1654 4192 ruit
1682 4153 1867 4212 eorum
1912 4136 2120 4210 opinio,

525 4207 978 4285 qit'i'superiorem
1012 4211 1293 4285 epistolam
1323 4207 2122 4285 Libertinoniineinscriptam

525 4280 583 4340 tit
607 4280 895 4355 genuinam
919 4280 1206 4355 recipiunt.
1232 4280 1330 4350 Qui
1351 4282 1501 4355 enini
1530 4281 1884 4355 orientalium
1915 4284 2126 4340 litteras

526 4352 894 4426 suppressisse
937 4353 1279 4426 insimulatus
1318 4354 1404 4426 sit,
1458 4353 1502 4406 si
1555 4352 1634 4406 cis
1684 4368 1890 4426 morem
1931 4371 2128 4424 gerens

527 4424 756 4482 Romam
786 4425 1136 4480 Athanasium
1161 4424 1424 4488 citaverit,
1460 4438 1523 4478 ac
1551 4425 1890 4490 postmodum
1920 4443 1948 4479 a
1977 4443 2127 4486 com-

532 4498 788 4552 munione
816 4511 912 4552 sua
944 4495 1282 4552 removerit?

603 4569 676 4639 (c)
721 4567 859 4622 Pith.
894 4584 1023 4639 ius.,
1055 4564 1533 4639 scicntiamL-Mitgis
1557 4565 1870 4639 placetcum
1903 4571 2127 4638 Baron.,

529 4635 852 4694 sententiam.
889 4638 1037 4701 Mox,
1073 4652 1278 4692 necnon
1329 4635 1464 4706 Frag
1521 4652 1592 4702 v1,
1625 4654 1676 4690 n.
1731 4638 1784 4705 5,
1825 4640 1891 4698 ab
1939 4635 2129 4698 eodem

531 4709 747 4766 Liberi"
775 4710 1055 4765 mallemus
1087 4709 1409 4762 commodare
1438 4723 1759 4765 consensum.

607 4781 684 4854 (il)
728 4783 982 4837 Ediilcrat
1014 4781 1204 4854 Faber,
1253 4797 1310 4834 eo
1363 4790 1607 4849 tempore,
1643 4784 1885 4851 quamvis
1927 4785 1981 4840 in
2022 4802 2128 4842 suo

537 4869 640 4908 ms.
669 4853 959 4922 reperissct
981 4853 1156 4907 eodem
1179 4863 1400 4924 tempore
1424 4867 1441 4905 :
1465 4855 1734 4920 quomodo
1759 4857 1919 4910 etiam
1947 4867 2127 4914 exstat

535 4926 674 4997 apud
711 4928 901 4980 llaron.
941 4926 1072 4980 llinc
1105 4923 1316 4978 rursum
1349 4923 1630 4997 refellitur,
1662 4929 1802 4996 quod
1835 4929 1899 4982 ad
1935 4929 2125 4986 defen-

534 4993 762 5053 deiida-ii
791 4997 1084 5067 superioris
1112 4997 1353 5062 epistolae
1380 4993 1657 5050 Vci'itateiii
1681 4993 1932 5052 ἰιοιιιιιιΙΙὶ
1964 5017 2128 5056 exco-

533 5071 791 5141 gitarunt,
827 5068 1077 5125 nimirum
1098 5068 1376 5141 Liberium
1401 5069 1598 5141 litteris
1621 5071 1972 5125 Orientalium
2007 5089 2127 5140 per-

539 5139 743 5196 inulum
771 5156 890 5196 eam
924 5139 1222 5214 seiipsisse,
1247 5141 1342 5196 scd
1365 5140 1430 5193 ab
1459 5157 1518 5192 ea
1548 5141 1752 5214 edenda
1781 5142 1900 5196 aliis
1924 5144 2059 5214 .Egy

538 5215 732 5268 tiorum
788 5212 981 5268 litteris
1023 5213 1184 5267 ιιιιδςω
1231 5221 1558 5266 revocatum.
1605 5213 1704 5278 Qiti
1747 5231 1890 5267 enim
1935 5212 2127 5272 eoileln

537 5295 780 5357 tempore
820 5284 1169 5357 Orientalium
1218 5283 1375 5357 simul
1402 5293 1458 5357 et
1504 5281 1878 5352 Egyptiorum
1925 5287 2130 5342 litteras

537 5353 844 5423 acceperit,
893 5356 936 5410 Si
993 5357 1202 5409 illoiuiii
1253 5353 1444 5407 litteris
1494 5369 1801 5426 pertuotits,
1857 5360 2003 5426 prius
2061 5359 2131 5414 ad

542 5428 892 5482 Athanasium
926 5428 1290 5498 presbyteros
1334 5424 1566 5498 llllsclil,
1609 5441 1669 5477 ac
1719 5424 2005 5498 missorum
2037 5445 2134 5484 ex-

540 5501 798 5624 sipectgrit
847 5496 1075 5553 reditum
1092 5494 1298 5568 ,‘quain
1331 5496 1398 5550 ab
1439 5494 1674 5566 IEgypto
1715 5497 2007 5569 quidquam
2039 5515 2134 5556 au-

540 5581 678 5624 ιιι·οι

539 5581 590 5624 (ΙΙ
601 5581 678 5624 ret

617 5641 685 5712 (ε)
729 5640 886 5709 Apud
917 5641 1110 5696 Baron.
1137 5639 1465 5712 septuaginta
1478 5638 1725 5712 quinque.
1759 5639 1926 5712 Magis
1957 5641 2132 5711 placet

542 5709 674 5786 cuin
705 5714 906 5766 nostris
953 5727 1084 5786 mss.
1127 5709 1401 5786 octoginta.
1449 5709 1700 5786 Namque
1734 5709 1991 5786 episcopi,
2019 5715 2127 5786 qui

539 5783 751 5851 Frugi“.
805 5797 860 5846 ii,
906 5799 959 5836 n.
1011 5781 1065 5846 5,
1111 5798 1175 5836 cx
1219 5781 1454 5852 AEgypto
1479 5781 1556 5852 ad
1596 5781 1795 5837 Julium
1838 5781 2126 5852 scripsisse

534 5864 924 5920 memorantur,
958 5868 1106 5906 unm.
1141 5853 1208 5907 l0
1248 5851 1490 5922 ejusdem
1522 5851 1736 5925 Fragm.
1768 5851 2123 5924 perhibentur

2229 1947 2498 2010 martyres
2555 1938 2918 2004 exsﬁterunt,
2983 1935 3245 1994 illibatam
3294 1935 3558 1996 custodiri
3613 1950 3830 2006 semper

2229 2041 2450 2103 exopto.

2298 2123 2354 2178 4.
2416 2122 2542 2180 Cum
2573 2123 2926 2180 Orientalibus
2951 2139 3046 2178 cur
3069 2124 3451 2194 communicare
3497 2131 3734 2194 nequeat.
3759 2150 3832 2167 --

2230 2219 2469 2290 Denique
2505 2219 2612 2289 jam
2661 2219 2996 2289 inea-aperire
3036 2233 3254 2276 causam
3284 2217 3470 2290 pietati
3497 2226 3602 2274 tuae
3629 2217 3830 2276 sollici-

2231 2313 2360 2368 tudo
2382 2313 2746 2369 ecclesiastica
2776 2321 2938 2384 atque
2967 2313 3080 2384 ipsa
3104 2312 3321 2369 devotio
3370 2311 3683 2383 persuadet.
3741 2311 3830 2369 Si-

2227 2406 2486 2478 gniﬁcant
2503 2405 2809 2462 Orientales
2827 2448 2842 2472 ,
2879 2406 2996 2476 paci
3022 2416 3220 2462 nostrae
3237 2405 3378 2462 velle
3394 2404 3668 2478 conjungi.
3695 2404 3828 2474 Quae

2227 2509 2310 2557 est
2335 2515 2442 2571 pax
2465 2541 2480 2564 ,
2511 2499 2935 2556 clementissime
2968 2499 3284 2570 imperator,
3313 2514 3436 2555 cum
3461 2500 3572 2554 sint
3599 2515 3665 2555 es
3715 2517 3830 2572 par-

2231 2593 2371 2649 tibus
2398 2593 2528 2663 ipsis
2569 2600 2801 2664 quatuor
2853 2593 3092 2666 episcopi
3140 2592 3526 2664 Demophilus,
3579 2591 3833 2649 Hacedo-

2229 2690 2375 2752 nius,
2404 2687 2714 2755 Eudoxius,
2753 2687 3073 2760 Martyrius,
3127 2689 3216 2760 qui
3270 2697 3394 2744 ante
3442 2703 3617 2743 annos
3670 2699 3828 2758 octo,

2225 2797 2347 2838 cum
2375 2781 2514 2854 apud
2543 2781 2618 2856 (g)
2649 2780 3010 2838 Mediolanum
3071 2783 3180 2842 Arii
3235 2787 3566 2843 sententiam
3613 2781 3837 2840 haereti—

2225 2893 2344 2936 Cam
2375 2877 2672 2934 noluissent
2701 2877 2998 2946 damnare,
3035 2877 3102 2932 de
3140 2877 3372 2934 concilio
3426 2879 3622 2934 animis
3675 2877 3830 2934 iratis

2227 2971 2509 3028 exierunt?
2541 2969 2747 3026 [lorum
2771 2970 2816 3026 si
2849 2969 2930 3026 fas
2959 2980 3043 3027 est
3071 2971 3387 3038 sententiis,
3414 2971 3576 3043 quale
3599 2971 3705 3040 sit,
3736 2978 3832 3028 aut

2226 3065 2352 3138 quid
2389 3065 2612 3137 periculi
2645 3065 2876 3130 habeat,
2911 3064 3261 3122 commodare
3286 3080 3632 3129 consensum,
3659 3063 3832 3137 sequi-

2230 3169 2312 3214 tas
2331 3170 2386 3217 et
2413 3160 2702 3216 clementia
2726 3170 2814 3214 tua
2843 3161 3042 3230 poterit
3067 3159 3362 3216 aestimare.
3413 3159 3528 3216 Non
3581 3168 3670 3218 est
3723 3173 3824 3214 no-

2229 3270 2351 3308 vum
2373 3297 2384 3316 ,
2408 3254 2548 3326 quod
2579 3269 2719 3308 nunc
2741 3253 3014 3309 subtiliter
3035 3262 3089 3308 et
3111 3253 3213 3308 sub
3243 3253 3531 3312 occasione
3587 3251 3819 3309 nominis

2229 3345 2510 3402 Athanasii
2540 3354 2852 3404 attentatur.
2878 3345 3094 3402 Manent
3115 3348 3309 3404 littera:
3365 3343 3662 3407 Alexandri
3706 3343 3820 3418 cpi-

2231 3441 2380 3510 sciipi
2396 3441 2523 3495 olim
2544 3439 2609 3496 ad
2633 3440 2971 3512 Sylvestruin
2999 3448 3201 3496 sancta:
3228 3439 3503 3496 memoria:
3523 3439 3822 3506 dominata,

2232 3535 2429 3604 quibus
2487 3534 2810 3605 signiﬁcavit
2863 3543 2988 3588 ante
3041 3532 3434 3589 ordinationem
3516 3531 3820 3597 Athanasii,

2234 3629 2312 3703 (Ii)
2345 3628 2591 3684 undecim
2650 3635 2755 3682 tam
2786 3626 3128 3699 presbyteros
3156 3641 3316 3697 quam
3347 3625 3509 3684 etiam
3539 3624 3815 3690 diaconeS,

2231 3721 2372 3794 quod
2402 3719 2514 3776 Arii
2545 3719 2794 3774 haeresim
2825 3722 3218 3789 sequerentur,‘
3235 3733 3296 3774 se
3324 3716 3549 3774 ecclesia
3579 3716 3820 3788 eiecisse,

2225 3856 2495 3927 octoginta
2535 3855 2827 3908 exstitisse.
2872 3853 3073 3927 Quales
3111 3863 3292 3927 autem
3331 3851 3401 3927 ad
3438 3851 3660 3927 Iulium.
3691 3853 3817 3927 tales

2226 3929 2295 3984 ad
2323 3923 2592 3996 Liberium
2627 3928 2836 3980 litteras
2860 3967 2874 3992 ,
2909 3925 3010 3979 huc
3039 3934 3122 3980 est
3152 3923 3222 3980 ab
3253 3923 3443 3982 iisdem
3466 3968 3478 3986 .
3515 3923 3568 3996 in
3600 3926 3814 3996 gratiam

2226 4000 2504 4056 Athanasii
2529 3995 2684 4052 datas
2707 4013 2848 4063 esse,
2882 3996 3169 4068 postremis
3191 3996 3487 4067 superioris
3513 3995 3812 4069 Fragineati

2227 4073 2409 4128 verbis
2451 4069 2770 4122 audivimus.

2304 4141 2353 4212 (Ῑ
2366 4145 2382 4209 )
2425 4139 2810 4214 Bziron._hnbct
2839 4137 3151 4214 Theosebius
3177 4157 3197 4196 :
3223 4148 3279 4198 et
3320 4157 3466 4210 mox,
3513 4150 3629 4214 post
3662 4137 3818 4196 orunia

2226 4211 2438 4284 scripta.
2453 4253 2489 4268 ..
2523 4211 2787 4284 Arelatum
2824 4213 3066 4284 peruenit.

2305 4285 2384 4358 (gi
2416 4285 2542 4339 Post
2571 4283 2921 4358 Athanasunn
2949 4283 3044 4358 lib.
3067 4283 3135 4358 d_e
3156 4283 3363 4358 Synod.
3397 4299 3522 4358 pag.
3542 4283 3674 4348 895,
3699 4297 3810 4338 nar-

2233 4354 2608 4413 rat"Socr.ites
2641 4355 2736 4410 lib.
2771 4371 2828 4419 ιι,
2857 4369 2906 4411 c.
2945 4354 3030 4426 l9.
3086 4354 3668 4414 Orientales'tt‘iennio
3707 4361 3812 4426 post

2233 4430 2520 4484 concilium
2550 4426 2799 4486 Antioch.
2830 4425 2960 4481 anni
2987 4426 3087 4484 5M
3110 4470 3125 4493 ,
3156 4431 3424 4498 prolixam
3466 4427 3594 4484 ﬁdei
3625 4425 3812 4498 torme-

2235 4501 2344 4557 lani
2373 4504 2764 4568 conscripsisse
2789 4541 2804 4565 ,
2831 4515 3059 4570 eamque
3093 4497 3188 4570 per
3212 4499 3516 4558 Eudoxium
3541 4541 3558 4565 ,
3591 4497 3816 4570 Macedo-

2238 4575 2385 4627 ninm
2415 4584 2469 4626 et
2502 4571 2816 4642 Ma'lyl‘llllll
2838 4569 2904 4625 ad
2926 4569 3212 4638 episconm
3241 4572 3411 4629 Italia:
3459 4573 3690 4627 misisse.
3743 4569 3812 4624 Ex

2239 4645 2450 4699 illorum
2483 4644 2856 4714 aalveiitunata
2893 4643 3102 4698 videtur
3125 4643 3284 4714 huius
3323 4643 3540 4701 concilii
3583 4642 3808 4702 occasio.

2156 4722 2211 4783 D
2239 4717 2288 4770 in
2323 4732 2428 4784 quo
2461 4725 2686 4786 quatuor
2715 4713 2791 4768 illi
2819 4715 3055 4786 episcoiii
3107 4713 3220 4770 Arii
3266 4716 3545 4786 hilares-im;
3573 4714 3812 4769 damnare

2236 4784 2574 4842 recusarunt.
2618 4786 2770 4840 Unde
2790 4785 2967 4848 obiter
3011 4785 3400 4854 observamus,
3430 4787 3500 4845 id
3515 4784 3811 4842 Occidenta-

2234 4859 2375 4916 libus
2410 4860 2577 4910 moris
2609 4857 2806 4920 fuisse,
2840 4869 2898 4912 ut
2928 4859 2979 4911 in
3007 4859 3250 4916 conciliis
3273 4859 3386 4912 suis
3442 4873 3570 4914 cum
3620 4855 3809 4912 cteteris

2233 4931 2534 4985 h.rresibus
2581 4927 2838 4986 Arianain
2899 4929 3366 4984 condemnandam
3440 4937 3805 4999 prOpouercut.

2231 5001 2387 5069 Quod
2411 5001 2552 5055 enim
2576 5001 2678 5054 hoc
2700 5015 2843 5056 anno
2871 5015 2898 5056 tt
2929 5001 3200 5070 prmdictis
3253 5001 3526 5070 episeopis
3547 5043 3562 5062 ,
3615 5002 3706 5053 hoc
3737 5000 3810 5067 ip—

2231 5089 2350 5129 sum
2374 5089 2514 5127 anno
2563 5071 2666 5127 547
2695 5087 2726 5124 a
2749 5072 2968 5128 Valente
2996 5080 3050 5126 rt
3073 5072 3294 5128 Ursacio
3317 5073 3368 5127 in
3397 5071 3590 5129 eadem
3612 5071 3806 5126 civitate

2232 5158 2480 5200 exactum
2512 5141 2646 5208 fuit,
2677 5154 2735 5197 ιιι.
2787 5145 2884 5212 ipsi
2908 5145 3184 5198 declarant
3244 5143 3401 5214 Frag.
3447 5159 3508 5210 tl,
3539 5161 3592 5198 ιι.
3635 5143 3719 5197 20.
3755 5135 3806 5196 Id

2235 5231 2451 5288 quoque
2479 5217 2779 5270 Arelatensi
2807 5215 3014 5287 synodo
3039 5217 3164 5270 :inni
3205 5216 3335 5288 5557
3361 5217 3658 5288 praestitum
3697 5223 3803 5288 ρξεε

2238 5281 2374 5342 mos
2393 5287 2690 5341 audiemus.
2728 5281 3156 5353 Ethhanasius,
3191 5289 3282 5342 ιιι).
3307 5281 3375 5342 de
3395 5286 3600 5356 Synod.
3627 5281 3804 5356 p.816,

2239 5360 2393 5414 testis
2416 5368 2497 5413 cst
2516 5403 2529 5421 ,
2562 5357 2784 5413 Arimini
2813 5355 3133 5426 patefactam
3151 5377 3211 5413 ea
3262 5353 3476 5414 ratione
3531 5353 3686 5416 fuisse
3713 5353 3803 5410 Va-

2240 5432 2398 5485 lentis
2425 5445 2476 5485 ct
2508 5429 2709 5486 Ursacii
2765 5425 3047 5484 vafritiem.
3084 5431 3354 5500 Episcopi:
3397 5431 3570 5495 enim,
3623 5425 3796 5500 inquit,

2239 5501 2639 5572 proponentibiis
2667 5512 2718 5554 ut
2749 5512 2946 5556 cwterw
2961 5517 3082 5556 cum
3107 5497 3300 5557 Ariona
3324 5503 3686 5560 clamitarent”
3707 5497 3798 5572 lig-

2241 5565 2375 5628 mn
2391 5617 2405 5638 ,
2436 5572 2742 5643 reliquisque
2764 5573 2996 5628 omnibus
3021 5574 3090 5631 ad
3115 5575 3172 5630 id
3195 5573 3621 5636 consentientibus
3637 5612 3652 5638 ,
3713 5565 3799 5622 Va-

2241 5644 2350 5700 lcns
2377 5653 2424 5698 et
2458 5643 2704 5699 Ursncius
2729 5661 2844 5699 cum
2867 5646 3018 5700 sociis
3039 5647 3351 5704 abnuerunt.

2313 5715 2390 5789 (li)
2424 5717 2625 5770 llorum
2657 5717 3000 5788 Athanasius,
3033 5717 3100 5772 ad
3119 5719 3260 5774 Solit.
3296 5733 3347 5788 ιι.
3374 5715 3504 5784 858,
3533 5713 3798 5786 catalogum

2237 5788 2450 5861 videtur
2477 5798 2695 5852 texere,
2729 5789 2817 5861 ubi
2843 5788 3198 5861 conqueritur
3217 5790 3358 5861 quod
3391 5789 3798 5861 .1rianis,neql§

2233 5858 2339 5912 illis
2372 5862 2572 5914 novitiis
2595 5902 2610 5930 ,
2644 5849 2735 5916 sed
2763 5849 3012 5916 veteranis
3037 5877 3098 5916 ac
3120 5849 3384 5935 jam-olim
3437 5877 3550 5917 cum
3589 5849 3698 5914 Aria
3722 5849 3795 5906 id
