4062 6332
265 366 367 427 685

1188 373 1284 432 EX
1323 373 1550 433 OPERE
1590 372 1956 436 HISTORICO
1994 374 2483 440 FRAGMENTUM
2524 380 2609 439 Vl.

3461 387 3568 449 686

262 504 325 544 ex
355 488 551 561 quibus
575 504 715 545 nunc
735 489 951 561 quidam
984 499 1140 548 extra
1177 491 1473 548 Ecclesiaiu
1532 468 1853 549 catholicam
1883 500 1937 565 Α
1965 505 2070 563 tur,
2096 507 2153 551 ut
2177 513 2296 567 quae
2324 496 2746 569 fiterintjudicio
2769 497 3113 556 sacerdotum
3141 498 3235 555 Dei
3267 501 3557 559 conﬁrma-

263 581 396 639 foris
445 583 601 654 positi
653 584 906 639 dicuntur
951 585 1052 642 sibi
1110 586 1483 641 conciliabula
1544 587 1852 654 invenisse,

260 677 455 750 quibus
482 686 822 734 asseveratur
842 679 1003 734 etiam
1037 679 1302 752 Georgius
1328 681 1402 752 (ιι)
1433 682 1485 736 in
1531 666 1859 736 Alexandria

263 788 358 842 per
386 771 598 827 litteras
623 773 1046 828 communicare.
1078 771 1209 840 Qua:
1235 788 1365 845 ergo
1388 788 1488 845 pax
1512 783 1687 842 potest
1711 787 1854 841 esSe,

264 865 709 936 tranquillissime
737 866 1054 937 imperator,
1085 866 1129 921 si
1160 864 1235 939 (ὁ)
1282 864 1538 922 exhibitis
1582 864 1852 937 episcopi,

262 968 318 1014 ut
346 976 488 1015 nunc
547 976 640 1030 per
693 958 901 1015 Italiam
929 960 1125 1016 factum
1183 968 1300 1027 est,
1358 969 1622 1032 cogantur
1670 959 1855 1015 talium

262 1053 546 1107 sententiis
575 1051 798 1107 obedire
828 1051 851 1103 7

335 1145 386 1200 5.
440 1144 638 1218 Accipe
687 1142 830 1198 aliud
854 1185 868 1209 ,
907 1144 1030 1217 quia
1070 1144 1431 1216 tranquillitas
1458 1153 1544 1199 tua
1568 1144 1735 1218 674
1764 1160 1856 1217 pa-

260 1236 459 1294 tienter
486 1237 738 1293 admittit.
768 1237 981 1294 Manent
1011 1238 1309 1310 legatorum
1370 1240 1443 1312 (ε)
1506 1239 1698 1295 litterae
1719 1282 1733 1306 ,
1765 1239 1856 1311 qui

256 1331 325 1386 ad
357 1331 697 1387 clementiam
730 1340 874 1385 tuam
904 1329 1120 1385 fuerant
1173 1329 1464 1397 destinati,
1508 1344 1630 1401 qum
1683 1344 1858 1402 nuper

258 1430 563 1478 venerunt:
595 1421 789 1492 quibus
834 1422 1173 1494 signiﬁcant,
1225 1436 1445 1493 pr0pier
1488 1423 1855 1480 turbationem

256 1514 475 1588 quidem
499 1516 736 1571 omnium
762 1515 1114 1572 ecclesarium
1143 1516 1429 1587 sequidem
1460 1528 1585 1573 ante
1606 1532 1858 1573 succinu-

256 1608 388 1665 bere
419 1608 704 1666 sententiis
759 1608 1114 1666 Orientalium
1176 1610 1445 1677 voluisse,
1507 1612 1856 1682 proposuisse

256 1712 439 1759 tamen
461 1701 832 1758 conditionem
854 1745 867 1767 ,
900 1712 957 1758 ut
987 1703 1031 1758 si
1062 1702 1222 1758 iidem
1252 1703 1365 1758 Arii
1421 1703 1670 1760 haeresim
1720 1721 1855 1760 con-

251 1797 637 1862 demnassent,
670 1792 773 1851 hoc
802 1811 1002 1867 genere
1028 1794 1273 1852 inclinati
1327 1811 1515 1852 eorum
1572 1799 1857 1855 sententiis

1962 597 2014 645 ta
2035 632 2049 655 ,
2072 605 2192 647 cum
2224 594 2523 649 constiterit
2551 608 2739 651 omnes
2770 594 2825 650 in
2854 596 3241 665 expositionem
3268 597 3416 665 fidei,
3436 617 3559 671 quas

1961 683 2103 740 inter
2131 692 2312 741 tantos
2343 688 2627 759 episcopos
2657 688 2799 759 apud
2835 688 3064 746 Nicaeam
3096 700 3364 761 praisente
3394 710 3553 750 sane»

1963 784 2029 831 ta:
2055 779 2331 834 memoria:
2392 789 2539 848 patre
2594 790 2686 835 tuo
2731 780 3049 837 conﬁrmata
3095 793 3207 853 est,
3272 786 3558 844 universos

1960 873 2338 940 consensisse,
2367 888 2488 929 cum
2517 874 2768 943 exemplo
2799 874 3006 945 possint
3026 878 3076 932 in
3108 887 3380 948 posterum
3426 896 3550 936 cus.

1962 963 2387 1038 todirizutipse
2444 968 2712 1036 Salvator,
2741 971 2831 1040 qui
2863 971 2928 1025 de
2977 986 3143 1043 super
3190 974 3389 1029 mentis
3453 982 3560 1031 tuae.

1962 1061 2295 1130 propositum
2327 1061 2582 1127 intuetur,
2619 1060 2672 1116 in
2709 1070 2855 1117 tanta
2882 1078 3062 1120 rerum
3091 1066 3438 1137 expeditione
3460 1068 3557 1124 late

1963 1161 2124 1215 tetur.
2158 1168 2375 1210 causam
2409 1152 2534 1209 ﬁdei
2564 1161 2620 1210 et
2644 1156 2791 1225 pacis
2838 1159 3001 1211 etiam
3032 1158 3342 1227 reipublicae
3370 1174 3558 1215 neces-

1960 1245 2211 1302 sitatibus
2244 1261 2348 1302 non
2396 1246 2670 1303 immerito
2699 1249 3079 1318 praiposulsse.
3113 1249 3191 1306 Ad
3218 1251 3557 1307 exorandum

1962 1336 2124 1410 igitur
2151 1340 2622 1395 mansuetudinem
2655 1349 2798 1396 tuam
2817 1383 2830 1408 ,
2858 1350 2912 1396 ut
2933 1341 3204 1399 benevolo
3224 1344 3407 1401 animo
3429 1346 3561 1402 alle—

1960 1431 2205 1502 gationes
2238 1442 2452 1489 nostras
2478 1433 2666 1490 audire
2694 1434 2965 1505 digneris,
2995 1435 3216 1493 fratrem
3264 1446 3319 1494 et
3375 1442 3556 1510 coepta

1960 1538 2182 1595 scopum
2212 1540 2390 1581 meum
2420 1536 2665 1582 sanetum
2700 1527 2873 1583 virum
2904 1528 3209 1585 Luciferum
3258 1544 3380 1588 cuin
3419 1533 3558 1588 Pan-

1969 1618 2141 1671 cratio
2164 1617 2483 1691 presbytero
2505 1624 2559 1674 et
2578 1619 2780 1675 llilario
2799 1620 3028 1677 diacono
3052 1622 3248 1691 placuit
3267 1623 3557 1692 proﬁcisci.

1962 1708 2112 1777 Quos
2143 1711 2415 1766 credimus
2440 1710 2508 1767 de
2530 1713 2815 1767 clementia
2833 1722 2920 1769 tua
2948 1713 3014 1770 ad
3041 1729 3224 1786 pacein
3246 1712 3411 1790 375
3434 1733 3557 1774 om-

1960 1803 2107 1858 nium
2132 1803 2484 1860 ecclesiarum
2514 1806 2899 1863 catholicarum
2945 1825 3050 1865 non
3077 1809 3367 1867 difﬁculter
3396 1826 3557 1881 posse

250 1888 559 1946 obedireut.
617 1888 880 1945 Placitum
908 1931 923 1956 ,
956 1899 1013 1944 ut
1051 1890 1150 1960 ipsi
1206 1890 1544 1961 signiﬁcant,
1588 1893 1854 1963 scriptura
1880 1910 1932 1977 Β
1960 1896 2248 1952 concilium
2277 1898 2589 1968 impetrare.
2616 1900 2709 1956 Dei
2736 1905 3126 1974 omnipotentis
3147 1905 3436 1962 clementia
3498 1916 3553 1965 te

250 1988 393 2039 teste
425 1983 687 2050 ﬁrmatur,
713 1984 819 2039 itur
841 1984 894 2039 in
922 1983 1210 2040 concilium
1243 2002 1255 2037 :
1290 1985 1559 2057 accipiunt
1607 2002 1729 2042 cum
1752 1986 1849 2043 de-

247 2075 574 2133 liberatione
610 2093 901 2151 responsa,
964 2079 1076 2133 Arii
1135 2078 1434 2134 doctrinam
1485 2095 1542 2136 se
1590 2079 1850 2140 damnare

246 2180 360 2224 non
393 2184 587 2239 posse,
645 2170 1035 2237 Athanasium,
1096 2170 1240 2242 quod
1302 2170 1477 2227 solum
1520 2172 1842 2243 exigebant,

244 2264 632 2319 communione
675 2278 797 2319 esse
844 2263 1181 2334 privandum.
1223 2262 1359 2320 lliuc
1402 2265 1512 2335 jam
1561 2266 1849 2322 clementia

244 2368 338 2413 tua
364 2352 465 2414 hoc
493 2374 707 2430 quoque
734 2357 1074 2422 consideret,
1107 2367 1254 2415 recte
1308 2358 1590 2416 catholica:
1638 2360 1854 2429 religio-

242 2449 328 2505 nis
358 2450 482 2521 jure
506 2460 754 2515 servato,
790 2466 855 2504 an
883 2452 1116 2506 hominis
1145 2466 1308 2507 causa
1367 2451 1565 2508 debeat
1613 2451 1845 2525 diligen-

254 2555 340 2599 ter
371 2560 714 2614 excusseque
748 2545 987 2599 irai-tari.

314 2638 373 2693 6.
404 2636 692 2692 Concilium
742 2638 887 2692 enixe
938 2637 1263 2707 deprecatur.
1316 2669 1387 2679 --
1439 2636 1593 2695 Unde
1646 2639 1844 2694 iterum

237 2740 407 2804 atque
437 2731 630 2787 iterum
683 2731 1151 2787 mansuetudinem
1193 2744 1336 2787 tuam
1386 2745 1547 2805 atque
1596 2735 1838 2790 animum

239 2835 397 2882 tuum
432 2825 542 2882 Deo
568 2825 823 2881 devotum
858 2841 1108 2896 rogamus
1136 2842 1228 2896 per
1251 2829 1367 2896 ejus
1395 2827 1648 2883 virtutem
1671 2870 1684 2893 ,
1746 2827 1839 2898 qui

242 2933 303 2973 se
341 2918 394 2972 in
419 2917 738 2974 defensioue
783 2926 870 2973 tua
922 2918 1187 2991 (adversus
1217 2916 1573 2990 Magnentium
1618 2937 1703 2974 an.
1737 2920 1845 2976 555

237 3010 497 3084 deletum)
554 3023 786 3081 quantus
829 3013 930 3077 sit,
987 3013 1253 3068 universis
1284 3013 1599 3070 mortalibus
1647 3030 1846 3086 appro-

234 3098 425 3170 bavit,
454 3113 513 3160 ut
541 3104 747 3161 habens
780 3117 905 3160 ante
934 3106 1121 3160 oculos
1138 3107 1254 3175 ejus
1280 3106 1541 3161 beneﬁcia
1564 3150 1577 3173 ,
1610 3108 1699 3179 qui
1741 3106 1844 3163 im-

237 3201 456 3271 perium
490 3209 638 3255 tiium
669 3200 719 3254 in
753 3198 1003 3254 omnibus
1036 3201 1203 3269 regit,
1239 3197 1353 3255 haec
1378 3199 1428 3254 in
1453 3208 1599 3257 coetu
1632 3200 1844 3270 episco-

236 3308 438 3365 porum
482 3293 771 3363 diligenter
820 3294 982 3347 iacias
1028 3291 1175 3348 omni
1229 3306 1350 3348 cum
1403 3293 1841 3350 consideratione

235 3388 463 3444 tractari
493 3404 507 3442 :
542 3397 597 3442 ut
623 3387 828 3460 pacatis
862 3404 955 3458 per
979 3396 1032 3444 te
1068 3390 1177 3444 Deo
1209 3388 1422 3445 favente
1467 3391 1801 3460 temporibus
1823 3434 1837 3458 ,
1871 3365 1917 3429 C

232 3482 635 3554 tranquillitate
664 3490 751 3536 tua
783 3481 1190 3547 consentiente,
1222 3481 1299 3538 sic
1340 3482 1515 3535 omnia
1544 3482 1840 3556 discutian-

234 3629 544 3702 Alexandro
557 3628 799 3702 episcopo
820 3629 1075 3702 damnatis
1095 3627 1331 3702 ecclesite
1359 3629 1661 3702 (catholicis
1683 3643 1841 3699 erep-

234 3701 333 3775 ιςει)
362 3701 658 3775 donentur:
692 3699 779 3775 Ila
823 3701 873 3755 in
906 3700 1183 3775 superiori
1228 3699 1388 3775 Libya
1414 3701 1737 3775 “Secundus,
1786 3704 1841 3756 in

232 3769 562 3829 Alexandria
614 3772 841 3827 Euzoius
894 3769 1253 3837 Chananwus,
1325 3769 1538 3837 Iulius,
1588 3774 1836 3839 Ammon,

236 3846 487 3906 Marcus.
510 3846 763 3907 fremens.
783 3842 1054 3907 Zosimus,
1089 3843 1339 3911 Serapion
1369 3858 1703 3915 cegnomento
1727 3844 1835 3899 Pe-

234 3919 422 3990 lecon,
450 3927 495 3971 et
523 3917 575 3972 in
596 3916 759 3990 Libya
793 3916 1198 3990 Sisinniuscnm
1218 3916 1491 3990 juvenibus
1510 3918 1831 3990 ejusdemse-

234 4007 361 4045 cum
389 3988 638 4043 Itwreseos
659 3987 939 4042 cultoribus
969 3987 1208 4040 ecclesias
1239 3988 1513 4049 accipiunt.

314 4061 399 4187 ςα)
444 4060 682 4114 Valesius
711 4075 831 4114 cum
868 4057 1141 4129 Georgium
1181 4059 1237 4112 in
1275 4057 1593 4112 Alexandria
1639 4059 1715 4114 sic
1747 4059 1832 4114 iu-

343 4131 543 4187 exisset
565 4132 716 4187 quasi
739 4130 1026 4187 Georgium
1058 4130 1474 4184 AleXanilrinuin
1497 4131 1830 4187 episcopum.

237 4130 543 4193 telieitisset
565 4132 716 4199 quasi
739 4130 1026 4201 Georgium
1058 4130 1474 4184 AleXandrinuin
1497 4131 1830 4200 episeopum.

233 4219 403 4275 quem
434 4212 646 4258 constat
690 4218 832 4257 anno
866 4210 1069 4275 tantum
1099 4203 1202 4256 5.36
1246 4201 1296 4256 in
1343 4202 1829 4275 Atlianasiisedi-m

235 4273 543 4341 invasisse;
586 4290 651 4331 ro
683 4276 799 4328 loco
834 4274 1094 4328 adduetus
1120 4284 1237 4339 est,
1289 4285 1345 4327 ut
1387 4273 1521 4327 hanc
1553 4274 1833 4344 epiStolain

235 4357 372 4403 ante
413 4346 659 4402 eumdem
704 4362 902 4401 annum
942 4345 1197 4412 scriptam
1246 4354 1479 4415 Legal'et.
1518 4347 1579 4400 At
1618 4356 1834 4400 notatur

238 4422 354 4475 hoc
378 4420 497 4473 loco
524 4417 784 4491 Georgius
812 4420 1051 4491 alter._et
1076 4428 1129 4470 ut
1144 4416 1426 4491 probabile
1444 4428 1523 4491 cst
1552 4417 1834 4491 inndicete

235 4488 687 4563 cpisthleSLqui
711 4497 868 4544 antea
900 4488 1192 4563 Athanasio
1229 4499 1368 4563 teste
1400 4489 1492 4563 lib.
1534 4489 1601 4543 de
1629 4488 1833 4563 Synod.

238 4558 293 4634 p‘.
322 4558 507 4634 886m
529 4560 653 4619 887.
682 4558 1404 4634 Alexandrinuspresbyter,
1437 4562 1504 4634 ab
1528 4561 1837 4634 Alexandro

235 4631 456 4705 ejectus
484 4632 675 4688 fuerat.
726 4632 1035 4705 Undepost
1080 4632 1133 4705 in
1170 4631 1505 4705 Alexandria,
1553 4633 1837 4705 commode

237 4699 585 4775 suppleveris
615 4705 735 4759 olim
774 4703 1057 4775 presbyter.
1082 4699 1430 4775 Commodius
1463 4720 1588 4759 vero
1625 4702 1837 4760 intelle-

1959 1990 2118 2048 nobis
2181 1994 2494 2059 custodiat,
2558 1995 2980 2054 clementissime
3028 2012 3093 2054 ac
3147 1998 3557 2071 religiosissime

1959 2085 2042 2160 (α)
2074 2090 2328 2161 Auguste.
2372 2086 2625 2159 Explicit.

2207 2226 2689 2285 FRAGMENTUM
2732 2227 2798 2285 Vl
2842 2229 3011 2303 (Alias
3043 2247 3059 2286 i
3091 2230 3298 2305 partis).

1954 2339 2208 2398 LIBERIIJB
2255 2358 2396 2398 ANTE
2455 2357 2602 2407 QUAI
2643 2358 2711 2398 AD
2750 2358 3000 2401 Βκειιιυι
3042 2361 3203 2411 ιιιιςτ.
3253 2361 3393 2404 ΙΔΝΟ
3433 2364 3552 2403 υΝΙσ·

2027 2449 2246 2491 ινοιιιιςιι
2300 2436 2375 2509 (s)
2431 2448 2733 2492 EPISTOLAI
2792 2435 3222 2496 Courassonisus
3279 2454 3514 2498 scitirsir
3537 2481 3553 2507 ,

2022 2542 2078 2583 in
2114 2543 2249 2593 ss'r,
2292 2528 2550 2593 Eosssio,
2595 2532 2847 2587 Dioursio
2884 2547 2953 2587 και·
2997 2532 3270 2589 Lucinae
3307 2549 3360 2590 ut
3402 2549 3548 2592 exsi-

2021 2637 2109 2678 i.io
2144 2637 2494 2679 cons'rrruris
2531 2624 2651 2693 (an.
2682 2624 2840 2695 555).

2022 2737 2074 2791 1.
2097 2734 2378 2792 Exsulibus
2412 2736 2703 2808 gratulatur
2738 2736 3000 2793 Liberius.
3031 2768 3102 2781 -—
3146 2739 3404 2809 Quamvis
3452 2743 3554 2799 sub

1952 2826 2186 2899 imagine
2217 2827 2401 2899 pacis,
2436 2828 2655 2883 humani
2684 2830 2901 2899 generis
2940 2829 3194 2886 inimicus
3248 2833 3550 2890 vehemen-

1956 2920 2061 2975 tius
2092 2923 2144 2975 in
2171 2919 2415 2975 membra
2452 2918 2713 2976 Ecclesia:
2767 2922 3017 2977 videatur
3067 2938 3190 2978 esse
3237 2936 3551 2996 grassatus;

1952 3027 2051 3067 vos
2084 3020 2298 3075 tamen,
2332 3012 2402 3081 (Γ)
2460 3013 2824 3081 acceptissimi
2854 3014 2905 3067 in
2936 3014 3166 3069 Domino
3201 3016 3515 3073 sacerdotes
3536 3059 3553 3085 ,

1953 3104 2170 3175 egregia
2198 3110 2253 3159 et
2283 3103 2575 3175 singularis
2600 3102 2733 3160 ﬁdes
2758 3113 2816 3161 et
2843 3105 2932 3160 hic.
2960 3107 3269 3176 probabiles
3294 3109 3409 3165 Deo
3459 3123 3551 3166 os-

1953 3197 2159 3267 tendit,
2186 3206 2241 3254 et
2261 3196 2372 3267 jam
2396 3197 2464 3253 ad
2495 3198 2726 3253 futuram
2757 3199 2981 3269 gloriam
3015 3209 3285 3272 martyres
3303 3202 3561 3275 designa-

1948 3292 2042 3349 vit.
2076 3293 2195 3363 Quo
2225 3294 2405 3364 itaque
2429 3295 2699 3364 praeconio
2729 3293 2931 3362 laudis,
2972 3308 3078 3366 qua
3109 3296 3255 3352 vocis
3301 3299 3550 3355 exsulta-

1950 3386 2095 3442 tione
2120 3385 2310 3441 inerita
2334 3384 2551 3441 virtutis
2578 3393 2774 3441 vestra:
2799 3385 3070 3457 proferam
3092 3426 3106 3453 ,
3151 3389 3361 3458 positus
3405 3390 3559 3447 inter

1947 3494 2235 3537 maerorem
2305 3479 2562 3536 absentia:
2641 3491 2834 3536 vestrze
2902 3492 2956 3536 et
3007 3481 3261 3552 gaudium
3328 3483 3548 3555 gloriae,

1951 3646 2014 3705 ac
2062 3629 2299 3705 tandem
2328 3629 2666 3705 Vincentium
2716 3632 2766 3687 vi
2824 3633 3166 3705 compulsum
3221 3635 3552 3693 Arianorum

1952 3702 2146 3773 placita
2177 3700 2486 3769 perfecisse.

2021 3773 2106 3847 (tl)
2133 3774 2288 3845 Apud
2312 3773 2531 3847 Baron.,
2549 3774 2929 3847 religiosissime
2954 3778 3256 3845 imperator.

2023 3844 2093 3918 te)
2126 3844 2388 3918 Barouius
2416 3846 2481 3899 ad
2517 3845 2761 3918 an.555.
2792 3866 2845 3900 ii.
2867 3848 2958 3912 52,
2986 3844 3271 3918 epistolam
3294 3850 3544 3908 eamdem

1943 3918 2182 3971 exhibet.
2224 3917 2394 3988 Quam
2429 3918 2481 3971 in
2523 3917 2658 3972 attis
2683 3918 2899 3988 quidem
2932 3920 2989 3974 S.
3023 3917 3246 3975 Eusebii
3285 3922 3351 3975 ad
3381 3937 3545 3978 unum

1947 3988 2238 4042 Eusebium
2261 4028 2274 4051 ,
2310 3987 2364 4042 in
2394 3988 2579 4043 codice
2600 3987 2783 4061 autem
2823 3988 3080 4061 Vaticano
3111 4002 3219 4045 tum
3251 3991 3317 4047 ad
3360 3994 3538 4061 ipsum

1942 4069 2052 4113 ttiiii
2084 4061 2148 4114 ad
2192 4060 2432 4132 reliquos
2460 4060 2697 4124 exsules,
2725 4076 2787 4115 ac
2815 4060 3032 4116 demum
3063 4063 3114 4117 in
3147 4060 3389 4132 pluribus
3415 4065 3539 4122 aliis

1940 4130 2339 4198 exemplaribus
2396 4132 2460 4185 ad
2489 4147 2676 4185 omnes
2698 4132 3040 4189 confessores
3069 4130 3299 4189 diversis
3327 4136 3378 4190 in
3412 4137 3544 4193 locis

1942 4203 2252 4258 exsulantes
2270 4203 2596 4274 encyclieani
2622 4203 2930 4274 inscriptam
2949 4220 3067 4260 esse
3080 4215 3324 4262 testatur.
3342 4208 3437 4262 Cui
3462 4209 3544 4264 in-

1939 4274 2221 4343 scriptioni
2252 4276 2414 4339 favet,
2442 4275 2584 4344 quod
2617 4275 2753 4329 hanc
2776 4278 3086 4345 uniformem
3133 4278 3364 4333 Hilarius
3395 4295 3536 4334 nun-

1939 4356 2120 4421 cupat.
2170 4346 2318 4421 Unde
2357 4348 2603 4421 proxime
2656 4357 2775 4413 post
2809 4349 2970 4402 verba
2994 4345 3341 4421 Dionysioet
3382 4348 3540 4405 Luci-

1941 4420 2071 4489 fero.
2106 4418 2462 4489 supplendum
2497 4418 2704 4472 videtur
2745 4428 2789 4471 et
2830 4420 3046 4473 cwteris.
3081 4418 3242 4476 Cérte
3270 4419 3539 4477 Pancratii

1941 4488 2239 4563 presbyteri
2275 4488 2563 4563 et_llilarii
2587 4489 2820 4553 diaconi,
2862 4491 2951 4560 qui
2980 4507 3088 4563 una
3124 4508 3244 4547 cum
3275 4492 3529 4563 Eusebio,

1942 4560 2198 4633 Dinnysio
2238 4572 2290 4614 et
2335 4558 2585 4633 Lucifero
2621 4563 2792 4622 missi.
2835 4558 3081 4618 eamdem
3121 4564 3297 4618 exsilii
3328 4558 3531 4621 sortem

1940 4632 2183 4702 perpessi
2215 4643 2369 4687 erant
2392 4675 2407 4696 ,
2441 4632 2710 4704 Liberium
2740 4633 2971 4687 oblitum
3003 4651 3123 4689 esse
3151 4636 3276 4704 quis
3309 4637 3530 4692 credat?

2012 4704 2128 4759 Non
2174 4705 2481 4775 ambiguum
2510 4716 2619 4775 est,
2654 4703 2797 4759 illam
2826 4705 2891 4758 ad
2922 4721 3016 4761 eos
3044 4703 3276 4761 maxime
3311 4709 3530 4763 inissaiu

240 4766 390 4832 xeris
428 4793 547 4831 eum
581 4774 666 4830 hie
693 4766 842 4860 argui
862 4817 879 4842 ,
923 4766 1065 4846 quod
1099 4774 1472 4829 Alexandrinis
1502 4776 1716 4832 Arianis
1744 4792 1836 4847 per
1862 4766 1915 4826 Ι)
1942 4792 2086 4842 esse,
2117 4778 2292 4860 quinin
2319 4766 2546 4860 cuneilio
2578 4774 2978 4860 blediolaiieqsi
2995 4779 3120 4859 anui
3142 4776 3271 4843 355,
3297 4780 3375 4860 _ob
3402 4795 3535 4860 coii-

237 4849 454 4905 litteras
484 4849 857 4903 communicet.

322 4922 400 4993 (b)
441 4918 609 4993 Abest
639 4918 877 4974 exhibitis
909 4917 1489 4993 apiid_Baroniuni._ln
1523 4933 1625 4993 ius.
1669 4919 1833 4983 Pith.,

239 4988 491 5048 exhibitis
512 4992 799 5064 episcopis:
822 4989 963 5060 quod
986 4988 1164 5064 Faber
1187 4990 1457 5064 noninale
1486 4990 1697 5064 videtur
1716 5006 1837 5047 eor-

238 5065 478 5129 rexisse,
506 5059 565 5116 ut
596 5059 851 5132 liquidius
869 5062 1095 5134 patebit,
1122 5059 1168 5115 si
1201 5061 1482 5117 verborum
1507 5063 1640 5117 ordo
1665 5072 1837 5118 mute-

241 5144 335 5189 tur
366 5135 417 5188 in
443 5135 583 5188 hunc
610 5135 826 5188 modum
848 5133 948 5187 (Si
969 5133 1149 5186 talium
1177 5134 1436 5187 sententiis
1454 5135 1568 5204 jam
1597 5134 1833 5188 exhibitis

239 5215 500 5278 coguntur
526 5205 752 5278 episwpi
776 5204 999 5259 obedire.
1022 5203 1174 5278 Quod
1205 5215 1382 5260 autem
1399 5203 1465 5259 de
1490 5207 1540 5259 vi
1564 5204 1830 5275 eg-iScopis

238 5275 398 5333 illata
448 5277 674 5333 Subinde
715 5278 913 5332 dicitur
941 5319 955 5336 .
1005 5275 1243 5346 apertius
1291 5278 1525 5345 explicat
1566 5278 1837 5346 Sulpicius

240 5350 376 5407 Sev.
417 5349 509 5404 lib.
543 5366 601 5414 ii,
645 5365 696 5418 p.
737 5349 867 5415 9.46,
897 5347 986 5401 tibi
1024 5349 1139 5402 ait:
1182 5344 1420 5401 Edictum
1445 5349 1508 5402 ab
1536 5344 1840 5418 imperatore

239 5423 583 5495 proponitur,
609 5428 661 5474 ut
686 5421 850 5495 quiin
881 5420 1266 5495 damnationem
1291 5420 1560 5474 Athanasii
1589 5438 1690 5474 non
1721 5419 1841 5475 sub-

239 5492 546 5557 scribercut,
571 5494 621 5546 in
653 5494 889 5547 exsilium
918 5492 1239 5561 pellerentur.
1798 5521 1803 5525 ς

326 5564 401 5637 (c)
431 5564 694 5637 Vilicerlllii
720 5564 835 5619 scil.
870 5562 1103 5632 Capuani
1129 5574 1182 5617 et
1213 5563 1470 5627 Marcelli,
1502 5563 1581 5619 uti
1608 5563 1847 5619 declara-

243 5636 345 5691 tur
363 5636 606 5705 Sequenti
626 5636 1009 5701 fragmentum.
1025 5636 1081 5698 5,
1105 5650 1332 5705 quorum
1360 5637 1534 5701 primi.
1556 5646 1647 5690 aut
1671 5639 1846 5703 petitis

243 5655 342 5691 ιω·
363 5655 420 5690 se
459 5655 606 5691 uenti
626 5655 1081 5701 iraguiento,u.o.
1105 5655 1332 5705 quorum
1360 5655 1534 5701 primi.
1556 5655 1647 5690 aut
1671 5655 1844 5703 petitis

241 5655 473 5763 secundi
506 5716 729 5763 Conatus
757 5707 845 5762 hic
873 5719 1175 5762 narrantur.
1207 5707 1549 5762 Credeiiduiu
1573 5710 1717 5762 enim
1739 5715 1844 5775 est,

243 5795 351 5833 eos
394 5782 567 5850 primo
609 5781 845 5834 noluisse
891 5780 1113 5834 omnino
1156 5776 1510 5833 Athanasium
1564 5778 1843 5846 damnare,

242 5850 447 5907 deinde
475 5852 817 5907 consensisse
843 5852 1055 5921 quidem
1088 5852 1362 5904 Athanasii
1389 5850 1849 5918 condeinualimii,

243 5922 418 5979 tundo
450 5925 546 5994 ipsi
578 5924 720 5979 illius
752 5922 1051 5979 adversarii
1080 5921 1192 5977 Arii
1227 5922 1475 5978 haeresim
1504 5923 1850 5992 damnarent,

1948 4845 2178 4903 stantem
2214 4847 2335 4902 ﬁdei
2375 4852 2534 4917 atque
2563 4845 2844 4901 Athanasii
2882 4847 3254 4904 defensionem
3297 4851 3348 4904 in
3389 4853 3532 4906 exsi-

1946 4920 2075 4973 lium
2106 4918 2227 4989 ejici
2257 4926 2587 4973 meruerunt.
2620 4918 2803 4988 NeQiie
2836 4920 3015 4975 minus
3052 4926 3136 4975 est
3167 4920 3530 4990 perspicuum,

1944 5006 2062 5064 eam
2104 4993 2283 5046 Statim
2334 4999 2452 5059 post
2488 4991 2659 5059 ipsum
2690 4991 2976 5046 concilium
3008 5007 3075 5047 eo
3104 4993 3221 5064 ipso
3255 5008 3396 5048 anno
3427 4992 3532 5049 555

1942 5062 2195 5131 scriptam
2219 5076 2360 5117 esse.

2011 5132 2273 5205 Qum-ires
2301 5135 2343 5205 si
2372 5140 2675 5201 temporum
2699 5134 2943 5189 ordinem
2973 5147 3205 5205 speetes,
3234 5145 3530 5205 sequentes

1941 5215 2052 5260 tiiiii
2078 5206 2144 5259 ad
2177 5204 2520 5259 Caecilianum
2554 5215 2665 5258 tum
2692 5205 2758 5259 ad
2786 5206 2968 5261 Osiuin
3001 5204 3195 5262 littera:
3223 5204 3331 5260 non
3354 5209 3531 5263 solum

1940 5289 2068 5331 ante
2091 5277 2226 5331 hanc
2246 5277 2550 5346 epistulam,
2574 5278 2668 5332 srd
2692 5285 2748 5330 et
2765 5288 2891 5332 ante
2906 5294 3152 5345 superius
3175 5278 3533 5347 fragmentum

1944 5359 2099 5404 erunt
2125 5349 2473 5404 collocanda}.
2513 5348 2617 5403 Sed
2647 5350 2869 5403 distrahi
2912 5365 3017 5403 non
3053 5351 3373 5416 debuerunt,
3412 5365 3534 5418 quae

1945 5423 2013 5475 ab
2043 5420 2245 5475 Hilario
2276 5422 2390 5486 ipso
2413 5436 2653 5475 connexa
2684 5429 2875 5485 erant;
2907 5425 2995 5491 qui
3019 5464 3032 5483 ,
3074 5430 3131 5475 ut
3158 5424 3270 5489 ipse
3299 5437 3532 5489 pra-mo-

1949 5493 2088 5558 nuit,
2133 5491 2399 5547 interdum
2434 5510 2538 5544 non
2569 5501 2673 5546 tam
2708 5505 3007 5562 temporum
3037 5498 3302 5547 rationein
3329 5494 3531 5559 habet,

1950 5580 2108 5633 quam
2149 5580 2348 5618 rerum.
2397 5564 2578 5634 Neque
2618 5579 2761 5631 nunc
2805 5563 3328 5636 prudentibnslatet
3366 5566 3538 5636 ipsius

1951 5636 2257 5700 Consilium,
2283 5636 2429 5707 illum
2460 5636 2707 5688 nimirum
2733 5650 2794 5688 ea
2818 5636 2869 5689 in
2898 5649 3061 5688 unum
3080 5635 3396 5705 collegisse,
3415 5650 3540 5707 qua:

1951 5710 2091 5763 unde
2116 5707 2372 5762 ceciderit
2399 5706 2663 5771 Liberius,
2700 5716 2753 5760 et
2782 5722 2812 5759 a
2847 5721 3010 5775 quam
3049 5722 3243 5776 magno
3266 5706 3447 5763 animo
3470 5707 3539 5763 :id

1951 5796 2110 5850 quam
2140 5779 2392 5850 pusillum
2416 5778 2483 5850 sit
2509 5778 2750 5850 dilapsus
2769 5778 3180 5850 ,ostenderent.

2012 5850 2092 5978 ﬁt)
2118 5848 2170 5905 In
2205 5864 2307 5905 nis.
2341 5848 2506 5915 Pitb.,
2538 5849 2917 5921 acceptissimus
2942 5865 2959 5904 :
2980 5850 3078 5906 Cui
3104 5850 3220 5905 voci
3251 5850 3429 5909 Faber
3453 5851 3548 5908 ad-

2050 5926 2085 5977 ii
2119 5920 2247 5977 Deo.
2278 5920 2551 5976 Sineerior
2582 5920 2696 5976 visa
2726 5929 2810 5976 est
2836 5923 2996 5978 lectio
3026 5921 3262 5978 Baronii.

1955 5920 2085 5978 didit
2119 5920 2247 5977 Deo.
2278 5920 2551 5976 Sineerior
2582 5920 2696 5976 visa
2726 5929 2810 5976 est
2836 5923 2996 5978 lectio
3026 5921 3262 5987 Barouii.
