4062 6332
511 294 609 349 6⁸31

512 505 605 572 qui
658 504 712 555 in
767 498 1021 570 praesenti
1069 496 1319 563 fuerunt;
1369 494 1510 551 hanc
1553 509 1656 568 ego
1698 493 1885 553 libenti
1929 493 2115 555 animo

708 590 784 667 ((⁸)
814 590 1032 663 Suscepi
1086 589 1105 663 (
1136 589 1421 647 Anathenta
1452 587 1540 642 tibi
1568 604 1600 641 a
1626 602 1703 640 me
1730 585 1922 640 dictum
1950 627 1964 650 ,
2024 583 2112 637 Li-

512 687 643 754 beri,
691 697 739 740 et
767 686 920 741 sociis
951 683 1101 747 tuis).
1127 683 1183 745 in
1218 681 1365 736 nullo
1387 678 1688 739 contradisi
1716 721 1730 745 ,
1789 691 2116 737 conSensum

520 777 958 847 accommodavi,
1027 775 1162 829 hanc
1217 788 1458 844 sequor,
1511 773 1625 828 haec
1670 788 1698 825 a
1755 787 1841 826 me
1903 780 2118 826 tenetur

518 872 741 948 (Iterum
784 871 875 926 tibi
908 869 1183 924 anathema
1212 878 1258 922 et
1288 869 1455 935 tertio,
1502 866 1865 936 prevaricator
1892 864 2112 936 Liberi).

521 967 665 1026 Sane
715 963 1000 1037 petendam
1051 962 1258 1017 credidi
1282 962 1629 1017 sanctitatem
1660 968 1938 1026 vestram,
1992 959 2116 1031 quia

513 1059 624 1131 iam
654 1057 951 1131 pervidetis
1002 1057 1053 1111 in
1100 1054 1353 1111 omnibus
1390 1071 1475 1110 me
1506 1053 1662 1109 vobis
1687 1061 2114 1109 consentaneum

512 1167 672 1222 658e,
721 1151 1017 1224 dignemini
1063 1149 1336 1207 communi
1386 1148 1614 1204 consilio
1643 1164 1706 1204 ac
1746 1147 1929 1207 Studio
1956 1147 2110 1204 labo-

513 1262 658 1314 rare,
689 1257 956 1315 quatenus
977 1244 1045 1299 de
1072 1242 1267 1299 exsilio
1284 1242 1393 1312 jam
1426 1242 1687 1307 dimittar,
1742 1249 1798 1298 et
1825 1240 1894 1296 ad
1920 1240 2111 1299 sedem

509 1355 632 1413 qua:
661 1338 791 1395 milii
823 1338 1083 1396 divinitus
1110 1335 1314 1403 credita
1342 1344 1427 1393 est
1454 1343 1726 1392 revertar.

512 1506 636 1562 larii
674 1505 727 1560 in
770 1503 1007 1576 psalmos
1032 1501 1316 1576 Tractatus
1337 1498 1643 1576 continens.
1692 1497 1830 1576 Tum
1863 1499 2115 1576 opinatur

505 1579 740 1633 litteram
771 1570 1084 1646 praedictam
1143 1576 1211 1628 ab
1243 1573 1426 1646 aliquo
1470 1571 1716 1646 studioso
1762 1570 1814 1623 in
1845 1584 1939 1646 ora
1991 1570 2115 1646 libri

510 1640 788 1713 notatam,
808 1663 909 1718 qua
938 1653 1184 1701 moneret
1209 1640 1596 1718 requirendum
1629 1657 1754 1718 esse
1782 1644 2005 1718 quinam
2034 1640 2113 1718 illi

508 1730 695 1781 essent
739 1714 838 1775 i‘oi'
861 1718 1123 1773 nominati
1155 1758 1170 1783 ,
1219 1729 1515 1786 quarumve
1542 1714 1818 1769 civitatum
1845 1714 2108 1784 cpisc0pi.

510 1792 621 1848 Nos
647 1800 828 1846 autem
852 1790 990 1869 ban_c
1010 1798 1191 1869 notam
1216 1786 1869 1869 apii_osi_tatttsuspicamur
1891 1795 2110 1869 propter
2141 1809 2188 1869 Β

412 1922 415 1925 _
510 1879 674 1920 unum
708 1877 902 1917 nomen
930 1860 1149 1929 Iunior,
1182 1858 1325 1928 quod
1348 1857 1670 1925 adjectivum
1706 1857 1874 1925 magis
1898 1858 2113 1912 videtur

550 1951 671 1999 nam
705 1933 981 2004 proprium
1017 1975 1030 1997 ,
1078 1928 1149 1986 et
1175 1928 1315 2004 apud
1350 1929 1647 2004 ΒςιιεοηίιηηΔ
1670 1941 1774 1981 non
1811 1935 2108 2004 comparet.

550 1952 671 1999 nam
705 1952 981 2004 pl‘oprltlm
1017 1975 1030 1997 ,
1078 1952 1131 1986 ct
1175 1952 1315 1999 apuu
1351 1952 1637 1984 narumum
1670 1952 1774 1981 ιιυιι
1811 1952 2108 1998 uunparet.

509 1952 799 2063 ἓιιεῑτριηει
827 2005 1052 2059 verbum
1086 2002 1469 2071 requirendum,
1506 1997 1648 2071 quod
1672 2001 1949 2071 marginali
1984 2012 2111 2054 nota

517 2070 1010 2150 resigniﬁcabatur,
1041 2075 1107 2129 ab
1132 2070 1312 2150 aliquo
1342 2074 1394 2150 in
1424 2070 1625 2150 textum
1655 2070 2113 2150 translationesse

508 2141 802 2220 conjéctat.
835 2146 929 2203 His
955 2141 1022 2202 de
1053 2146 1220 2200 verbo
1248 2143 1615 2220 requirendum
1639 2142 1868 2207 notatis,
1915 2141 1981 2197 ad
2031 2145 2112 2197 in-

509 2215 754 2277 stitutam
783 2236 853 2291 qu
874 2220 1137 2291 estionem
1172 2215 1473 2291 redeamus.

585 2293 639 2349 Si
664 2285 860 2348 Liberii
890 2290 1269 2361 espendantur
1298 2287 1460 2343 verba
1488 2326 1501 2350 .
1534 2285 1777 2361 planum
1808 2285 1897 2340 ﬁet
1925 2285 1990 2361 ad
2027 2301 2113 2340 se-

517 2364 749 2421 cundam
780 2356 1138 2418 Sirmieosem
1169 2359 1451 2414 formulam
1478 2358 1696 2412 minime
1726 2371 1846 2412 esse
1872 2356 2115 2412 referen-

514 2436 602 2491 da.
636 2434 1011 2490 Orientalibus
1041 2433 1184 2488 enim
1217 2433 1419 2498 primas
1451 2430 1657 2484 litteras
1686 2444 1812 2486 suas
1840 2429 2109 2496 inscribit,

515 2518 629 2561 tmn
660 2506 727 2562 de
776 2506 916 2559 datis
956 2504 1020 2559 ad
1049 2503 1352 2559 Orientales
1387 2500 1582 2555 litteris
1615 2499 1892 2555 Ursacium
1922 2509 1977 2554 et
2002 2499 2111 2555 Va-

516 2578 715 2632 lentem
737 2620 751 2643 ,
800 2591 863 2632 ac
894 2574 1232 2643 postmodum
1267 2572 1606 2625 Vincentium
1643 2570 1875 2643 etltalos
1898 2573 2112 2643 episeo-

517 2664 617 2719 ρης
646 2640 1120 2703 ειηᾶἰοςηίηοηυῑ.
1153 2643 1309 2719 Unde
1335 2658 1467 2719 vero
1497 2651 1638 2719 tanta
1667 2640 2112 2719 eiiri'Orieutales

517 2714 738 2781 ﬁducia,
772 2720 873 2772 nisi
908 2721 1029 2785 quia
1059 2732 1246 2773 eorum
1281 2714 1402 2771 ﬁdei
1431 2714 1843 2782 subscripsisset
1871 2715 1896 2767 ?
1945 2715 2111 2785 Atqui

520 2789 885 2847 Orientalium
918 2782 1053 2844 ﬁdes
1081 2788 1181 2843 alia
1214 2797 1323 2841 tum
1357 2801 1460 2840 non
1491 2796 1635 2847 erat.
1675 2786 1775 2839 nisi
1801 2786 1971 2854 prima
1996 2782 2113 2841 Sir-

521 2863 748 2917 micnsis
781 2876 883 2917 una
924 2875 1045 2915 cum
1092 2854 1639 2927 pseudo-Sardicensi
1675 2867 1727 2912 et
1751 2856 2107 2927 Aptiocbena.

522 2933 729 2990 Deinde
776 2935 821 2987 si
868 2924 1120 2987 secundi:
1150 2931 1554 2998 snbsrripsbset
1584 2969 1597 2991 ,
1634 2929 1781 2997 apud
1802 2924 2113 2983 Orientales

520 3006 703 3059 dicere
735 3021 841 3058 non
870 3004 1055 3061 debuit
1081 3018 1138 3057 se
1180 3002 1488 3067 suscepisse
1514 3000 1669 3071 ﬁdem
1697 3012 1915 3054 vestram
1945 3011 1991 3053 et
2019 3016 2110 3052 ca-

517 3076 764 3130 tholicam
787 3091 901 3145 quae
915 3075 1107 3129 Sirmio
1128 3091 1159 3127 a
1192 3075 1423 3141 pluribus
1449 3073 1694 3143 fratribus
1722 3080 1769 3145 et
1797 3070 2112 3145 coepiscopis

523 3149 713 3203 nostris
738 3156 980 3212 tractata,
1014 3147 1243 3211 exposita
1270 3155 1315 3199 et
1330 3154 1564 3214 suscepto
1594 3153 1682 3198 est.
1717 3144 1847 3198 Nam
1874 3144 2108 3198 secunda

1719 281 1965 340 SANC'I‘I
2009 279 2267 345 lllLAlill
2306 280 2617 336 EPISCOPI
3320 276 3349 293 ”

509 409 637 475 tari,
666 423 764 467 non
794 413 1051 472 ttpostnla.
1087 403 1324 457 Liberius
1365 399 1663 473 sequentia)
1699 417 1715 455 :
1749 400 1815 457 ab
1860 398 2111 457 onmibus
2141 400 2187 459 Δ

3708 274 3809 328 (ἴεἶὲ

2293 397 2346 451 7.
2374 395 2523 454 Fidei
2554 398 2662 468 ejus
2706 398 2792 467 qui
2827 405 3083 450 auctores.
3139 424 3207 434 —-
3263 392 3583 449 «Perﬁdiam
3631 405 3810 453 autem

2217 488 2364 560 apud
2395 489 2649 545 Sirmiqu
2677 488 3026 559 descriptam.
3058 488 3223 561 680
3266 504 3425 559 quam
3476 487 3604 541 dicit
3648 485 3809 541 Libo-

2219 587 2327 640 rius
2354 584 2698 650 catholicam,
2726 600 2756 638 a
2787 582 3102 653 DemOpltiIo
3126 583 3225 638 sibi
3245 582 3571 653 expositam,
3602 579 3655 635 lii
3685 590 3813 635 sunt

2218 677 2309 748 qui
2339 677 2771 746 conscripserunt
2810 694 2824 730 :
2856 675 3157 741 Narcissus,
3191 673 3532 743 Theodorus,
3560 673 3810 740 Basilius,

2220 770 2495 827 Eudoxius
2520 814 2534 837 ,
2566 771 2935 839 DemOpbilus.
2969 770 3264 838 Cecropius
3287 811 3302 834 ,
3333 769 3605 832 Silvanus,
3641 767 3807 824 Ursa-

2225 864 2362 930 cius,
2405 862 2624 931 Valens,
2657 863 2938 933 Evagrius,
2973 862 3046 936 (b)
3073 863 3359 935 llyrenius,
3394 861 3812 931 Esuperautius,

2226 960 2604 1023 Terentianus,
2645 961 2722 1032 (ε)
2776 960 2999 1025 Bassus,
3037 957 3394 1023 Gaudentius,
3441 956 3814 1023 Macedonius,

2222 1052 2303 1126 (ά)
2333 1054 2595 1119 Martbus,
2627 1054 2862 1119 Aeticus,
2897 1051 3089 1117 Julius,
3126 1053 3372 1119 Suriuus,
3415 1050 3728 1125 Simplicius
3758 1059 3815 1105 et

2223 1145 2295 1224 (ε)
2321 1146 2534 1216 Iunior,
2575 1144 3006 1219 (requirendum)
3036 1161 3224 1203 omnes
3254 1145 3551 1203 breretici.»

2219 1507 2271 1553 et
2298 1498 2435 1554 intra
2463 1505 2677 1568 tempus
2698 1500 2973 1556 exstitisse
3018 1498 3143 1553 olim
3176 1498 3549 1555 asserentibus
3572 1541 3588 1564 ,
3634 1509 3823 1569 postea

2217 1585 2352 1626 vero
2376 1570 2659 1627 Sirmiemi
2698 1570 2835 1637 ﬁde,
2898 1571 3200 1642 Ancyranis
3242 1569 3480 1626 decretis
3530 1570 3825 1634 illustrat.

2218 1650 2346 1697 ante
2375 1654 2616 1711 tempora
2663 1652 2719 1698 et
2749 1659 2815 1698 ex
2849 1643 2940 1698 Dei
2977 1642 3278 1699 substantia
3302 1642 3727 1707 conﬁtentibus,
3756 1644 3829 1701 ad

2217 1730 2400 1771 veram
2428 1714 2587 1770 ﬁdem
2616 1717 2881 1784 prolicere
2904 1714 3001 1769 fuit
3019 1758 3033 1777 ,
3058 1721 3115 1768 et
3134 1712 3370 1781 qundam
3403 1714 3567 1784 modo
3588 1715 3824 1771 catholi-

2219 1800 2314 1840 cos
2341 1785 2591 1841 evadere.
2620 1782 2822 1841 Contra
2852 1785 3069 1841 Liberio
3095 1786 3409 1840 Sirmiensis
3442 1783 3567 1839 ﬁdei
3595 1786 3816 1840 contes-

2216 1860 2370 1915 sione
2392 1867 2633 1913 sanctam
2672 1858 3151 1913 consubstantialis
3182 1856 3342 1912 ﬁdem
3377 1856 3763 1927 snpprimenti.
3793 1873 3825 1913 a

2219 1944 2346 1984 vera
2375 1929 2480 1984 tlde
2504 1929 2736 1984 deﬁcere
2762 1927 2863 1984 fuit
2888 1972 2901 1990 .
2940 1940 2993 1984 et
3022 1928 3288 2000 perﬁdum
3311 1939 3476 1997 atque
3504 1927 3825 1984 bzcreticum

2216 2000 2447 2070 quadam
2477 2003 2687 2056 ratione
2714 2000 2852 2056 ﬁeri.
2908 2000 3192 2055 Hmreticis
3218 2001 3363 2055 enim
3390 2003 3824 2066 communicanti,

2218 2081 2272 2127 et
2302 2071 2556 2127 credendi
2587 2074 2760 2139 legem
2782 2113 2795 2135 ,
2830 2088 2988 2141 quam
3018 2071 3275 2127 lneretico
3306 2086 3469 2127 sensu
3502 2073 3630 2126 tueb
3650 2083 3822 2137 intur,

2216 2145 2465 2213 quamvis
2494 2144 2772 2199 intellectu
2797 2144 3065 2200 catholico
3086 2143 3153 2196 ab
3180 2144 3260 2197 eis
3282 2143 3572 2211 recipiens,
3600 2143 3827 2198 heresis

2216 2226 2400 2285 partes
2427 2215 2861 2271 communiebat:
2890 2214 3191 2270 catholicus
3217 2215 3321 2270 lide
3347 2225 3401 2269 et
3428 2214 3825 2271 interioricon—

2217 2288 2468 2354 scientia,
2497 2287 2885 2344 communione
2911 2302 2974 2342 ac
3000 2285 3140 2345 forte
3170 2286 3332 2341 etiam
3359 2300 3578 2342 rumore
3606 2284 3826 2353 publico

2217 2357 2505 2414 haereticus
2530 2377 2551 2430 ί
2562 2374 2679 2430 quo
2701 2358 2767 2412 de
2798 2374 3012 2414 rumore
3036 2358 3292 2428 legendus
3320 2357 3678 2425 Sozomenus,
3714 2358 3813 2412 lib.

2216 2445 2291 2494 tv,
2310 2445 2368 2502 c.
2394 2430 2493 2502 15.
2533 2428 2613 2485 Eo
2641 2444 2799 2485 sensu
2825 2429 3208 2502 intelligendus
3235 2438 3319 2484 est
3340 2430 3701 2502 Hieronymus
3724 2430 3819 2485 lib.

2221 2517 2237 2557 ι
2287 2501 2355 2555 de
2383 2501 2582 2567 Script.
2616 2502 2753 2557 eccl.
2777 2500 3019 2567 dixisse,
3054 2501 3326 2556 Liberium
3364 2515 3395 2555 a
3427 2500 3823 2556 Fortunatiano

2222 2573 2294 2627 ad
2344 2574 2769 2643 subscriptionem
2815 2578 3064 2629 haereseos
3109 2572 3448 2641 compulsum
3498 2588 3642 2627 esse.
3701 2574 3823 2638 Quo

2214 2654 2428 2711 Spectat
2458 2653 2513 2699 et
2533 2645 2660 2699 illud
2676 2644 2873 2703 Auxilii
2898 2645 2993 2701 lib.
3026 2662 3042 2700 ι
3073 2646 3140 2699 de
3161 2644 3595 2700 ordinatiooibus
3615 2658 3666 2700 e.
3704 2644 3816 2699 ‘25:

2220 2715 2350 2788 Quis
2373 2718 2563 2771 nesciat
2598 2717 2735 2784 quod
2760 2715 2997 2772 Liberius
3023 2760 3039 2784 ,
3094 2719 3190 2770 heu
3222 2715 3350 2788 proh
3383 2716 3572 2771 dolor!
3606 2718 3818 2771 Ariona

2217 2787 2399 2842 hieresi
2427 2789 2769 2858 subscripsit?

2289 2860 2365 2929 (a)
2403 2859 2700 2925 Baronius,
2737 2860 2940 2930 suscepi
2982 2860 3036 2913 in
3069 2859 3216 2914 nullo
3256 2861 3631 2914 contr-adiectis.
3677 2860 3819 2917 Sane

2215 2932 2487 3003 petendam
2545 2932 2777 2997 credidi,
2834 2933 2897 2985 iis
2956 2932 3172 2987 omissis
3216 2947 3336 3000 quin
3384 2930 3465 3003 bis
3498 2932 3814 3001 interposita

2215 3002 2361 3056 Sunt.
2412 3002 2670 3071 Quamvis
2711 3014 2890 3058 autem
2938 3003 2989 3057 in
3030 3003 3317 3056 novissima
3337 3002 3573 3057 editione
3601 3018 3663 3058 ea
3698 3004 3815 3071 ipsa

2215 3073 2581 3130 additamenta
2629 3075 2681 3130 iti
2719 3074 2997 3130 Cresconii
3051 3075 3372 3128 collectione
3411 3089 3469 3128 se
3516 3073 3816 3132 olendis~e

2216 3143 2485 3210 fateatur;
2529 3160 2592 3201 ea
2643 3157 2820 3201 tamen
2856 3146 3039 3201 llilarii
3069 3160 3190 3200 esse
3216 3161 3436 3215 prorsus
3474 3157 3655 3216 negat.
3705 3145 3813 3200 No-

521 3236 547 3271 a
581 3221 707 3273 stilis
730 3205 1160 3275 Occidentalibus
1191 3216 1416 3272 Ursacio
1442 3257 1454 3280 ,
1477 3205 1719 3270 'Valente
1739 3258 1752 3279 ,
1805 3214 2105 3281 Germinio,
2136 3205 2183 3270 C
2216 3226 2353 3279 stras
2377 3232 2438 3272 ea
2468 3205 2534 3273 de
2559 3233 2617 3273 re
2644 3219 2979 3287 eonjecturas
3003 3205 3309 3288 proponere
3325 3218 3454 3273 satis
3472 3205 3812 3275 habebimus.

524 3291 769 3347 Potaniio
799 3302 846 3342 et
876 3291 1002 3345 Osin
1027 3289 1267 3358 exposita
1293 3298 1405 3351 est;
1437 3301 1500 3340 ac
1523 3288 1747 3355 proinde
1777 3290 1827 3340 in
1856 3300 1975 3339 eam
2008 3302 2115 3341 non

524 3362 668 3415 cadit
690 3371 927 3416 vestram.
964 3362 1145 3430 Longe
1168 3360 1351 3419 minus
1368 3359 1622 3413 convenit
1644 3374 1746 3411 vos
1782 3358 2112 3419 catholicum.

522 3449 641 3500 quze
664 3433 744 3486 vis
787 3432 1041 3486 Sirmium
1070 3445 1287 3501 egressa
1313 3441 1418 3495 est,
1450 3445 1570 3483 cum
1601 3445 1720 3501 eam
1751 3442 1941 3501 omnes
1961 3445 2113 3484 avcro

522 3502 625 3556 sati
655 3513 797 3556 sunt.
847 3504 1027 3571 Neque
1050 3500 1275 3555 dicenda
1301 3501 1399 3555 fuit
1428 3518 1459 3552 a
1490 3500 1721 3569 pluribus
1746 3500 1990 3570 fratribus
2022 3517 2113 3553 ea:-

524 3575 713 3640 posita.
748 3575 903 3642 cujus
937 3575 1017 3627 vel
1045 3589 1137 3629 sex
1170 3581 1417 3642 auctores
1446 3588 1552 3625 non
1581 3571 1737 3625 facile
1767 3572 2110 3639 excogitaris.

525 3643 793 3701 Praeterea
817 3641 861 3700 si
886 3644 1044 3699 ﬁdem
1073 3643 1310 3707 Valentis
1332 3641 1604 3703 etUrsacii
1632 3657 1795 3710 opera
1809 3644 2112 3711 expositam

524 3717 762 3787 recepit;
800 3732 897 3771 cur
929 3731 1032 3771 non
1069 3714 1345 3770 contendit
1386 3714 1601 3768 illorum
1634 3715 1864 3787 primum
1893 3725 2114 3782 captare

523 3785 750 3854 gratiam
777 3830 793 3853 ,
841 3788 930 3858 qui
974 3799 1026 3841 et
1054 3788 1195 3857 apud
1228 3788 1606 3858 imperatorem
1642 3785 1927 3858 plurimum
1963 3796 2115 3858 pote-

522 3868 664 3925 rant,
697 3870 751 3915 et
780 3861 833 3915 in
856 3856 970 3930 ejus
984 3856 1255 3915 Comitatu
1276 3867 1386 3913 tum
1402 3857 1781 3912 versabantur?
1799 3856 1931 3925 Quis
1949 3856 2115 3912 etiam

521 3939 698 4003 neget,
736 3930 1108 4003 Demophilum
1138 3944 1282 3999 sape
1304 3930 1509 4003 saipius
1536 3939 1692 3983 antea
1733 3938 1966 4003 tentasse
1991 3970 2007 3993 ,
2053 3937 2114 3985 ut

519 3999 792 4057 Liberium
835 3999 1155 4057 ad’Arianas
1192 3999 1760 4071 partes—inﬂectere”
1819 3999 1923 4055 Sed
1952 4011 2110 4055 autem

517 4073 721 4128 nullam
748 4074 1066 4144 Arianorum
1095 4074 1324 4144 partium
1341 4073 1499 4127 tidem
1525 4073 1882 4144 recentiorem
1908 4073 1956 4126 ei
1983 4075 2111 4127 sub-

519 4144 861 4201 scribendam
901 4143 1106 4199 oﬂ'erre’
1137 4145 1309 4214 potuit
1338 4187 1351 4209 ,
1406 4157 1566 4211 quam
1603 4143 1958 4214 Sirmieusem
1998 4144 2108 4212 pri-

519 4229 684 4270 mam.
727 4215 1005 4279 Mittimus,
1032 4218 1118 4272 vix
1140 4213 1256 4270 tum
1283 4214 1574 4270 secundam
1604 4217 1844 4284 potuiSSe
1864 4213 2109 4271 Herceum

516 4285 867 4357 deferricum
887 4288 1129 4343 Liberius
1158 4289 1338 4355 lapsus
1359 4297 1463 4342 est.
1498 4287 1734 4357 Denique
1750 4288 2105 4352 Sozomenus,

514 4356 607 4411 lib.
631 4374 704 4424 iv,
734 4358 890 4421 αλδ,
926 4361 1079 4415 testis
1105 4370 1206 4421 est.
1230 4358 1528 4425 Liberium,
1558 4356 1680 4413 cum
1700 4358 1955 4412 Sirmium
1988 4370 2109 4426 per-

515 4429 779 4494 venisset,
809 4431 1207 4485 conlessiouem
1236 4432 1454 4485 dedisse
1476 4471 1491 4497 ,
1532 4445 1634 4499 qua
1667 4445 1754 4483 eos
1791 4430 1877 4494 qui
1911 4428 2106 4484 Filium

513 4500 801 4553 secundum
830 4500 1169 4556 substantiam
1191 4511 1236 4555 et
1262 4517 1353 4573 per
1378 4498 1553 4573 outnia
1584 4498 1732 4554 Patri
1762 4501 1979 4573 similem
2003 4519 2105 4556 non

514 4585 623 4645 esse
648 4580 949 4645 assererem,
973 4572 1167 4627 alienos
1181 4574 1244 4627 ab
1261 4571 1492 4645 Ecclesia
1509 4571 1895 4645 pronuntiabat.
1922 4572 2107 4645 Neque

512 4640 615 4714 hoc
643 4641 881 4697 tacturus
912 4654 1029 4699 erat
1053 4684 1069 4710 ,
1114 4646 1161 4699 si
1194 4644 1440 4714 proxime
1478 4640 1633 4698 antea
1663 4644 1977 4699 substantia:
2007 4640 2103 4701 vo-

511 4713 762 4769 cabulum
786 4714 1114 4771 damnasset.

582 4803 674 4881 ᾼι.
697 4807 929 4881 inquies,
954 4808 996 4881 si
1026 4808 1260 4864 Hilarius
1282 4808 1551 4865 Liberium
1598 4809 1786 4881 prima:
1817 4809 2099 4868 Sirmiensi

503 4877 709 4951 ectbesi
738 4877 1083 4936 consensisse
1107 4881 1402 4947 intellexit;
1433 4896 1531 4937 cur
1558 4877 1698 4951 eam,
1729 4897 1886 4950 quam
1914 4882 2007 4937 lib.
2028 4883 2099 4951 de

504 4947 1334 5024 _Syoodisprob_atetexcusat,
1382 4969 1521 5008 nunc
1570 4947 1847 5024 pertidiam
1890 4950 2097 5010 vocat?

495 5016 624 5103 Jam‘
641 5016 788 5103 libris
810 5023 876 5079 de
893 5022 1125 5095 Synodis
1146 5035 1197 5079 et
1221 5026 1270 5078 in
1296 5016 1669 5103 constantiam
1686 5025 2091 5103 demonstrasse

499 5092 964 5166 nobisvidcmuri,
1030 5111 1320 5164 numquam
1355 5096 1557 5153 Hilario
1602 5096 1882 5166 probatam
1926 5095 2093 5155 fuisse

497 5160 853 5220 Sirmiensem
882 5160 975 5227 aut
1027 5160 1192 5229 aliam
1220 5166 1575 5225 Orientalium
1602 5160 1813 5221 ﬁdem.
1863 5168 1977 5223 lmo
2023 5184 2090 5226 ex

494 5248 563 5308 eo
589 5236 735 5304 quod
777 5237 852 5291 ait
876 5235 928 5292 in
956 5233 1238 5293 Constant.
1269 5255 1322 5292 n.
1357 5238 1463 5293 ΞΜ
1514 5238 1779 5307 Quidquid
1809 5250 1992 5308 ρνωιεν
2022 5241 2090 5307 ﬁ-

493 5305 610 5359 dem
638 5323 791 5362 unam
818 5318 913 5371 est,
939 5309 1154 5378 perﬁdia
1173 5352 1189 5373 ,
1241 5326 1342 5364 non
1370 5310 1496 5378 ﬁdes
1528 5305 1601 5364 est
1650 5305 2087 5368 seonsectarium

488 5388 573 5453 est
612 5381 774 5433 etiam
817 5381 1046 5449 primam
1072 5380 1463 5453 Sirmiensem‘,
1509 5384 1709 5453 quippe
1737 5397 1863 5450 qua:
1883 5396 2081 5449 praeter

488 5445 761 5521 Niczenam
787 5445 888 5514 est,
915 5466 1037 5507 c5se
1061 5451 1356 5519 perﬁdiam.
1390 5445 1571 5521 Neque
1594 5445 1967 5521 inconstantia:
1987 5468 2082 5511 ar-

490 5520 734 5586 guendos
761 5530 845 5577 est
868 5522 1101 5577 Hilarius
1121 5564 1137 5588 ,
1178 5523 1322 5592 quod
1352 5519 1598 5581 eamdem
1627 5522 1750 5578 lidei
1776 5519 2077 5578 confessio-

488 5605 611 5645 nem
640 5605 761 5647 cum
792 5593 1058 5647 laudasset
1084 5595 1216 5648 alias
1242 5635 1257 5659 ,
1290 5610 1429 5648 nunc
1459 5596 1654 5648 acriter
1682 5602 1867 5662 carpat
1895 5608 1957 5649 ac
1989 5608 2077 5650 re-

491 5662 815 5735 prehendat.
865 5663 1106 5735 Namque
1158 5676 1214 5718 ut
1250 5664 1323 5735 illi
1346 5664 1490 5735 digni
1516 5676 1653 5735 sunt
1688 5663 1844 5717 laude
1868 5704 1883 5728 ,
1929 5667 2017 5734 qui
2048 5682 2083 5720 a

493 5734 634 5804 malo
662 5734 953 5800 recedunt,
993 5732 1066 5789 ita
1097 5738 1236 5804 quia
1256 5732 1708 5799 binoﬁdeﬂciunt,
1741 5735 1933 5790 merito
1950 5732 2082 5792 sunt

480 5802 841 5870 vituperandi.
888 5804 958 5864 At
982 5802 1497 5863 vero'Orientalibus
1522 5847 1537 5871 ,
1590 5804 1782 5864 Filium
1812 5819 1877 5861 ex
1908 5804 2080 5863 nihilo

2224 3288 2357 3341 Cum
2388 3291 2438 3342 in
2459 3305 2558 3343 ms.
2592 3288 2732 3353 Pitb.
2769 3304 2884 3360 pom
2917 3290 3134 3342 verbum
3167 3290 3365 3360 suscepi
3394 3331 3409 3353 ,
3458 3304 3567 3343 uno
3589 3291 3811 3344 eodem-

2222 3375 2326 3427 que
2347 3370 2602 3415 contextu
2631 3356 2909 3432 sequatur,
2937 3361 3159 3416 Sanctus
3185 3356 3419 3414 Hilarius
3438 3364 3715 3415 anathema
3736 3364 3811 3416 illi

2222 3432 2383 3485 dicit:
2403 3434 2675 3486 anathema
2700 3433 2788 3486 tibi
2814 3452 2844 3485 ιι
2869 3449 2972 3497 me,
3002 3443 3133 3499 ctc.,
3163 3434 3449 3497 opinamur
3480 3433 3598 3487 hac
3625 3436 3809 3499 verba,

2223 3503 2448 3575 Sanctus
2479 3502 2713 3557 Hilarius
2745 3506 3018 3575 anathema
3048 3504 3127 3557 illi
3171 3504 3294 3557 dicit
3328 3545 3343 3567 ,
3403 3506 3456 3557 in
3505 3508 3810 3575 antiquiore

2223 3574 2516 3643 exemplari
2544 3577 2611 3629 ad
2635 3577 2932 3646 marginem
2960 3574 3240 3629 dunitasat
3268 3575 3539 3642 adscripta
3561 3574 3686 3631 esst:
3708 3620 3722 3636 .
3751 3594 3810 3631 ac

2224 3646 2563 3718 postmodum
2592 3647 2824 3718 imperiti
2854 3646 3076 3718 alicujus
3103 3647 3303 3700 libririi
3331 3660 3495 3717 opera
3519 3650 3571 3702 in
3608 3656 3811 3703 testam

2219 3715 2527 3789 irrepsisse.
2576 3715 2789 3789 Ex'quo
2819 3715 3122 3782 conﬁcitur,
3158 3718 3213 3772 l"
3238 3733 3342 3771 non
3373 3715 3630 3775 recentes
3688 3736 3809 3774 esse

2221 3787 2528 3858 liujusmodi
2557 3787 3023 3859 interpolationes;
3053 3789 3110 3843 2°
3168 3790 3274 3859 jam
3307 3791 3375 3843 ab
3403 3792 3642 3859 antiquis
3671 3802 3804 3846 tem-

2222 3859 2444 3928 poribus
2478 3861 2736 3916 Hilarium
2763 3878 2947 3916 earum
2967 3903 2980 3926 ,
3036 3861 3148 3915 imo
3201 3862 3364 3916 totius
3387 3861 3616 3931 hujusce
3643 3866 3803 3920 Colle-

2218 3932 2414 3986 Ctionis
2439 3941 2715 3988 auctorem
2744 3935 2911 3988 fuisse
2946 3933 3232 3988 credititm.
3276 3932 3546 3989 Praeterea
3581 3934 3790 3991 ferven-

2222 4003 2429 4077 tissimo
2453 4004 2659 4077 Cbr_isti
2679 4005 2985 4077 C0nlessori
3013 4006 3066 4058 in
3093 4004 3369 4059 hominem
3389 4049 3404 4073 ,
3444 4007 3537 4076 qui
3563 4006 3801 4077 quamvis

2218 4074 2270 4128 in
2302 4088 2511 4129 summa
2540 4074 2798 4131 Ecclesiai
2819 4076 3077 4146 dignitate
3098 4077 3420 4130 Cottstitntus
3442 4074 3470 4141 ,⁷
3489 4074 3699 4133 Domini
3730 4089 3801 4132 ta-

2217 4160 2341 4199 men
2364 4146 2445 4200 sui
2466 4162 2685 4202 causam
2718 4149 2945 4214 turpiter
2965 4147 3289 4212 deSernerit,
3314 4149 3601 4202 anathema
3625 4149 3801 4205 dicere

2217 4217 2436 4271 licuisse
2478 4221 2739 4287 Aposmlo
2784 4230 3005 4273 auctore
3047 4218 3158 4287 jam
3204 4221 3569 4287 probavimus.
3624 4221 3729 4277 Sed
3757 4218 3797 4275 με

2218 4287 2355 4362 forte
2378 4291 2490 4343 haec
2519 4289 2881 4362 additamenta
2917 4290 3118 4344 Hilario
3142 4306 3247 4345 non
3264 4300 3389 4345 sunt
3410 4291 3652 4362 indigna,
3682 4309 3791 4348 cum

2215 4361 2448 4433 primum
2483 4361 2677 4415 Liberii
2705 4363 2908 4429 lapsum
2937 4362 3182 4425 rescivit;
3206 4362 3372 4415 uiliilo
3403 4361 3795 4433 minusabipso

2213 4431 2430 4486 videtur
2454 4433 2713 4499 alienum,
2742 4444 2798 4487 ut
2830 4448 2953 4489 cum
2978 4434 3079 4487 hoc
3103 4448 3240 4504 opus
3260 4448 3415 4488 suum
3449 4434 3665 4491 Liberin
3692 4431 3791 4504 jam

2212 4512 2461 4559 correcto
2493 4505 2544 4559 in
2574 4505 2844 4575 publicum
2870 4504 3147 4568 emis-erit,
3202 4520 3265 4560 ea
3300 4516 3408 4561 tum
3438 4522 3545 4562 non
3576 4507 3795 4563 eraserit

2133 4606 2185 4668 υ
2212 4589 2433 4668 prorsus
2460 4579 3023 4668 atqueasuppresserit.

2290 4647 2368 4717 (b)
2405 4645 2463 4700 In
2488 4645 2587 4703 ms.
2614 4648 2776 4704 Sirm.
2804 4657 2859 4702 ut
2886 4656 2943 4703 et
2966 4648 3104 4718 apud
3131 4648 3326 4703 Baron.
3361 4646 3615 4705 Irenwus.
3668 4650 3792 4704 Eva-

2209 4720 2382 4844 grius,
2417 4721 2507 4790 qui
2533 4731 2687 4775 antea
2721 4721 3025 4774 nominatur
3055 4762 3070 4786 ,
3122 4721 3239 4788 ipse
3261 4721 3399 4774 forte
3427 4732 3510 4777 eat
3535 4721 3789 4776 Militi-nes

2233 4790 2402 4844 nsulae
2427 4793 2733 4844 eniscoous.
2756 4792 2847 4844 oui
2871 4793 2922 4844 in
2951 4792 3284 4844 Seleueiensi
3307 4791 3516 4844 svnodo
3571 4793 3643 4844 ab
3663 4795 3788 4844 Acs-

2233 4790 2411 4873 n-sulm,
2427 4793 2733 4873 episcopus,
2756 4792 2847 4863 qui
2871 4793 2922 4846 in
2951 4792 3284 4848 Seleuciensi
3307 4791 3516 4864 synodo
3571 4793 3643 4849 ab
3663 4795 3788 4849 Aca-

2205 4864 2272 4916 cii
2303 4872 2453 4931 parte
2474 4864 2640 4919 stetit.

2279 4932 2351 5009 (c)
2382 4933 2643 4989 Baronius
2685 4950 2748 4989 ex
2787 4949 2917 5009 mss.
2965 4934 3079 5009 suis
3107 4934 3608 5009 expressitBustus.
3654 4935 3785 5009 Inter

2202 5006 2625 5079 subscriptiones
2647 5006 3219 5075 pseudo-Sardicensis
3231 5007 3422 5078 synodi
3447 5007 3646 5079 legitur
3663 5006 3784 5063 Bas-

2198 5094 2288 5131 sus
2313 5077 2580 5148 episcopus
2603 5095 2634 5132 a
2653 5080 2773 5132 Car.

2272 5147 2349 5220 (d)
2384 5147 2588 5219 Remig.
2622 5163 2721 5203 nis.
2756 5150 2899 5220 apud
2925 5150 3091 5205 Sirm.
3114 5192 3147 5220 ,ν
3166 5149 3408 5219 Martius,
3435 5152 3660 5219 Atticus,
3679 5161 3777 5208 etc.

2195 5217 2377 5290 Multo
2394 5217 2560 5289 magis
2580 5217 2930 5276 arridet—inec
2962 5219 3174 5275 Baronii
3199 5224 3360 5277 lectio
3376 5217 3403 5286 ,⁷
3423 5217 3658 5290 Har-cus,
3686 5225 3779 5276 Ae-

2195 5290 2321 5365 tius,
2342 5289 2539 5352 Julius.
2568 5292 2865 5365 Severinus,
2899 5295 2988 5363 qui
3018 5292 3235 5363 quidem
3265 5295 3408 5365 apud
3433 5289 3778 5365 Epiphaniam

2194 5363 2492 5432 Aneyrana:
2512 5364 2704 5436 synodi
2733 5365 3025 5424 subscribit
3052 5363 3557 5436 epistolae,etintra,
3574 5367 3774 5431 Fragor.

2194 5437 2466 5516 spinter
2496 5435 2590 5490 eos
2623 5446 2977 5505 recensetur,
3024 5451 3162 5508 quos
3187 5435 3500 5493 Germinius
3541 5437 3775 5507 ι’ωαὶρή

2190 5518 2273 5557 ειη
2305 5517 2456 5559 ιηιιιο
2483 5518 2777 5577 nuncupat.

2260 5596 2329 5668 (e)
2360 5596 2645 5676 [neodem
2664 5615 2766 5656 nis.
2797 5608 2863 5676 et_
2883 5601 3053 5676 caeteri
3074 5603 3317 5676 juniores
3335 5601 3520 5675 quibus
3544 5601 3766 5676 credidit,

2188 5684 2370 5743 omnes
2420 5670 2665 5743 haeretici.
2710 5672 2864 5738 Apud
2923 5670 3117 5728 Baron.
3160 5670 3517 5743 simpliciter.
3570 5682 3617 5730 et
3664 5673 3764 5737 alii,

2188 5740 2402 5794 omissis
2416 5741 2643 5798 caneris.
2677 5743 2732 5797 In
2755 5745 2899 5816 illius
2922 5753 3103 5801 autem
3128 5740 3429 5816 appendice
3451 5746 3518 5801 ad
3544 5744 3760 5816 an.35.’i,

2186 5825 2399 5867 rursum
2439 5824 2719 5887 comparet
2741 5814 2934 5874 Iunior
2979 5817 3122 5897 inter
3166 5814 3263 5877 eos
3301 5818 3646 5889 nominatus,
3681 5814 3763 5890 qui
