4062 6332
230 334 339 392 695

1160 327 1254 385 EX
1293 324 1523 383 OPERB
1565 317 1935 382 HISTORICO
1975 320 2453 383 FBAGMENTUM
2496 321 2585 380 Vl.

3420 323 3528 382 694

224 452 386 526 σει
426 448 558 508 Item
585 447 832 507 Liberius
864 445 941 521 (a)
968 445 1038 504 de
1061 444 1277 512 exsilio,
1311 444 1791 513 Ursacio,Valenti
1819 443 1872 503 A
1968 441 2025 496 9.
2070 440 2287 496 Romam
2324 442 2515 497 remitti
2557 440 2707 499 enixe
2751 448 2919 514 rogat.
2956 438 3049 482 ἀ
3100 439 3172 496 Et
3216 438 3321 498 hoc
3359 440 3522 497 etiam

828 569 885 619 et
914 558 1214 619 Germinio.

290 721 348 777 8.
385 718 619 775 Liberius
656 718 721 774 ab
750 717 1020 774 Athanasii
1044 716 1398 771 communione
1435 724 1719 786 separatus.
1748 746 1821 757 —

218 814 354 883 Quia
380 813 493 870 scio
531 827 625 867 vos
659 811 798 869 filios
825 810 971 879 pacis
998 823 1140 873 esse,
1164 806 1389 878 diligere
1409 808 1567 863 etiam
1586 822 1819 864 concor-

216 909 362 966 diam
387 917 443 964 et
489 907 748 962 unitatem
801 904 1059 962 Ecclesiae
1090 902 1401 967 catholicae;
1450 901 1652 956 idcirco
1711 918 1817 958 non

215 1003 394 1071 aliqua
420 999 745 1056 necessitate
772 996 1109 1068 compulsus,
1136 995 1246 1050 Deo
1276 1003 1411 1051 teste
1437 994 1580 1062 dico,
1606 994 1701 1052 sed
1724 1010 1819 1064 pro

215 1098 364 1155 bono
394 1098 541 1168 pacis
566 1106 619 1151 et
649 1094 976 1162 concordiae,
1017 1109 1139 1165 quas
1172 1093 1432 1165 martyrio
1456 1094 1814 1163 praeponitur,

214 1192 301 1249 bis
333 1192 530 1247 litteris
553 1191 823 1247 convenio
853 1203 971 1253 vos,
1004 1187 1208 1243 domini
1238 1186 1314 1259 (ό)
1364 1188 1556 1242 fratres
1605 1186 1817 1243 charis-

212 1287 362 1341 simi.
393 1286 698 1355 Cognoscat
717 1284 900 1354 itaque
916 1281 1200 1352 prudentia
1217 1291 1415 1339 vestra.
1436 1279 1814 1348 Athanasium,

210 1382 303 1452 qui
328 1378 711 1436 Alexandrina:
731 1376 977 1433 ecclesiae
993 1376 1279 1447 episcopus
1305 1374 1374 1447 (c)
1402 1375 1516 1441 fuit,
1542 1391 1570 1429 a
1590 1390 1676 1430 me
1698 1390 1818 1432 esse

210 1474 528 1530 damnatum
556 1474 730 1545 prius,
761 1487 923 1542 quam
953 1470 1020 1527 ad
1044 1471 1357 1527 comitatum
1381 1471 1552 1527 sancti
1588 1472 1818 1541 impera-

210 1569 349 1623 toris
388 1568 595 1622 litteras
634 1564 987 1622 Orientalium
1040 1563 1372 1619 destinarem
1413 1563 1814 1633 episcoporum,

207 1671 263 1716 et
289 1661 365 1716 ab
390 1646 639 1715 ecclesia:
664 1657 920 1713 Romanae
936 1656 1323 1713 communione
1345 1672 1466 1711 esse
1480 1666 1812 1725 separatum,

205 1756 372 1813 sicuti
400 1753 481 1830 (ά)
505 1761 642 1811 teste
667 1762 751 1810 est
792 1767 952 1808 omne
994 1751 1389 1824 presbyterium
1432 1749 1692 1807 Romamn
1725 1767 1815 1807 ec-

1924 533 2068 589 scire
2094 548 2191 588 vos
2211 534 2359 602 volo,
2391 533 2533 605 quod
2555 534 2776 592 fratrem
2798 533 3248 591 Fortunatianum
3272 534 3339 608 (ο
3365 534 3519 606 petii,

1924 632 1985 679 ut
2014 640 2137 680 cum
2170 625 2365 682 litteris
2413 624 2549 683 meis
2598 626 2664 683 ad
2709 627 3192 684 clementissimum
3227 627 3521 700 imperato-

1922 730 2038 771 rem
2068 716 2445 773 Constantium
2472 721 2767 791 Augustum
2798 729 3066 792 pergeret,
3091 728 3278 793 petere
3304 731 3357 776 ut
3380 718 3525 776 bono

1923 807 2073 879 pacis
2104 818 2157 865 et
2181 812 2510 877 concordiae,
2536 814 2588 868 in
2618 830 2719 885 qua
2747 814 2922 885 pietas
2951 815 3069 887 ejus
3105 830 3321 887 semper
3354 814 3523 891 682

1922 904 2178 971 exsnltat,
2210 922 2297 961 me
2345 907 2411 961 ad
2466 908 2751 964 ecclesiam
2800 910 2929 965 mihi
2985 910 3244 966 divinitus
3272 910 3521 967 traditam

1916 997 2103 1068 jubeat
2126 1000 2324 1056 reverti
2353 1020 2363 1054 :
2396 1008 2456 1055 ut
2487 1002 2823 1072 temporibus
2854 1003 3022 1074 ipsius
3066 1001 3307 1060 Romana
3352 1005 3525 1060 cccle-

1921 1094 1999 1148 sia
2031 1093 2229 1148 nullam
2263 1095 2526 1150 sustineat
2570 1096 2996 1153 tribulationem.
3044 1097 3129 1153 Me
3173 1106 3351 1153 autem
3399 1114 3521 1152 cum

1922 1188 2174 1242 omnibus
2222 1188 2375 1244 vobis
2419 1190 2688 1261 episcopis
2736 1191 2989 1247 Ecclesia:
3022 1189 3301 1247 catholicae
3332 1208 3517 1264 pacem

1920 1278 2142 1348 habere,
2177 1278 2261 1335 his
2293 1281 2490 1337 litteris
2518 1283 2654 1338 meis
2676 1299 2831 1352 atquo
2855 1291 2909 1339 et
2936 1283 3165 1355 simplici
3188 1286 3369 1340 animo
3388 1285 3524 1340 scire

1919 1372 2152 1439 debetis,
2206 1373 2403 1429 fratres
2447 1374 2776 1431 charissimi.
2841 1376 3087 1447 Magnum
3138 1376 3213 1450 (g)
3268 1376 3520 1432 solatium

1920 1467 2065 1522 enim
2099 1468 2256 1524 vobis
2290 1469 2339 1522 in
2373 1467 2460 1524 die
2482 1469 2857 1526 retributionis
2886 1471 3204 1543 acquiretis,
3230 1474 3273 1525 si
3304 1487 3400 1542 per
3430 1488 3524 1527 vos

1920 1575 2027 1631 pax
2074 1562 2317 1618 ecclesia:
2370 1563 2630 1618 Romanae
2685 1564 2846 1620 luerit
2886 1563 3115 1621 reddita.
3163 1565 3314 1621 Scire
3342 1574 3523 1622 autem

1918 1672 2017 1729 per
2057 1673 2154 1713 vos
2180 1658 2309 1714 volo
2340 1658 2504 1714 etiam
2556 1657 2755 1717 fratres
2803 1668 2859 1716 et
2906 1661 3261 1732 coepiscopos
3308 1669 3526 1717 nostros

1921 1751 2227 1823 Epictetum
2256 1761 2312 1809 et
2347 1751 2700 1839 Auxentium,
2733 1767 2920 1824 pacem
2954 1769 3045 1810 me
3080 1763 3136 1809 et
3184 1754 3527 1810 communio-

203 1852 418 1909 clesite.
476 1850 601 1908 Sola
646 1849 763 1905 bam
804 1863 967 1904 causa
998 1846 1119 1912 fuit,
1152 1856 1210 1901 ut
1253 1846 1457 1901 tardius
1496 1845 1711 1902 viderer
1750 1844 1819 1902 de
1847 1836 1896 1898 B
1922 1859 2045 1900 nent
2074 1836 2501 1901 ecclesiasticam
2529 1862 2652 1901 eum
2700 1845 2831 1917 ipsis
2875 1844 3072 1902 habere
3120 1864 3132 1899 :
3177 1861 3315 1919 quos
3363 1845 3527 1903 credo

203 1945 435 2000 nomine
462 1942 635 2013 ip‘sius
662 1940 875 1998 litteras
911 1939 980 1995 ad
1011 1938 1210 1994 fratres
1237 1946 1292 1994 et
1328 1938 1682 2009 coepiscopos
1711 1953 1809 1994 no-

204 2046 360 2093 stros
384 2034 696 2092 Orientales
721 2033 876 2101 dare,
910 2044 966 2088 ut
991 2031 1153 2104 legali
1183 2031 1254 2103 (ε)
1278 2032 1385 2088 mei
1413 2046 1547 2102 quos
1582 2032 1650 2087 ab
1681 2031 1815 2088 urbe

200 2129 383 2186 Roma
411 2128 477 2185 ad
528 2129 844 2184 comitatum
893 2126 1223 2189 direxeram,
1276 2139 1372 2180 seu
1428 2124 1667 2196 episcopi
1722 2126 1813 2197 qui

196 2222 421 2282 fuerant
441 2222 730 2294 deportati,
763 2231 819 2278 et
847 2221 948 2291 ipsi
978 2234 1082 2276 una
1115 2234 1240 2278 cum
1272 2218 1379 2289 his,
1431 2217 1479 2274 si
1524 2218 1641 2276 ﬁeri
1684 2233 1808 2291 pos~

199 2327 312 2387 set,
336 2316 407 2374 de
436 2316 625 2374 exsilio
655 2324 1057 2373 revocarentur.

197 2510 398 2559 contra
412 2501 767 2559 Athanasium
781 2498 1170 2557 Mediolanensi
1202 2499 1259 2565 in
1277 2498 1507 2555 concilio
1536 2497 1815 2569 subscrip-

200 2584 419 2630 serunt.
466 2575 540 2631 De
580 2573 747 2630 verbo
773 2572 1135 2644 requirendum
1162 2573 1293 2627 satis
1324 2569 1680 2628 disseruimus
1710 2585 1804 2626 su-

239 2662 412 2700 ριίιις.

199 2660 692 2789 Ρεῖὲἰελιὶφιπηιο
717 2725 842 2788 post
870 2730 1031 2788 quam
1053 2715 1390 2789 superiorem
1419 2713 1484 2768 ad
1509 2713 1813 2789 Orientales

203 2783 431 2853 scripsit
461 2783 745 2849 epistolam
778 2783 1060 2857 :adeoque
1086 2783 1229 2842 circa
1254 2786 1467 2841 initium
1508 2786 1633 2840 anui
1679 2783 1808 2843 558.

196 2858 362 2917 Hanc
416 2861 678 2917 Baronius
716 2872 775 2917 ut
809 2863 1098 2930 genuinam
1148 2858 1404 2913 describit
1451 2857 1516 2911 ad
1562 2873 1650 2911 an.
1681 2858 1808 2930 55],

197 2950 255 2988 η.
288 2931 384 2989 55.
413 2934 480 2987 At
505 2934 771 2987 sententia
802 2927 1088 2988 retractata
1124 2933 1175 2985 in
1209 2930 1518 2997 Appendice
1564 2945 1680 2998 pag.
1714 2927 1808 2995 ΞΒ,

196 3005 565 3060 adulterinum
598 3020 715 3058 eam
743 3018 867 3060 esse
898 3004 1029 3063 vult,
1064 3012 1117 3057 et
1143 3002 1210 3055 ab
1241 3002 1329 3065 iis,
1362 3017 1389 3051 a
1421 3001 1615 3070 quibus
1645 3014 1811 3066 supe-

195 3078 320 3131 rius
351 3076 709 3146 fragmentum
739 3092 794 3131 tv
820 3075 1126 3130 conﬁctam.
1178 3074 1470 3146 lfttstrema:
1502 3072 1646 3126 illius
1684 3085 1813 3127 sen-

196 3147 393 3205 tentia;
435 3144 739 3203 subscribit
789 3147 995 3209 Binius,
1046 3162 1147 3201 nec
1193 3144 1439 3200 Labbcus
1499 3154 1810 3213 repugnat;

194 3236 305 3291 qua
344 3220 550 3291 ratione
583 3219 832 3289 permoti,
868 3235 988 3273 mox
1018 3217 1369 3288 expendetur.
1404 3218 1472 3269 At
1498 3225 1643 3291 certe
1669 3214 1810 3269 inte~

193 3287 305 3347 rim
348 3287 648 3347 concedant
678 3305 896 3346 necesse
929 3300 1031 3353 est,
1060 3287 1178 3343 chon
1214 3302 1388 3358 neque
1415 3287 1651 3341 auctoris
1687 3300 1812 3341 nos-

194 3364 265 3419 tri
287 3362 501 3431 judieio
539 3361 788 3418 falsitatis
828 3361 996 3417 fuisse
1033 3371 1365 3427 suSpectam,
1398 3374 1578 3431 neque
1607 3360 1748 3429 stylo
1775 3372 1804 3410 a
1835 3358 1880 3422 C

204 3430 429 3490 caeteris
459 3434 989 3505 Pontificisejusdrm
1021 3434 1214 3488 litteris
1242 3430 1527 3505 dissidere.

290 3506 373 3575 (b)
404 3506 731 3562 Concinnius
754 3501 889 3575 apud
916 3506 1136 3570 Barou.,
1158 3503 1353 3557 domini
1374 3503 1468 3556 mei
1492 3501 1798 3575 cltarissinti.

275 3573 356 3649 (τ)
397 3579 472 3633 Ex
504 3594 603 3634 tus.
636 3573 798 3635 Sier
837 3586 1125 3646 utcumque
1152 3586 1487 3649 restaurator
1523 3575 1607 3628 hic
1634 3573 1806 3649 locus,

193 3651 295 3721 qui
327 3647 396 3704 ex
428 3649 570 3704 Pitlt.
614 3660 777 3704 antra
803 3650 882 3704 sic
911 3650 1159 3717 vulgatus
1191 3661 1308 3703 erat
1338 3665 1351 3702 :
1382 3648 1654 3718 episcopus
1684 3647 1805 3721 fuit,

194 3717 509 3791 priusquam
533 3723 600 3777 ad
626 3723 920 3777 comitatum
969 3722 1133 3774 sancti
1162 3717 1487 3791 imperatoriis
1525 3717 1807 3791 secundum

195 3785 404 3847 litteras
438 3792 777 3847 Orientalium
812 3794 1189 3861 episcoporum,
1214 3785 1260 3846 et
1308 3794 1369 3847 ab
1414 3790 1658 3847 Ecclesia:
1700 3785 1806 3842 Ro-

193 3880 379 3918 manae
401 3867 756 3919 communione
781 3875 1046 3929 separatus
1072 3875 1168 3929 est,
1199 3864 1349 3919 sicuti
1389 3873 1512 3917 teste
1549 3870 1646 3925 est,
1694 3869 1803 3915 etc.

191 3935 364 4007 Apud
397 3935 684 3991 Barttﬂilllﬂ
713 3945 916 3999 autem,
962 3936 1232 4005 episcOpus
1265 3937 1380 4007 fuit,
1414 3936 1712 4003 priusquam
1736 3933 1803 3986 ad

193 4008 509 4079 comitatum
536 4009 699 4063 sancti
747 4008 1072 4079 imperatoris
1118 4008 1475 4079 peruenissem,
1526 4009 1806 4079 iterandum

193 4081 407 4134 litteras
435 4077 779 4134 Orientalium
810 4076 1165 4148 episwporunt
1190 4084 1252 4132 ab
1280 4078 1525 4133 Ecclesia:
1559 4076 1806 4148 Romana:

194 4152 566 4205 communione
591 4167 700 4205 esse
723 4147 1043 4223 separatum:
1061 4150 1190 4219 Qum
1215 4150 1377 4205 verba
1400 4166 1520 4202 cum
1548 4147 1806 4223 Baronius

193 4227 270 4278 ita
307 4223 594 4294 intelligat,
643 4220 793 4291 quasi
830 4223 977 4294 dicat
1021 4222 1286 4287 Liberius,
1306 4237 1365 4275 se
1403 4230 1526 4294 ante
1554 4220 1803 4274 exsilium

194 4309 389 4349 suum.
425 4293 735 4365 priusquam
775 4293 841 4348 ad
888 4294 1230 4361 imperatoris
1277 4293 1587 4365 comitatum
1623 4306 1807 4365 accer-

194 4369 345 4421 situs
368 4368 721 4434 pervenisset.
741 4366 1034 4420 secundum
1054 4366 1260 4421 litteras
1309 4364 1660 4420 Orientalium
1687 4364 1805 4433 cpio

191 4450 495 4508 scoparum
524 4438 865 4508 pontiﬁcatus
888 4438 968 4491 sui
996 4439 1147 4492 initio
1175 4437 1805 4508 acceptas,Atttanasium

193 4509 273 4564 ab
303 4507 553 4564 ecclesia
577 4509 834 4564 Romamn
854 4510 1235 4564 communione
1261 4524 1573 4578 separasse;
1604 4509 1647 4561 si
1668 4507 1806 4563 bene

195 4580 484 4651 intelligit,
521 4591 684 4635 totam
727 4581 865 4635 hanc
893 4583 1175 4647 epistolam
1216 4583 1280 4635 iis
1321 4583 1514 4634 merito
1539 4580 1803 4643 attribuit,

193 4654 292 4723 qui
320 4654 658 4718 superiorem
687 4651 989 4722 fragmento
1018 4669 1069 4707 tv
1097 4655 1318 4706 relatam
1353 4653 1639 4706 eoderunt.

274 4724 391 4795 Sed
412 4740 477 4778 ex
511 4724 762 4783 lectione.
798 4739 958 4794 quam
1004 4724 1157 4779 Ito-Iris
1198 4726 1504 4795 Suppedilat
1534 4723 1805 4779 Sirmoudi

190 4810 308 4851 ms.
360 4794 462 4851 hoc
515 4798 691 4865 potius
724 4796 934 4850 videtur
974 4795 1218 4850 Liberius
1241 4794 1538 4863 declarare,
1565 4795 1805 4850 Athana-

192 4868 349 4922 sium
381 4884 411 4919 a
432 4883 492 4921 se
513 4868 660 4938 prius
687 4882 807 4921 esse
836 4866 1173 4931 damnatum,
1204 4884 1362 4936 quam
1396 4869 1460 4920 ad
1504 4872 1800 4935 imperato-

191 4941 281 4994 ris
309 4941 626 4994 comitatuni
650 4938 1064 4995 destinaretaut
1085 4940 1225 5005 quod
1268 4939 1331 4993 ad
1361 4938 1668 4994 Orientales
1716 4957 1806 4994 su-

192 5009 513 5082 perioribus
544 5010 735 5066 litteris
764 5011 1077 5082 scripserat,
1101 5022 1191 5066 aut
1220 5012 1361 5078 quod
1389 5012 1462 5065 illi
1491 5015 1556 5064 ad
1584 5010 1804 5067 ea~dem

192 5082 632 5209 Eescripserant;
670 5082 832 5155 idque
862 5081 1119 5137 Romanae
1147 5082 1393 5139 ecclesia:
1416 5084 1527 5153 iam
1557 5098 1615 5137 se
1643 5085 1806 5155 signi-

239 5168 423 5209 casse.

239 5168 423 5209 casse.

276 5231 394 5288 lmo
456 5241 669 5303 recepta
739 5234 879 5288 ultro
920 5233 1137 5289 Baronii
1182 5233 1433 5300 lectione,
1483 5233 1680 5289 Liberii
1739 5235 1804 5290 ad

195 5305 612 5374 imperatorem,
656 5306 803 5359 salva
834 5307 991 5372 hujus
1034 5306 1277 5375 epistolae
1320 5309 1563 5367 veritate,
1601 5304 1805 5361 intelli-

194 5386 371 5445 getur
390 5379 673 5443 adventus,
700 5394 809 5433 non
847 5378 1087 5447 quidem,
1137 5387 1195 5431 ut
1246 5377 1333 5431 ille
1387 5379 1797 5447 interpretatur,

194 5448 377 5504 Roma
410 5449 766 5504 Mediolanum
803 5450 947 5504 unde
992 5450 1258 5519 relegantis
1293 5458 1395 5513 est,
1444 5450 1536 5501 sed
1589 5448 1800 5518 Beroea,

194 5535 319 5592 quo
368 5520 641 5591 relegatos
678 5531 815 5585 erat,
860 5522 1137 5577 Sirmium.
1186 5519 1347 5574 Certe
1385 5535 1447 5575 ex
1477 5519 1802 5588 Sozomeno,

194 5592 307 5647 lib.
336 5607 408 5655 tv,
449 5608 499 5646 c.
564 5593 655 5657 £5,
700 5602 913 5647 constat
963 5593 1254 5650 Liberium.
1308 5592 1543 5647 nondum
1586 5606 1804 5660 accepta

199 5664 439 5719 Bonam
467 5664 771 5719 revertendi
803 5674 1085 5732 pote~tate.
1110 5666 1365 5719 Sirmium
1416 5664 1503 5721 ubi
1550 5666 1804 5721 versaba-

201 5742 301 5789 tur
336 5736 624 5804 imperator
652 5739 974 5791 accersitum
1000 5753 1140 5792 esse.
1179 5736 1331 5792 Nunc
1366 5738 1522 5807 igitur
1553 5738 1804 5792 testitica-

200 5814 302 5879 tur
347 5821 404 5862 se
450 5807 759 5879 priusquam
803 5809 904 5865 hoc
933 5810 1036 5864 iter
1066 5810 1406 5863 confecisset.
1452 5808 1804 5866 Athanasium

200 5876 499 5935 damnasse
529 5876 809 5938 secundum
838 5881 1032 5939 litteras
1055 5880 1420 5947 Orientalium;
1451 5881 1553 5937 ltoc
1589 5893 1690 5950 est,
1721 5883 1807 5940 vel

1916 1949 2191 2011 gratanter
2222 1940 2338 1995 hrec
2359 1951 2731 2013 suscepturus.
2765 1939 3103 2012 Quicumque
3131 1949 3310 1996 autem
3333 1955 3364 1995 a
3391 1956 3527 2012 pace

1918 2043 1971 2091 et
1994 2033 2286 2092 concordia
2306 2047 2515 2101 noStra,
2534 2049 2655 2107 qua:
2672 2049 2769 2106 per
2789 2036 2974 2090 orbem
3002 2044 3292 2102 terrarum,
3307 2034 3526 2091 Valente

1920 2130 2053 2196 Deo,
2084 2128 2297 2184 ﬁrmata
2319 2140 2425 2197 est,
2456 2126 2805 2195 dissenserit;
2831 2127 2967 2184 sciat
2984 2143 3044 2183 se
3067 2136 3373 2199 separatum
3402 2142 3524 2186 esse

1914 2236 1946 2277 a
1986 2230 2172 2277 nostra
2219 2222 2619 2277 communione.
2687 2221 2765 2293 (h)
2808 2218 3203 2277 Prtevaricatori
3250 2220 3526 2276 anathema

1913 2332 2020 2372 una
2038 2332 2152 2372 cum
2174 2314 2379 2373 Arionis
2394 2333 2427 2370 a
2442 2331 2523 2372 nte
2540 2316 2757 2373 dictum.

1914 2498 2213 2571 secundum
2238 2498 2466 2554 formam
2494 2498 2775 2571 sententias
2801 2498 2995 2571 litteris
3015 2496 3368 2571 Orientalium
3391 2513 3494 2555 con
3510 2528 3526 2542 ι

1921 2569 2170 2639 signate,
2215 2571 2303 2627 vel
2352 2570 2700 2638 obsequendo
2754 2569 2950 2625 litteris
3002 2569 3377 2636 Orientalium,
3431 2572 3521 2641 qui

1920 2642 2064 2697 hanc
2107 2642 2386 2697 Athanasii
2416 2643 2924 2697 condemnationem
2956 2650 3065 2695 tam
3098 2642 3406 2710 importune
3448 2644 3516 2699 ab

1917 2713 2036 2782 ipso
2091 2725 2402 2785 esegerant.
2454 2715 2509 2769 ιιι
2556 2714 2641 2769 bis
2690 2714 2833 2769 nulla
2866 2713 3094 2770 habetur
3122 2728 3243 2769 cum
3276 2714 3510 2784 pseudo-

1919 2786 2144 2856 epistola
2178 2788 2457 2855 superiore
2485 2786 2885 2841 convenientia.
3344 2848 3347 2853 ί

1994 2857 2072 2926 (d)
2116 2860 2267 2927 Apud
2297 2858 2517 2923 Barou.,
2551 2859 2692 2912 testis
2722 2868 2813 2912 est.
2872 2859 2952 2911 An
3002 2856 3217 2912 Liberio
3266 2856 3517 2911 usitatum

1917 2927 2020 2983 fuit
2048 2930 2184 2982 testis
2220 2939 2266 2983 et
2294 2938 2436 2995 teste,
2486 2928 2759 2997 quomodo
2807 2928 2962 2983 nobis
3003 2928 3171 2997 ﬁdelis
3220 2937 3265 2982 et
3318 2928 3517 2997 ﬁdele?

1916 2997 2240 3067 Conjectare
2288 3011 2371 3054 est
2421 3016 2486 3053 ex
2534 3001 2637 3054 hoc
2666 3000 2809 3063 loco,
2856 2998 3129 3055 Liberium
3178 3001 3357 3053 statim
3399 3008 3519 3069 post

1916 3070 2277 3142 defectionem
2304 3072 2451 3142 clero
2487 3070 2734 3126 Romano
2766 3072 2977 3142 litteras
3001 3069 3286 3142 scripsisse
3312 3070 3377 3142 iis
3402 3072 3516 3127 l'ere

1916 3141 2142 3201 similes,
2167 3158 2298 3211 quas
2346 3141 2625 3197 Vincentio
2668 3141 2860 3197 dedit:
2893 3138 3209 3213 quibusﬂtt
3254 3138 3517 3213 habemus

1917 3214 2079 3280 infra,
2119 3216 2279 3269 enixe
2303 3229 2423 3269 eum
2453 3222 2623 3285 rogat,
2668 3225 2722 3267 ut
2752 3215 2819 3268 de
2850 3211 2942 3269 sua
2987 3228 3107 3268 cum
3152 3211 3515 3285 Orientalibus

1917 3300 2048 3355 pace
2079 3302 2236 3355 quam
2272 3287 2500 3355 primum
2524 3283 2912 3356 imperatorem
2938 3286 3231 3341 certiorem
3260 3283 3441 3339 faciat.

1986 3377 2059 3449 (e)
2099 3376 2248 3432 Alias
2274 3392 2397 3433 cum
2426 3395 2528 3434 ms.
2560 3377 2727 3442 Pith.,
2782 3386 2833 3430 ut
2873 3378 3029 3448 legati
3070 3386 3117 3431 et
3149 3375 3524 3449 quos._lilelitts

1912 3446 2125 3503 Bai-«inii
2149 3449 2499 3519 exemplaria,
2528 3460 2581 3503 ut
2613 3449 2766 3519 legati
2786 3450 2904 3513 mei,
2923 3446 3035 3518 'per
3058 3463 3193 3517 quos
3221 3446 3341 3502 scil.
3398 3448 3513 3517 epi-

1912 3522 2105 3574 Stolam
2138 3522 2400 3589 superiori
2440 3521 2737 3592 fragmento
2756 3522 2978 3574 relatam
3021 3520 3088 3575 ad
3134 3519 3510 3575 Constantium

1913 3592 2228 3667 tnisitrMox
2256 3610 2347 3647 seu
2385 3593 2608 3665 episcopi
2659 3592 2883 3667 perinde
2922 3603 3030 3660 est,
3074 3600 3238 3661 atque
3281 3592 3434 3646 simul
3462 3602 3511 3647 et

1911 3665 2093 3734 reliqui
2114 3666 2361 3737 Διιρίδςιῇορὶ.

1988 3736 2057 3807 (l')
2096 3734 2251 3805 Apud
2298 3735 2493 3790 Bamn.
2538 3746 2595 3789 ut
2620 3736 2689 3791 'in
2731 3752 2832 3791 tos.
2898 3736 3064 3791 Sirm.
3121 3734 3347 3806 epistola
3398 3734 3519 3790 iure

1912 3810 2118 3861 auctior
2139 3818 2315 3862 exstat
2340 3811 2390 3862 in
2426 3808 2567 3862 hunc
2602 3808 2819 3863 modum
2854 3824 2868 3861 :
2896 3808 3036 3878 petii,
3068 3818 3122 3860 ut
3151 3809 3347 3861 litteras
3369 3824 3513 3861 meas

1912 3880 1980 3951 a_d
2039 3880 2489 3934 clementissimum
2539 3880 2894 3951 iutperatoretn
2953 3882 3199 3951 perferat,
3258 3894 3386 3949 quas
3440 3880 3510 3933 ad

1915 3948 2202 4004 Orientales
2234 3951 2497 4019 episcopos
2534 3948 2652 4021 fuci,
2700 3962 2755 4003 ut
2800 3948 2987 4004 scirent
3039 3948 3137 4017 ipsi
3194 3948 3298 4002 una
3342 3964 3511 4003 secum

1912 4022 2182 4075 Athanasii
2210 4023 2562 4076 conmmnione
2585 4039 2664 4075 me
2689 4038 2797 4075 esse
2822 4029 3115 4091 separatum
3148 4036 3166 4074 :
3192 4037 3321 4090 quas
3358 4021 3511 4074 credo

1912 4095 2048 4163 quod
2076 4093 2241 4164 pietas
2264 4094 2426 4160 ipsius
2453 4110 2546 4163 pro
2568 4094 2698 4164 bona
2725 4094 2865 4161 pacis
2911 4091 3230 4164 gratulanter
3267 4092 3511 4164 accipiet,

1911 4158 2131 4233 quarta»
2156 4158 2433 4236 exemplar
2453 4158 2612 4236 etiam
2643 4158 3261 4236 Philagrio'intperatoris
3278 4158 3517 4218 eunucho

1914 4237 2099 4305 prodat
2145 4234 2254 4307 (vel
2300 4233 2357 4307 ut
2384 4236 2539 4289 habet
2570 4235 2737 4307 Sirm.
2765 4233 2923 4289 etiam
2961 4233 3162 4307 Hilario
3187 4235 3510 4307 imperatoris

1915 4308 2055 4377 ﬁdeli
2079 4305 2261 4362 direxi.
2297 4305 2591 4377 Pervideat)
2621 4306 2846 4363 charitas
2871 4317 3061 4372 uestra,
3102 4305 3209 4361 lucc
3248 4305 3327 4360 me
3364 4306 3510 4361 beni-

1847 4422 1855 4429 .
1910 4397 2013 4451 gno
2041 4389 2087 4432 et
2116 4380 2370 4433 innocenti
2399 4380 2573 4433 animo
2601 4381 2831 4450 gessisse.
2864 4380 3191 4451 Quapropter
3220 4377 3301 4432 his
3324 4378 3515 4433 litteris

1911 4449 2304 4526 inciseconuenio
2333 4467 2419 4505 vos
2449 4462 2495 4505 et
2526 4449 2722 4526 adjure
2750 4449 3053 4526 perUDeum
3071 4456 3507 4526 omnipotentem,

1912 4534 1957 4575 et
1990 4522 2249 4576 Christum
2270 4521 2448 4576 Iesum
2475 4520 2638 4590 ﬁlium
2674 4520 2786 4593 ejus
2825 4522 3017 4592 (Sirm.
3061 4521 3213 4593 addit
3239 4520 3433 4593 Deum)
3461 4533 3511 4577 et

1918 4593 2199 4648 Dominum
2226 4606 2458 4648 nostrum
2485 4596 2656 4659 (Solus
2692 4592 2887 4648 Bacon.
2921 4592 3141 4662 subiicit.
3162 4604 3213 4647 et
3257 4592 3517 4665 Spiritum

1910 4665 2168 4737 sanctum)
2191 4707 2207 4733 ,
2239 4679 2296 4720 ut
2325 4667 2606 4737 dignemini
2632 4669 2703 4720 ad
2742 4667 3199 4720 clementissimum
3232 4665 3512 4734 itnperato-

1838 4757 1884 4816 D
1911 4755 2028 4816 rent
2050 4738 2398 4816 Constantium
2430 4740 2714 4816 Augustum
2756 4754 2981 4816 pergere,
3018 4747 3064 4816 et
3096 4745 3263 4806 petere
3293 4748 3349 4816 ut
3380 4739 3517 4816 bene.

1914 4812 2077 4880 pacis,
2104 4823 2210 4864 etc.
2237 4813 2367 4875 Qua-
2401 4809 2561 4865 verba
2592 4826 2697 4864 non
2732 4810 2891 4863 modo
2922 4808 3193 4873 ints-iouia,
3216 4809 3311 4863 sed
3333 4807 3502 4880 etin-

1917 4878 2291 4949 terpolatiottis
2320 4891 2445 4934 sunt
2487 4880 2645 4936 valde
2689 4889 2956 4948 suspecta.
3014 4880 3153 4947 Quid
3203 4882 3347 4934 enim
3394 4878 3522 4949 haec;

1916 4942 2127 5016 sonant,
2182 4954 2283 5006 nisi
2328 4952 2598 5006 Liberium
2628 4942 2871 5022 prius-ad
2902 4942 3231 5022 Orientales,
3256 4966 3419 5021 quam
3444 4942 3515 5006 ad

1916 5025 2297 5093 imperatorem
2328 5021 2705 5090 scripsisse,iet
2739 5024 2944 5078 litteras
2966 5042 2991 5074 a
3029 5039 3085 5076 se
3112 5024 3176 5078 ad
3207 5021 3517 5078 Orientales

1919 5092 2145 5159 scriptas
2178 5103 2364 5164 po~tea
2419 5096 2485 5149 ad
2520 5099 2898 5161 unperatorem
2947 5110 3040 5164 per
3066 5092 3517 5164 Fortunatianum

1920 5168 2169 5222 misisse?
2196 5167 2439 5236 quamvis
2478 5182 2661 5235 supra,
2681 5184 2825 5221 nutu.
2860 5165 2917 5225 4,
2946 5166 3013 5220 ad
3040 5165 3341 5236 Orientales
3376 5166 3517 5236 scri-

1919 5238 2072 5301 ltens,
2103 5234 2319 5293 eosdem
2348 5234 2564 5293 ttioneat
2603 5254 2663 5295 se
2687 5239 2797 5309 jam
2840 5248 3015 5309 antea
3044 5239 3250 5292 litteras
3291 5234 3511 5291 dedisse

1912 5325 2009 5379 per
2030 5311 2471 5364 Fortttuatianum
2494 5311 2560 5363 ad
2586 5308 2963 5381 imperatorem
2986 5308 3358 5381 Constantium
3386 5322 3510 5381 per-

1912 5378 2182 5436 ferendas.
2229 5382 2429 5436 Contra
2477 5378 2797 5442 ttitida'cst,
2851 5389 2907 5435 et
2958 5378 3512 5450 superioriepistohe

1910 5469 2131 5523 prorsus
2172 5464 2533 5508 consentanea
2564 5455 2742 5521 lectio,
2770 5468 2930 5524 quam
2971 5448 3039 5507 es
3081 5466 3182 5506 ms.
3223 5448 3367 5506 Pitlt.
3413 5464 3511 5506 ex-

1912 5539 2153 5595 pressam
2190 5526 2504 5580 retinemus.

1984 5597 2060 5667 (g)
2104 5598 2321 5659 Baron.,
2374 5613 2615 5668 magnum
2672 5596 2822 5651 etiam
2880 5594 3145 5668 precarium
3188 5595 3510 5668 subitario.

1913 5666 2079 5723 sum.
2106 5686 2207 5722 m~.
2242 5666 2483 5741 magnum
2510 5670 2641 5722 enim
2659 5668 2925 5739 prmium
2949 5666 3087 5721 vobis
3115 5667 3169 5721 in
3185 5668 3269 5722 die
3294 5666 3512 5722 tribula-

1910 5741 2067 5795 tionis
2089 5742 2381 5810 acquirctis.

1954 5812 2063 5938 l(Ii)
2107 5815 2255 5870 lianc
2303 5816 2464 5869 etiam
2518 5822 2699 5868 notam
2754 5811 3011 5869 exhibent
3063 5810 3279 5868 Baronii
3323 5824 3507 5867 exem-

1973 5900 2105 5938 arta.

1914 5900 2105 5955 plana.
