4062 6332
552 290 660 349 695

628 545 715 602 ιο.
736 546 983 603 Urbicum
1008 550 1108 604 sibi
1138 563 1366 623 ereptum
1387 555 1545 612 dolet.
1572 588 1645 601 -—
1668 559 1787 617 Non
1831 561 2024 629 doceo,
2058 565 2152 620 sed

551 638 819 696 admoneo
853 651 1098 699 sanetum
1139 649 1375 703 animum
1411 660 1581 711 tuum.
1614 652 1782 710 frater
1810 655 2148 724 cbarissime,

549 745 617 787 eo
662 733 805 801 quod
837 733 1103 806 colloquia
1153 740 1291 794 tnala
1343 759 1524 799 mores
1574 745 1747 802 bonos
1794 761 2155 822 corrumpunt

548 823 593 897 (Ι
649 824 793 893 Cor.,
840 844 929 893 xv,
963 829 1079 900 35).
1111 831 1326 888 Insidiae
1359 835 1639 893 hominum
1700 841 1962 897 malorum
2012 843 2150 901 bene

549 917 643 973 libi
675 920 907 987 cognitae
936 931 1083 986 sunt,
1137 925 1280 980 unde
1319 927 1385 982 ad
1419 931 1560 985 hunc
1606 931 1845 988 laborem
1877 938 2096 1003 perveni
2132 954 2145 992 :

545 1020 601 1065 ct
624 1011 905 1086 uram
930 1021 987 1069 ut
1024 1015 1111 1070 det
1147 1016 1406 1075 Dominus
1435 1023 1796 1080 tolerantiam.
1846 1027 2144 1085 Dilectissi—

544 1119 667 1158 mus
690 1105 830 1160 [ilius
863 1123 1016 1163 meus
1042 1107 1274 1168 Urbicus
1300 1113 1580 1183 diaconus,
1606 1133 1763 1186 quem
1799 1121 2024 1177 videbar
2046 1124 2145 1178 ha-

544 1193 673 1249 bere
703 1198 977 1264 solatium,
1009 1216 1040 1256 a
1073 1218 1159 1257 me
1188 1219 1286 1275 per
1309 1204 1595 1263 Venerium
1623 1220 1871 1281 agentem
1902 1214 1954 1270 in
1985 1214 2146 1272 rebus

547 1286 791 1344 sublatus
820 1299 921 1346 est.

614 1380 638 1434 l
656 1380 675 1435 Ι
692 1421 702 1432 .
722 1381 834 1447 Quo
846 1385 1049 1439 nomine
1062 1387 1281 1443 reditum
1297 1390 1359 1445 ab
1372 1392 1553 1448 exsilio
1568 1394 1885 1464 deprecetur.
1928 1429 1998 1440 —
2011 1400 2145 1457 Satt-

539 1471 711 1526 ctitati
741 1470 819 1546 (b)
864 1484 970 1531 tuae
1000 1479 1408 1548 signiﬁcandum
1445 1487 1672 1555 credidi,
1713 1507 1799 1547 me
1826 1491 1893 1548 de
1915 1507 2143 1551 conten-

539 1561 688 1619 tione
710 1565 797 1619 illa
827 1582 857 1621 a
891 1571 1109 1625 nomine
1131 1572 1414 1632 Athanasii
1437 1581 1748 1649 recessisse,
1774 1595 1828 1638 et
1852 1586 1917 1639 ad
1949 1586 2144 1643 fratres

537 1664 592 1710 et
612 1657 964 1727 coepiscotios
997 1673 1212 1721 nostros
1234 1665 1538 1727 Orientales
1568 1672 1776 1729 litteras
1814 1675 2030 1734 dedisse
2074 1679 2142 1735 de

540 1760 706 1818 super
738 1753 958 1809 nomine
1000 1755 1141 1826 ejus.
1176 1757 1331 1815 Unde
1369 1763 1518 1831 quia,
1554 1763 1665 1820 Deo
1695 1766 1932 1831 volente,
1958 1780 2013 1825 et
2039 1788 2140 1841 pax

1732 300 1991 368 SANCTI'
2016 310 2275 370 HILABII
2317 314 2622 373 EPISCOPI

630 408 762 466 item
806 410 875 468 de
903 411 1098 470 exsilio
1126 413 1201 488 (α)
1248 414 1499 476 Liberius
1542 420 1825 482 Vincentio
1856 426 1966 499 (an.
1997 428 2149 500 358).
2178 428 2229 488 Α
2254 438 2509 499 oportere
2548 447 2770 503 operam
2816 434 2945 491 dare

3751 327 3851 385 696

2997 455 3009 491 :
3054 451 3178 493 cum
3219 438 3465 509 proiecto
3491 448 3545 498 et
3572 442 3855 516 episcOpo-

2258 536 2375 577 rum
2404 524 2452 578 id
2484 524 2660 581 officio
2681 538 2942 598 congruat
2966 571 2980 595 ,
3013 540 3066 583 et
3089 530 3236 586 salus
3264 532 3506 588 omnium
3533 534 3691 607 longe
3718 535 3854 592 late-

2256 632 2359 689 que
2410 620 2725 689 p0pu|orum
2773 621 2873 677 hoc
2924 622 3234 681 fundamine
3278 626 3590 683 roboretur.
3624 629 3729 685 Sed
3761 646 3854 686 res

2254 715 2533 770 admonuit
2562 717 2802 772 instituta
2835 735 3024 775 rursus
3049 722 3465 778 exsistere.Non
3487 724 3626 779 enim
3652 724 3854 796 aliquis

2255 808 2474 865 definita
2495 813 2755 882 geminari
2786 813 3118 883 superﬂuum
3150 816 3430 887 judicabit,
3478 836 3597 875 cum
3626 822 3698 893 (Γ)
3732 838 3855 879 cre-

2253 902 2345 959 bra
2380 906 2722 961 consueverit
2765 908 3062 963 admonitio
3090 924 3289 978 augt-re
3314 913 3587 967 cumulum
3613 914 3853 985 diligen-

2254 999 2358 1054 tiae.
2392 999 2484 1053 llis
2513 1000 2581 1053 ita
2615 1016 2674 1056 se
2699 1001 3041 1065 habentibus,
3067 1004 3137 1061 de
3164 1004 3269 1061 ﬁde
3290 1014 3452 1078 atque
3478 1010 3681 1066 unitate
3709 1020 3854 1066 trac-

2252 1092 2350 1146 tari
2382 1091 2581 1147 debere
2609 1108 2897 1165 cognoscat
2935 1097 3222 1153 sinceritas
3269 1113 3469 1163 vestra,
3525 1113 3580 1157 et
3624 1119 3850 1173 operam

2249 1183 2400 1249 dare,
2428 1194 2483 1237 ut
2508 1187 2889 1245 ecclesiasticis
2916 1192 3079 1246 rebus
3104 1192 3239 1249 ordo
3264 1204 3579 1265 competens
3600 1198 3850 1265 praebea-

2248 1288 2356 1334 tur.
2392 1281 2665 1337 Discurret
2696 1298 2929 1353 namque
2949 1294 3268 1341 cunctorum
3298 1291 3626 1359 prcsperitas
3647 1291 3851 1361 ubique

2251 1372 2594 1442 populorum,
2626 1384 2680 1428 et
2725 1376 3013 1432 concordia
3047 1378 3149 1433 tida
3194 1381 3500 1437 servabitur
3524 1383 3697 1456 685
3722 1399 3850 1441 cum

2252 1464 2465 1535 penitus
2505 1468 2793 1537 amputatis
2838 1467 2915 1541 (g)
2952 1485 3050 1526 nec
3104 1471 3409 1543 hujusmodi
3456 1478 3849 1547 quiestionibus

2248 1558 2456 1613 cunctis
2487 1561 2745 1615 sectanda
2781 1566 3160 1621 commoverit.

2319 1655 2371 1709 2.
2406 1656 2525 1712 Νοη
2555 1658 2617 1712 de
2650 1660 2991 1717 Orientalium
3020 1667 3209 1720 causis.
3251 1698 3323 1709 —
3353 1668 3459 1723 Res
3488 1671 3588 1725 ista
3617 1686 3724 1728 non
3752 1673 3849 1729 de-

2248 1750 2427 1808 betita
2462 1755 2815 1812 intentionem
2844 1759 3006 1814 animi
3033 1759 3111 1832 (Ιι)
3135 1760 3346 1833 longius
3368 1780 3664 1837 propagare
3695 1786 3709 1821 :
3741 1758 3867 1824 nnn'

536 1842 694 1898 vobis
740 1845 939 1916 ubique
995 1858 1101 1917 es"
1149 1851 1459 1924 dignaberis
1508 1861 1802 1918 convenire
1853 1863 2141 1935 episcopos
2180 1841 2216 1898 Β
2246 1849 2390 1904 enim
2422 1850 2490 1905 de
2518 1851 2886 1910 Orientalibus
2906 1858 3176 1929 episcopis
3207 1859 3259 1914 in
3287 1862 3518 1917 concilio
3540 1876 3728 1920 vestro
3756 1882 3845 1936 ρης

536 1945 761 1992 cunctos
787 1937 1124 2011 Campaniae,
1153 1956 1209 2000 et
1263 1946 1380 2003 hzec
1410 1948 1518 2005 illis
1541 1952 1838 2019 insinuare,
1866 1968 1924 2013 et
1951 1976 2016 2014 ex
2055 1960 2140 2031 ip-

535 2041 722 2083 sorum
750 2046 980 2088 numero
1011 2050 1115 2091 una
1146 2052 1270 2093 eum
1298 2041 1529 2111 epismla
1556 2057 1757 2113 vestra,
1776 2047 1843 2103 de
1873 2052 2143 2107 unanimi-

533 2128 644 2176 tate
668 2131 856 2179 nostra
886 2134 942 2182 et
983 2143 1115 2197 pace
1135 2130 1201 2184 ad
1224 2131 1712 2194 clementissimum
1751 2139 2138 2212 imperatorem

536 2214 779 2271 scribere
808 2232 919 2288 quo
947 2222 1151 2290 possim
1174 2232 1231 2279 et
1277 2239 1378 2297 ego
1414 2228 1483 2284 de
1513 2232 1732 2287 tristitia
1775 2250 1967 2308 magna
1998 2238 2137 2295 libe-

533 2307 663 2363 rari.
696 2307 767 2362 Et
823 2326 981 2367 manu
1033 2314 1195 2385 ipsius
1246 2334 1264 2373 :
1319 2318 1465 2377 Deus
1508 2332 1561 2379 te
1600 2307 1928 2383 incolumem
1958 2339 2139 2387 custo-

534 2400 667 2471 diat,
694 2402 768 2477 (e)
797 2403 980 2463 frater.
1013 2406 1147 2464 Item
1186 2428 1340 2466 manu
1368 2414 1534 2485 ipsius
1555 2418 1761 2489 pagina
1788 2424 2088 2493 perscripr
2118 2442 2137 2480 :

527 2492 662 2549 Cum
681 2498 933 2555 omnibus
950 2502 1224 2571 episcopis
1242 2502 1612 2564 Orientalibus
1640 2492 1826 2583 paceni
1848 2514 2133 2585 habemus,

532 2600 589 2648 et
614 2594 893 2651 vobiscum
924 2612 1045 2666 ego.
1078 2598 1162 2654 Me
1181 2600 1250 2655 ad
1281 2602 1452 2658 Deum
1476 2605 1707 2670 absolvi,
1735 2623 1830 2663 vos
1854 2609 2096 2669 videritis
2120 2634 2132 2669 :

534 2686 580 2741 si
597 2686 877 2745 volueritis
898 2706 985 2746 me
1008 2692 1061 2748 in
1079 2693 1276 2751 exsilio
1297 2693 1552 2767 deiicere,
1574 2699 1680 2757 erit
1705 2701 1847 2759 Deus
1868 2704 2035 2776 judex
2056 2708 2137 2763 in-

533 2789 617 2838 ter
645 2797 736 2840 me
758 2792 816 2841 οι
843 2799 961 2842 VOS.

782 2942 1260 3005 FRAGMENTUM
1299 2948 1390 3007 VII
1420 2950 1590 3024 (Alias
1613 2969 1651 3010 tt
1674 2957 1884 3029 partis).

525 3056 728 3115 INCIPIT
758 3075 1047 3118 EXEIPLUI
1082 3062 1162 3137 (ἀ)
1186 3080 1453 3124 ειηετοιε
1475 3066 1797 3129 CONS‘I‘ANTII
1831 3090 2132 3133 rursusru-

600 3169 684 3209 BIS
729 3170 799 3211 AD
837 3171 1119 3215 EPISCOPOS
1172 3174 1385 3230 ITALOS,
1428 3179 1516 3228 QUI
1555 3181 1610 3221 IN
1648 3182 1957 3225 ABIIINENSI
1995 3185 2127 3227 CON‘

2242 1943 2372 1998 titur
2398 1944 2535 1998 ratio
2566 1947 2767 2018 aliquid
2799 1947 3031 2005 definiri.
3063 1951 3294 2008 Proinde
3318 1971 3481 2024 super
3505 1944 3593 2013 bis
3615 1969 3842 2023 tantum,

2240 2050 2361 2105 quae
2420 2036 2486 2091 ad
2539 2053 2635 2093 vos
2689 2042 2963 2110 pertinere
3015 2047 3298 2116 cognoscit
3347 2049 3584 2118 gravitas
3637 2065 3840 2121 vesn-a,

2241 2135 2475 2183 tractare
2509 2129 2719 2187 debetis
2758 2151 2771 2187 :
2819 2140 2875 2187 et
2919 2136 3205 2207 completis
3248 2140 3502 2198 celeriter
3545 2143 3842 2209 universis,

2238 2223 2617 2278 consentiente
2648 2238 2921 2303 consensu
2946 2227 3134 2283 decem
3180 2231 3393 2288 mittere
3436 2233 3505 2289 ad
3529 2238 3843 2293 comitatum

2239 2327 2440 2377 meum,
2473 2323 2531 2369 ut
2563 2317 2863 2385 prudentia:
2903 2329 3100 2377 vestra:
3145 2324 3416 2391 prioribus
3473 2327 3670 2383 litteris
3719 2332 3841 2399 (non

2238 2405 2459 2481 exstant)
2487 2409 2871 2468 intimavimus.
2900 2413 3143 2471 Prtedicli
3170 2418 3311 2473 enim
3345 2429 3637 2486 potuerunt
3658 2426 3834 2480 omni-

2238 2499 2337 2555 bus
2365 2517 2486 2571 qute
2515 2503 2717 2559 eisdem
2740 2505 3042 2564 Orientales
3065 2515 3445 2583 proposuerint
3478 2517 3834 2586 reSpondere,

2237 2594 2321 2648 vel
2350 2602 2584 2653 tractare
2604 2595 2673 2653 de
2698 2596 2832 2666 ﬁde;
2862 2610 2922 2655 ut
2946 2601 3092 2658 exitu
3111 2608 3437 2672 competenti
3454 2610 3631 2665 omnis
3654 2626 3802 2681 qums

2238 2687 2313 2742 tio
2340 2689 2682 2757 terminetur,
2710 2701 2764 2747 et
2792 2693 3113 2765 ambiguitas
3132 2699 3394 2768 sopiatur.
3425 2700 3560 2770 Quae
3600 2719 3724 2758 cum
3767 2705 3837 2759 ita

2236 2781 2345 2836 sint
2370 2781 2629 2840 adversus
2649 2784 2950 2844 Orientales
2982 2787 3117 2845 nihil
3147 2800 3382 2850 statuere
3408 2810 3508 2851 vos
3553 2808 3765 2866 oportet
3820 2818 3833 2853 :

2238 2886 2326 2931 aut
2351 2877 2395 2933 si
2417 2877 2621 2949 aliquid
2652 2880 2926 2938 volueritis
2965 2896 3153 2940 contra
3180 2886 3397 2943 eosdem
3429 2889 3703 2957 praedictis
3739 2893 3834 2947 ab~

2237 2969 2481 3025 sentibus
2504 2969 2729 3027 deﬁnire
2755 2990 2770 3039 ;
2802 2973 2879 3040 id,
2911 2976 3053 3047 quod
3102 2977 3261 3035 fuerit
3310 2990 3647 3052 usurpatum,
3681 2985 3834 3041 irrito

2236 3074 2522 3120 evanescet
2550 3064 2763 3122 etl'ectu.
2788 3067 2907 3124 Non
2933 3070 3077 3125 enim
3101 3071 3189 3127 illa
3222 3073 3364 3129 vires
3390 3074 3591 3132 habere
3628 3080 3827 3147 poterit

2235 3155 2499 3225 definitio,
2531 3160 2617 3215 cui
2646 3171 2829 3217 nostra
2861 3172 3059 3219 statuta
3088 3173 3352 3221 testantur
3405 3168 3518 3237 jam
3562 3186 3704 3227 nunc
3746 3188 3835 3226 ro-

601 3262 746 3303 stuo
772 3248 843 3320 (e)
868 3264 1258 3311 convertamur
1287 3256 1447 3327 (datae
1472 3256 1557 3312 die
1582 3257 1653 3312 27
1682 3260 1827 3328 maii,
1856 3278 1946 3318 an.
1970 3262 2122 3336 559).

2234 3249 2335 3305 bur
2364 3259 2417 3307 et
2453 3253 2661 3322 cupiam
2692 3254 2788 3323 (al.
2826 3255 3061 3330 cupiam)
3090 3257 3367 3329 denegari.
3593 3276 3715 3318 cum
3761 3263 3834 3319 ita

527 3369 715 3430 Victor
763 3374 1114 3433 Constantius
1169 3380 1436 3436 maximus
1486 3367 1846 3449 triumphator
1912 3402 2130 3460 semper

1036 3475 1311 3544 Augusms
1337 3475 1625 3547 episcopis.

598 3581 651 3635 1.
678 3580 761 3637 De
785 3583 890 3654 ﬁde
918 3593 1116 3640 tantum
1145 3587 1199 3641 in
1230 3586 1460 3646 Concilio
1484 3595 1834 3652 tractandum.
1883 3627 1951 3639 —-
1987 3600 2129 3658 Con-

526 3676 703 3732 tinent
751 3676 935 3748 priora
978 3678 1246 3750 instituta,
1300 3682 1667 3757 Venerabiles,
1711 3692 2122 3750 sanctimoniam

520 3768 657 3842 legis
694 3770 860 3826 rebus
905 3771 1292 3832 ecclesiasticis
1325 3776 1441 3832 niti.
1494 3777 1635 3836 Satis
1689 3796 1959 3857 superque
2002 3803 2126 3859 per-

519 3863 795 3935 speximus
816 3864 1011 3923 litteris
1031 3866 1101 3923 ad
1130 3877 1367 3926 nostram
1396 3871 1737 3943 prudentiam
1759 3877 2120 3949 datis,iisdem

590 4074 671 4156 _(a)
700 4076 953 4133 Proxime
982 4085 1104 4146 post
1126 4076 1341 4156 litteras
1360 4078 1730 4156 Orientalibus
1752 4083 1927 4155 datas,
1954 4097 2030 4156 et,
2059 4100 2118 4146 ut

515 4148 843 4219 opinamur,
876 4156 1162 4219 antequam
1209 4148 1458 4216 Ursacio,
1501 4151 1711 4209 Valenti
1754 4167 1808 4210 et
1836 4148 2116 4217 Germinio

515 4220 800 4294 scriberet.
830 4218 929 4294 Hic
958 4218 1102 4275 enim
1124 4219 1350 4294 Liberii,
1385 4223 1470 4277 ubi
1498 4239 1527 4279 a
1553 4226 1778 4294 pristina
1807 4234 2111 4288 Constantia

513 4305 611 4372 sua
637 4290 853 4356 cecidit,
885 4291 1182 4372 litterarum
1205 4291 1342 4348 ordo
1367 4298 1524 4348 statui
1550 4290 1728 4372 potest
1759 4317 1771 4352 :
1798 4311 1850 4353 ut
1877 4304 2110 4372 primum

512 4362 918 4429 imperatorem,
954 4364 1252 4432 eodemque
1277 4374 1519 4433 tempore
1553 4362 1759 4424 clerum
1805 4362 2108 4433 Romanum

512 4433 943 4505 mutatigconsilii
965 4435 1047 4487 sui
1080 4449 1176 4505 per
1205 4435 1646 4494 Fortunatianum
1678 4446 1942 4501 certiores
1967 4446 2111 4505 tece-

512 4451 701 4488 mutatt
726 4451 935 4488 consult
965 4451 1047 4487 ειη
1117 4451 1176 4490 er
1205 4451 1646 4494 r'ortuttauanum
1678 4451 1942 4501 certiores
1967 4451 2105 4505 tece-

508 4506 602 4580 r_i_t_,
631 4502 830 4580 deinde
859 4451 1162 4562 Oricutafes
1196 4522 1291 4580 per
1337 4508 1542 4580 litteras
1584 4514 1873 4580 monuerit,
1904 4531 1964 4573 se
1984 4535 2105 4576 cum

508 4575 615 4631 illis
643 4574 846 4630 habere
886 4590 1095 4645 pacem,
1144 4586 1197 4631 et
1242 4578 1311 4633 ab
1350 4578 1626 4635 Athanasii
1656 4574 1970 4643 defensione
1997 4574 2108 4646 dis:

506 4647 769 4720 cessisse;
803 4656 914 4701 tum
938 4646 1243 4720 Vincentio,
1269 4649 1492 4720 ejusque
1512 4667 1675 4720 opera
1701 4658 1909 4713 cunctis
1945 4661 2105 4718 Cam-

504 4718 680 4790 paniae
716 4716 1004 4790 episcopis,
1036 4716 1474 4777 communionem
1508 4716 1630 4779 cum
1669 4716 2101 4790 Orientalibus—3

2238 3346 2369 3410 sint,
2414 3347 2790 3405 moderatione
2834 3350 3111 3423 religionis
3166 3354 3570 3411 venerabilibus
3621 3357 3832 3412 antisti-

2239 3440 2380 3497 tibus
2402 3454 2767 3501 consentanea
2798 3445 3008 3503 debetis
3026 3448 3335 3504 veneranda
3364 3449 3657 3518 perlicere;
3684 3461 3740 3506 ut
3775 3450 3828 3507 id

2236 3538 2380 3608 quod
2411 3539 2599 3611 religio
2624 3543 2879 3611 postulat,
2909 3544 3232 3615 explicetur,
3251 3554 3307 3601 et
3333 3546 3478 3617 quod
3510 3546 3688 3603 audiri
3710 3563 3828 3617 proo

2237 3628 2385 3687 hibet
2416 3632 2479 3705 (i)
2510 3674 2524 3698 ,
2553 3634 2733 3690 nullus
2762 3645 3005 3706 usurpet.
3056 3636 3315 3693 Divinitas
3364 3652 3460 3695 vos
3505 3651 3687 3696 servet
3733 3657 3825 3713 per

2232 3723 2433 3781 multos
2461 3741 2653 3795 annos,
2685 3726 2946 3783 Parentes
2976 3726 3051 3805 (j)
3086 3728 3154 3786 K.
3182 3730 3300 3788 Dat.
3330 3748 3379 3788 γι
3407 3732 3626 3791 kalend.
3650 3734 3823 3807 junias

2231 3816 2465 3875 Eusebio
2495 3829 2549 3876 et
2570 3819 2761 3891 Ypatio
2781 3836 2962 3879 conss.

2226 4103 2282 4148 ut
2312 4099 2707 4180 controversias
2753 4099 2823 4156 de
2862 4100 2967 4157 ﬁde
2994 4103 3225 4174 primum
3269 4118 3665 4178 componerent
3688 4125 3811 4182 prro-

2223 4177 2388 4237 cepit.

2295 4259 2369 4334 (e)
2411 4261 2469 4317 In
2494 4262 2651 4327 edit.,
2679 4278 3039 4323 conuenerunt.
3062 4267 3182 4325 Non
3219 4270 3359 4326 male
3387 4283 3568 4329 tamen
3605 4276 3656 4330 in
3689 4291 3804 4329 mss.

2220 4345 2601 4410 convenerant;
2631 4350 2752 4391 cum
2782 4338 2869 4392 hic
2903 4339 3087 4395 Hilarii
3109 4357 3290 4396 sermo
3320 4345 3410 4410 sit,
3442 4360 3550 4401 non
3578 4348 3776 4403 scriben

2221 4405 2351 4458 Iintn
2378 4406 2782 4485 episcoporum.
2831 4413 2968 4465 Ante
3021 4413 3366 4485 repowimus
3399 4405 3728 4485 Constantii;
3754 4430 3802 4473 et

2222 4486 2341 4558 post
2369 4474 2987 4558 Cbnstantiusmnm‘ex
3032 4474 3135 4541 lide
3165 4501 3267 4543 ms.
3311 4488 3461 4558 prius
3498 4474 3800 4547 obtinuisset

2218 4546 2542 4604 Constantini
2568 4563 2620 4606 et
2646 4550 3029 4610 Constantinus.

2283 4641 2351 4711 (ι’)
2394 4642 2563 4707 Alias,
2596 4661 2710 4698 cum
2739 4645 2890 4700 rebus
2913 4663 2933 4701 :
2964 4648 3055 4704 ubi
3076 4665 3141 4704 ex
3175 4666 3277 4705 ms.
3305 4652 3471 4709 Sirm.
3517 4655 3794 4710 restituitur

2211 4728 2327 4764 cum
2364 4712 2563 4797 crebra.
2616 4718 2810 4783 Antea,
2860 4718 2978 4775 loco
3024 4722 3304 4794 geminari,
3365 4726 3538 4796 magis
3578 4726 3790 4798 placeret

501 4786 565 4874 se
593 4786 776 4872 initam
798 4786 1142 4861 sigu'iticarit;
1175 4805 1535 4877 ac_postremo
1562 4812 1693 4877 cum
1714 4799 1778 4877 ad
1813 4786 2102 4877 imperato:
2128 4818 2180 4877 Ι)
2208 4786 2511 4877 examinari-

503 4861 581 4933 ris
610 4862 921 4933 comitatum
955 4872 1219 4933 pergeret,
1250 4864 1444 4921 litteris
1484 4867 1623 4923 datis
1653 4861 1903 4933 Valenti:
1940 4861 2069 4930 Ursa

500 4932 587 4989 cio
618 4942 673 4988 et
702 4931 1002 5006 Germinio,
1035 4931 1143 4990 tum
1172 4936 1365 4991 horum
1410 4931 1894 5006 perditissimorum
1928 4947 2097 5003 homi-

499 5020 651 5071 num,
706 5015 816 5086 tum
869 5004 951 5086 his
1017 5008 1249 5086 nequitia
1302 5004 1754 5086 nonjint‘eriorum
1785 5015 2011 5086 Epicteti
2041 5032 2095 5077 et

499 5076 758 5160 :Auxentii
791 5077 1017 5160 gratiam
1051 5078 1173 5160 'sibi
1228 5082 1448 5160 tentarit
1475 5086 1787 5160 conciliare.
1816 5076 2096 5160 Egregium

497 5144 749 5232 hymaute
778 5144 1094 5232 fragilitatis
1121 5154 1453 5232 exemplum.
1495 5157 1577 5208 oni
1604 5171 1748 5232 saepe
1798 5144 2095 5232 ιειῖἶιουέίὲὶζ

494 5218 615 5275 vius
644 5220 888 5275 imminet
918 5218 1298 5291 pra-cipitium,
1334 5236 1538 5294 quanto
1568 5218 1777 5284 videtur
1799 5218 2011 5289 elatior.

569 5310 644 5398 (ὁ)
669 5311 739 5398 'ln
784 5328 884 5395 ms.
916 5311 1080 5369 Sirm.
1127 5314 1294 5371 verbo
1341 5318 1601 5398 sanctitati
1642 5322 1926 5398 subjicitur
1955 5344 2091 5398 vero,

495 5381 635 5452 apud
667 5381 955 5441 Baroniutn
983 5394 1161 5441 autem
1193 5388 1561 5457 praemittitur,
1590 5401 1637 5445 et
1665 5381 1801 5449 ide'o.

567 5475 640 5548 (e)
676 5478 831 5553 _Apud
861 5478 1099 5553 ABaron.,
1156 5480 1360 5535 domine
1398 5484 1557 5553 frater
1594 5484 1910 5545 charissime.
1958 5490 2090 5548 Item

490 5561 649 5629 manu
668 5548 830 5618 ipsius
852 5551 905 5632 in
933 5552 1110 5606 eadem
1132 5554 1323 5632 pagina
1356 5548 1666 5632 conscripta.
1710 5556 1863 5629 Legit
1897 5561 2086 5632 Sirm.,

489 5620 680 5688 pagina
701 5622 1000 5692 perscripta,
1031 5620 1137 5677 non
1168 5620 1372 5695 ρὶιςὶηαε
1402 5620 1717 5696 perscripta.

553 5707 635 5777 (Δ)
676 5708 930 5791 Epistolm
949 5715 1086 5791 huic
1114 5716 1408 5770 auctoritas
1427 5719 1713 5775 acceditex
1746 5720 2068 5791 Sozomeno,

473 5775 571 5857 lib_.
604 5775 673 5841 tv,
702 5794 751 5831 c.
791 5780 875 5864 εῖτ
914 5782 1010 5864 tibi.
1055 5784 1261 5864 litteras
1301 5799 1563 5864 memorat
1616 5775 2064 5864 imperatoris—ad

474 5847 761 5918 episcopos
784 5850 1015 5907 Arimini
1038 5869 1101 5909 ac
1139 5855 1400 5915 Seleucia:
1450 5847 1824 5935 congregatos,
1860 5847 2063 5938 quibus

2278 4874 2356 4948 (g)
2396 4874 2455 4959 l_n
2480 4893 2581 4933 ms.
2612 4879 2780 4959 ΡΜ,
2828 4885 3236 4959 nehujusmodi.
3284 4890 3568 4947 Mallemus
3613 4893 3671 4948 de
3703 4894 3788 4945 Int-

2198 4948 2461 5026 jusmodi,
2483 4954 2788 5026 supplendo
2814 4948 3011 5011 deinde
3033 4959 3204 5026 rebus,
3236 4961 3303 5017 de
3326 4961 3429 5018 fide
3452 4965 3571 5020 scil.
3603 4975 3653 5021 et
3682 4965 3782 5019 uni.

2207 5027 2315 5072 tate
2348 5046 2363 5074 ε
2391 5022 2575 5104 sicque.
2601 5024 2691 5104 hic
2722 5027 2826 5104 erit
2847 5029 3080 5104 _integer
3108 5022 3303 5104 sensus
3364 5053 3377 5087 :
3426 5036 3544 5090 cum
3607 5037 3782 5104 penitus

2203 5092 2484 5173 amputatis
2500 5094 2574 5173 ‘de
2593 5093 2788 5173 (rebus)
2836 5092 3135 5173 ltujusinodi
3174 5107 3535 5171 questionibus
3585 5092 3778 5171 cunctis,

2206 5160 2342 5232 (qum
2377 5163 2518 5236 sunt)
2545 5160 2787 5224 sectanda
2807 5160 3197 5231 conimonuerit:
3228 5177 3331 5232 Res
3360 5160 3529 5234 tamen
3552 5160 3777 5246 ista,etc:

2276 5256 2356 5329 (lt)
2397 5257 2729 5318 Vocabulum
2754 5264 2957 5335 longius
2986 5283 3051 5324 ex
3078 5284 3179 5325 ms.
3205 5271 3371 5328 Sirm.
3403 5274 3662 5343 adjicitur.

2273 5349 2345 5433 (i).
2381 5352 2581 5433 Faber_
2597 5355 2685 5433 hic
2706 5357 2979 5433 adiecerat
3003 5362 3157 5425 ratio,
3190 5364 3263 5418 uti
3287 5365 3519 5433 videtur,
3540 5370 3773 5425 adductus

2197 5424 2794 5513 verbissuperiorihui,
2825 5428 3099 5513 .Nonhenim
3130 5424 3193 5489 de
3224 5424 3635 5513 Orientalibus...
3654 5439 3771 5513 pati~

2196 5502 2279 5569 tur
2301 5497 2432 5549 ratio
2456 5498 2652 5564 aliquid
2677 5501 2903 5569 deﬁniri.
2938 5502 3045 5560 Sed
3078 5505 3191 5560 haec
3219 5523 3321 5563 vox
3348 5509 3500 5565 abest
3524 5529 3553 5565 a
3588 5497 3703 5567 mss.
3725 5520 3774 5564 et

2192 5564 2348 5652 adest
2376 5583 2571 5652 nomen
2600 5564 2804 5652 religio.
2837 5574 3078 5652 adquod
3112 5581 3334 5652 verbum
3377 5564 3771 5652 prohibet-ﬁcum-

2192 5636 2352 5727 mojde
2380 5638 2667 5727 referatur.
2689 5636 2777 5727 _
2798 5646 2922 5713 quid
2954 5636 3295 5727 'mutandum
3340 5636 3771 5727 essetpproxime

2188 5708 2379 5762 audere
2402 5727 2499 5782 pro
2528 5716 2699 5769 audiri
2726 5708 2953 5773 libenter
2979 5720 3372 5790 reciperemus.

2249 5805 2313 5880 (j)
2359 5805 2673 5880 llaciittera
2726 5812 2758 5867 Ic
2812 5831 3008 5874 nomen
3077 5816 3350 5875 carissimi
3392 5822 3668 5880 commode
3703 5819 3771 5873 in-

2171 5873 2465 5932 tellexeris.
