4062 6332
187 382 291 437 607

1125 372 1217 427 EX
1257 367 1482 426 ΟΡΕΠΕ
1522 359 1885 422 ιιιδτοῐιιοο
1915 360 2393 419 FRAGMENTUM
2433 359 2550 418 VII.

3378 349 3485 406 698

187 495 380 568 Incipit
429 492 506 567 (ιι)
558 468 790 563 deﬁitltio
838 488 1115 555 catholica,
1145 484 1315 539 habita
1344 483 1407 537 ab
1438 479 1668 536 omnibus
1698 493 1785 531 ca-
1809 479 1860 539 Α
1887 476 2249 548 conscriptam
2274 490 2305 529 a
2336 489 2393 531 se
2418 474 2600 541 (idem,
2632 489 2792 547 quam
2823 471 3064 543 recipere
3093 483 3195 526 nos
3217 483 3325 524 non
3354 466 3489 523 licc-

258 587 463 643 tholicis
491 585 770 655 episcopis,
805 586 1108 653 priusquam
1139 595 1229 651 per
1274 586 1526 631 terrenam
1554 580 1782 641 potesta-

258 693 357 738 tem
397 680 560 735 territi
615 677 969 732 Itwreticorum
1008 672 1266 728 consortio
1316 668 1670 729 sociarentur,
1728 663 1782 716 in

254 775 474 830 concilio
496 772 803 826 Ariminensi
834 770 943 841 (an.
976 766 1130 836 559).

258 890 311 945 3.
370 886 520 941 Fidei
547 884 774 939 Nicwna:
798 881 932 937 nihil
959 877 1255 934 addendum
1275 884 1360 930 aut
1388 870 1777 928 detrahendum.

180 1012 251 1024 —-
284 982 377 1039 Sic
419 979 691 1036 credimus
726 977 938 1047 placere
960 973 1209 1029 omnibus
1237 984 1396 1042 posse
1423 966 1729 1030 catholicis,
1751 978 1781 1017 a

178 1076 437 1151 symbolo
463 1083 688 1144 accepto
721 1086 819 1127 nos
842 1068 1099 1143 recedere
1129 1081 1234 1121 non
1257 1072 1533 1134 oportere,
1561 1056 1704 1131 quod
1729 1058 1780 1112 in

176 1172 473 1229 collatione
507 1168 644 1237 apud
675 1180 863 1222 omnes
893 1165 1159 1236 integrum
1199 1171 1649 1229 recognovtmus;
1682 1167 1783 1209 nec

176 1283 207 1321 a
238 1266 349 1321 ﬁde
373 1278 705 1328 recessuros,
740 1274 898 1330 quam
926 1273 1020 1329 per
1048 1255 1359 1327 prophetas,
1398 1267 1429 1307 a
1481 1249 1593 1305 Deo
1623 1247 1782 1303 Patre

176 1374 278 1431 per
328 1358 602 1415 Christum
655 1355 938 1410 Dominum
1002 1357 1245 1406 nostrum
1293 1346 1522 1402 docente
1579 1340 1782 1410 Spiritu

179 1463 395 1515 sancto,
428 1461 479 1506 et
511 1451 563 1505 in
592 1447 885 1519 evangeliis
915 1446 1044 1501 etin
1078 1442 1335 1515 apostolis
1368 1436 1618 1494 munibus
1665 1449 1782 1489 sus-

172 1545 447 1615 cepimus,
479 1553 536 1597 ut
564 1557 661 1611 per
691 1540 1031 1595 traditionem
1072 1545 1287 1608 patrum
1326 1530 1620 1588 secundum
1660 1542 1783 1583 suc-

170 1640 482 1694 cessionem
536 1635 906 1707 apostolorum
970 1645 1140 1701 usque
1202 1628 1270 1684 ad
1307 1635 1591 1682 tractatum
1639 1620 1780 1694 apud

170 1729 413 1787 Nicaeam
456 1729 695 1783 habitum
718 1735 905 1782 contra
948 1722 1222 1788 hmresim,
1264 1734 1383 1791 qua)
1411 1728 1536 1773 tunc
1570 1726 1780 1786 tempo-

170 1827 249 1880 ris
278 1831 684 1888 exsurrexerat,
714 1821 943 1893 pesitum
976 1833 1117 1874 nunc
1140 1832 1306 1887 usque
1330 1822 1625 1886 permanet.
1649 1810 1778 1879 Qui-

170 1918 278 1974 bus
307 1916 562 1974 omnibus
603 1932 701 1971 nec
730 1914 1033 1970 addendum
1091 1910 1294 1981 aliquid
1347 1907 1642 1973 credimus,

172 2013 345 2068 minui
372 2026 527 2083 posse
547 2008 885 2065 manifestum
904 2015 1005 2063 est.
1024 2007 1204 2061 Placet
1218 2005 1513 2078 685crgo
1530 2002 1659 2057 nihil
1681 2018 1776 2055 no-

170 2122 300 2160 vum
328 2104 445 2160 ﬁeri
471 2120 485 2157 :
515 2102 829 2157 substantiae
859 2114 1073 2171 quoque
1097 2114 1292 2153 nomen
1324 2104 1380 2151 et
1405 2112 1542 2161 rem,
1576 2108 1607 2147 a
1637 2093 1775 2148 mul-

174 2200 242 2254 tis
275 2199 483 2255 sanctis
512 2197 805 2267 Scripturis
852 2194 1175 2251 insinuatam
1226 2191 1492 2246 mentibus
1552 2188 1773 2255 nostris,

171 2293 427 2349 obtinere
469 2290 672 2347 debere
710 2290 793 2345 sui
832 2285 1365 2352 ﬁrntitatemeuam
1406 2300 1520 2339 rem
1548 2282 1623 2354 (b)
1654 2296 1774 2337 cum

172 2402 273 2443 suo
297 2388 521 2442 nomine
544 2384 788 2440 Ecclesia
818 2381 1081 2437 catholica
1129 2395 1251 2434 cum
1301 2377 1548 2432 doctrina
1586 2375 1773 2431 deilica

173 2494 397 2550 semper
427 2476 750 2535 conﬁterict
775 2472 1016 2546 proﬁteri
1063 2472 1363 2527 consuevit.
1401 2470 1535 2524 lluic
1582 2467 1775 2522 delini-

173 2573 308 2628 tioni
342 2585 530 2628 omnes
554 2570 608 2625 in
642 2584 803 2624 unum
832 2563 1086 2622 catholici
1117 2564 1487 2634 conspirantes
1505 2559 1777 2629 subscrip-

171 2677 390 2723 serunt.

239 2759 303 2815 4.
370 2756 571 2814 Eodem
636 2755 689 2811 in
743 2753 974 2810 concilio
1047 2765 1332 2825 postquam
1387 2758 1645 2807 statutum
1696 2758 1780 2805 est

172 2851 309 2907 nihil
346 2850 548 2906 debere
580 2861 858 2920 paternam
891 2847 1059 2902 minui
1104 2847 1472 2911 traditionem,
1501 2843 1662 2899 etiam
1687 2843 1778 2913 qui

170 2953 367 3001 contra
398 2942 538 2999 hanc
568 2942 882 3007 veniebant,
923 2939 1160 2993 omnium
1195 2939 1247 2993 in
1275 2954 1436 2992 unum
1461 2935 1781 3005 conspirau-

172 3038 310 3092 tinm
344 3035 572 3107 spiritali
603 3050 737 3091 voce
764 3042 891 3087 sunt
914 3030 1176 3086 damnati.
1205 3029 1369 3101 Cujus
1400 3038 1658 3084 tractatus
1678 3027 1779 3083 hoc

168 3143 252 3189 est
275 3131 589 3202 exemplum
622 3128 717 3203 (c).
757 3150 776 3182 ι

572 3261 793 3304 sesamo
815 3263 882 3302 ΕΤ
909 3260 1100 3302 πρλτιο
1122 3243 1204 3314 (d)
1232 3245 1411 3298 con‘ss.

402 3379 477 3419 xu
516 3364 622 3419 kal.
672 3362 882 3434 augusti
913 3361 1025 3435 (die
1053 3360 1117 3415 21
1146 3359 1249 3429 jul.
1278 3373 1368 3412 an.
1402 3354 1560 3425 559.)

238 3479 384 3537 Cum
414 3480 555 3547 apud
603 3480 778 3534 locum
813 3477 1209 3533 Ariminensem
1243 3474 1623 3543 episcoporum
1653 3485 1781 3543 syn-

165 3562 329 3631 odus’
359 3572 550 3629 fuisset
589 3573 834 3639 collecta,
892 3581 948 3627 et
999 3577 1282 3624 tractatum
1338 3565 1525 3621 fuisset
1551 3564 1620 3619 de
1650 3564 1778 3630 title,

166 3682 223 3725 et
244 3667 484 3725 sedisset
531 3668 713 3721 animo
739 3664 865 3737 quid
894 3663 980 3734 agi
1019 3663 1283 3723 deberet;
1326 3659 1623 3715 Grecianus
1666 3657 1782 3727 epi-

166 3778 374 3835 scopus
401 3777 433 3817 a
474 3761 627 3817 Calle
673 3760 848 3816 dixit:
879 3761 1146 3828 Quantum
1188 3756 1262 3828 (ε)
1305 3755 1505 3820 decuit,
1554 3753 1776 3809 Fratres

166 3855 507 3920 charissimi,
530 3854 797 3910 catholica
849 3853 1089 3925 synodus
1120 3851 1430 3922 patientiam
1488 3847 1693 3914 habuit,
1722 3854 1777 3902 et

167 3951 319 4022 piam
343 3947 412 4022 (Γ)
438 3948 743 4005 Ecclesiam
793 3947 989 4002 totiens
1028 3944 1274 4001 exhibuit
1306 3942 1458 4014 juxta
1488 3938 1772 3997 Ursacium

165 4056 220 4103 et
247 4045 561 4109 Valentem,
582 4041 943 4106 Germinium,
972 4039 1163 4096 Gaium
1190 4035 1293 4110 (9):
1325 4036 1413 4105 qui
1443 4034 1640 4089 totiens
1656 4048 1775 4088 mu-

168 4140 342 4197 tando
361 4138 503 4209 quod
520 4134 883 4199 crediderant,
907 4147 1098 4190 omnes
1117 4130 1377 4187 ecclesias
1399 4129 1771 4192 turbaverunt,

165 4245 221 4292 et
253 4248 402 4289 nunc
440 4240 703 4286 conantur
730 4228 1046 4283 ha-reticum
1080 4226 1316 4280 animum
1348 4237 1503 4277 suum
1531 4220 1772 4275 inserere

165 4324 369 4381 animis
395 4321 737 4378 Christianis.
768 4316 1249 4375 Subvertereenim
1274 4313 1461 4368 volunt
1486 4319 1767 4366 tractatum

167 4419 419 4475 habitum
450 4415 594 4487 apud
621 4413 854 4471 Nicaeam
879 4455 893 4479 ,
947 4412 1035 4481 qui
1065 4409 1271 4479 positus
1298 4416 1380 4462 est
1398 4412 1583 4462 contra
1611 4402 1766 4457 Aria.

166 4528 293 4570 nam
321 4510 572 4567 haeresim
604 4518 660 4566 et
707 4516 955 4565 caeteras.
982 4503 1295 4560 Attulertmt
1322 4500 1476 4556 nobis
1508 4508 1769 4569 praeterea

238 4654 323 4721 (α)
365 4647 674 4705 Monimenti
695 4646 854 4717 hujus
874 4643 1157 4700 veritatem
1179 4637 1519 4696 conﬁrmabit
1542 4652 1775 4709 sequens
1802 4646 1856 4706 Ι)

165 4723 549 4792 fragmentum.
589 4790 597 4792 _
774 4790 780 4792 Α
993 4788 1004 4792 _
1140 4785 1151 4792 _
1230 4752 1237 4792 ξ

266 4792 319 4858 ιι)
340 4792 495 4858 Puta,
520 4790 835 4848 substantia:
863 4788 1079 4842 nomine
1108 4785 1485 4858 signiﬁcatam:

266 4795 296 4848 ιι
340 4792 495 4858 Puta,
520 4792 835 4848 substantia:
863 4792 1079 4842 nomine
1108 4792 1485 4855 signiﬁcatam.

239 4792 319 4939 te;
344 4865 655 4939 Exemplum
681 4862 826 4939 idem
860 4858 1209 4925 Athanasius,
1236 4872 1336 4912 suo
1360 4856 1430 4910 de
1451 4853 1686 4925 Synodis
1711 4852 1773 4908 li-

167 4933 437 5006 ὒΐὸξιιεις.
471 4935 598 5004 879,
626 4933 873 5006 inseruit.

241 4997 448 5084 (dis-ie
498 4997 600 5062 ms'.
647 5005 793 5060 Pith.
831 5005 937 5072 hic,
990 5014 1174 5072 supra,
1223 5008 1279 5055 et
1330 4997 1658 5069 Fragmento
1682 5012 1772 5053 se-

166 5082 377 5154 quenti,
410 5097 515 5137 non
557 5095 688 5134 coss.

241 5173 398 5247 (e)ln
429 5171 561 5247 edit.
593 5182 649 5225 ut
675 5170 728 5225 in
778 5183 909 5247 ms._
930 5167 1132 5247 dicunt.
1181 5164 1261 5247 Es
1289 5177 1463 5247 grmea
1491 5160 1775 5247 Athanasii

167 5235 445 5310 versione,
474 5243 569 5305 ἕως
593 5249 858 5317 προσῆκον
879 5237 958 5306 ἧν,
979 5238 1189 5296 nullum
1212 5235 1433 5292 dubium
1464 5242 1547 5290 est
1595 5235 1776 5303 legen-

168 5317 304 5374 dum
336 5332 457 5371 esse
487 5318 675 5372 decuit.

243 5410 313 5483 (f)
345 5409 529 5483 Forte,
572 5418 620 5463 et
650 5408 789 5476 piam
832 5421 885 5460 se
924 5402 1153 5459 Ecclesia
1189 5402 1371 5458 totiens
1398 5399 1630 5456 exhibuit
1656 5413 1775 5471 erga

175 5481 476 5545 Ursacium,
512 5488 617 5536 etc.

247 5575 324 5647 (g)
361 5574 452 5629 llis
478 5573 627 5631 addit
658 5571 990 5647 Athanasius
1012 5568 1341 5647 Augentium:
1367 5564 1467 5634 Qui
1499 5564 1543 5620 si
1568 5563 1623 5619 in

171 5635 408 5703 miiiénsi
463 5647 676 5718 synodo
716 5643 1033 5718 nominatim
1085 5639 1274 5718 fuisset
1302 5638 1611 5718 damnatus,
1638 5635 1772 5692 nihil

170 5729 291 5775 erat
337 5709 539 5783 causai,
579 5734 677 5773 cur
722 5716 865 5771 illam
903 5725 1085 5782 pcatea
1136 5710 1418 5767 Mediolani
1447 5709 1771 5783 {adversus

174 5790 437 5847 llilarium
486 5779 727 5845 nostrum
782 5779 1062 5856 disputans
1091 5825 1106 5849 ,
1160 5790 1443 5856 tantopere
1475 5779 1766 5856 iactitare}.

174 5863 361 5932 Longe
392 5862 570 5916 minus
612 5852 916 5932 audiendus
957 5864 1043 5913 est
1082 5856 1352 5932 Socrates,
1382 5853 1474 5907 lib.
1504 5868 1562 5932 rt,
1592 5867 1641 5906 c.
1675 5852 1767 5932 57ξ

176 5932 268 5990 ubi
292 5923 413 5990 cum
442 5942 674 6006 quatuor
693 5931 965 6005 pt‘mdlctis
980 5944 1086 5987 non
1113 5926 1273 5983 modo
1296 5924 1648 5992 Auxentium,
1673 5923 1769 5981 sed

1886 571 1997 626 bat.
2028 569 2147 626 Jam
2178 570 2394 640 quidem
2427 568 2665 625 haeretici
2691 566 2922 623 antehac
2953 562 3110 621 nobis
3148 558 3482 634 pronuntiati

1884 673 2032 731 sunt,
2066 673 2122 718 et
2146 664 2331 718 multis
2357 662 2548 718 diebus
2574 672 2657 718 est
2687 659 3099 728 comprobatum
3132 674 3146 711 :
3171 669 3304 724 quos
3337 661 3393 710 et
3412 651 3479 707 ad

1886 767 2124 815 nostram
2156 756 2591 813 communionem
2621 771 2729 811 non
2755 753 3073 810 admisimus
3101 792 3115 816 ,
3140 765 3273 807 voce
3302 757 3487 805 nostra

1885 852 2205 908 damnantes
2257 865 2353 907 eos
2405 859 2724 921 praesentes.
2756 848 2908 904 Nunc
2949 848 3143 902 iterum
3174 842 3303 915 quid
3331 840 3487 897 vobis

1886 947 2093 1016 placet,
2124 945 2319 1000 iterum
2369 941 2554 1009 dicite,
2586 952 2644 996 ut
2697 939 3034 1011 singulorum
3087 934 3487 1003 subscriptione

1886 1040 2147 1094 tinuetur.
2178 1036 2427 1094 Universi
2475 1034 2717 1106 epiSCOpi
2746 1034 3001 1090 dixerunt
3031 1049 3044 1086 :
3076 1031 3259 1087 Placet
3291 1037 3346 1083 ιιι
3369 1026 3482 1082 hae-

1882 1132 2036 1189 retici
2070 1131 2150 1206 (It)
2173 1146 2250 1186 ss.
2279 1129 2628 1193 damnentur,
2657 1142 2766 1199 quo
2797 1127 2967 1197 possit
2997 1123 3237 1181 Ecclesia
3267 1120 3371 1177 lide
3396 1119 3488 1176 in-

1882 1240 2171 1293 concussa,
2200 1241 2320 1298 quae
2354 1238 2483 1279 vere
2537 1223 2825 1290 catholica,
2859 1221 3018 1277 estin
3047 1235 3179 1292 pace
3228 1227 3485 1292 perpetua

1886 1336 2231 1393 permanere.

2047 1459 2215 1533 686
2253 1473 2512 1514 APPENDIX
2544 1455 2610 1529 (i)
2639 1470 2949 1512 sureatonts
2979 1468 3302 1511 FRAGIIENTI.

1884 1574 2164 1630 Damnatio
2192 1572 2521 1641 blasphemia:
2549 1568 2683 1639 Arii,
2717 1580 2763 1624 et
2793 1569 3045 1640 expositio
3088 1568 3305 1638 integra:
3334 1574 3380 1619 et
3401 1581 3489 1619 ca—

1956 1666 2162 1721 tholica:
2187 1664 2330 1733 ﬁdei,
2358 1679 2514 1735 quam
2557 1662 2800 1716 catholici
2828 1661 2882 1716 in
2917 1669 3141 1717 tractatu
3173 1656 3487 1714 Arimineusi

1954 1761 2305 1830 ﬁrnmuerunt,
2340 1770 2387 1813 et
2413 1773 2569 1811 manu
2601 1773 2697 1811 sua
2726 1756 3162 1826 subscripserunt.

1677 1868 1775 1960 ς,θο
1809 1881 1854 1941 Β
1956 1874 2310 1946 Blasphemia:
2339 1870 2452 1929 Arii
2481 1871 2607 1928 licet
2648 1871 2878 1928 antehac
2935 1871 3151 1927 luerunt
3178 1868 3444 1926 damnatae
3468 1907 3482 1933 ,

1883 1971 2119 2027 latebant
2143 1982 2322 2026 tamen
2341 1973 2564 2029 occultae
2584 1987 2598 2036 ;
2618 1971 2742 2039 quia
2763 1984 2884 2025 eum
2900 1967 3305 2038 blasphemasse
3328 1964 3480 2036 igno-

1881 2056 2119 2120 rabatur;
2153 2064 2346 2120 Verum
2377 2065 2588 2120 favente
2621 2063 2729 2118 Deo
2756 2070 3104 2134 procuratum
3134 2072 3237 2125 est,
3266 2071 3323 2115 ut
3349 2072 3485 2114 con-

1879 2159 2083 2215 stitutis
2115 2158 2270 2214 nobis
2318 2158 2457 2231 apud
2485 2158 2790 2213 Ariminum
2820 2157 2938 2227 ejus
2968 2154 3221 2227 pestifera
3253 2151 3478 2208 h:eresis

1860 2264 2236 2326 'repeteretur.
2274 2254 2341 2308 Et
2395 2253 2516 2308 ideo
2546 2252 2708 2307 simul
2760 2265 2884 2308 cum
2943 2248 3061 2320 ejus
3118 2242 3473 2314 blasphemiis

1877 2366 2067 2407 omnes
2118 2364 2332 2419 quoque
2362 2349 2622 2415 haereses,
2645 2361 2766 2418 qum
2795 2345 3027 2400 antehac
3052 2350 3482 2400 exsurrexerunt

1878 2454 2064 2500 contra
2094 2444 2418 2500 catholicam
2463 2451 2518 2499 et
2547 2442 2899 2513 apostolicam
2944 2438 3308 2500 traditionem,
3332 2435 3475 2490 sicut

1872 2534 2190 2605 jamdudum
2223 2535 2490 2590 damnatae
2533 2540 2661 2588 sunt
2706 2531 2993 2602 pra-teritis
3037 2527 3287 2586 conciliis
3315 2536 3371 2583 et
3400 2526 3480 2581 di-

1880 2629 2053 2683 versis
2082 2629 2134 2682 in
2183 2628 2333 2693 locis,
2387 2642 2484 2682 nos
2529 2640 2744 2697 quoque
2773 2624 3098 2679 damnamus
3131 2639 3144 2677 :
3177 2631 3232 2677 et
3258 2618 3486 2675 anathe-

1881 2721 2201 2776 matizamus
2236 2736 2356 2787 eos,
2386 2721 2476 2790 qui
2507 2719 2692 2775 dicunt
2743 2716 3041 2775 liliumiDei
3066 2716 3135 2772 de
3192 2714 3354 2770 nullis
3385 2728 3482 2770 ex-

1885 2816 2175 2882 stantibus,
2206 2826 2261 2871 et
2292 2814 2360 2871 de
2377 2814 2482 2870 alia
2517 2815 2741 2887 (supple,
2775 2809 3121 2884 snbstantia).
3158 2820 3213 2867 et
3256 2825 3363 2867 non
3407 2808 3477 2864 de

1881 2911 1995 2967 Deo
2016 2920 2169 2982 patre
2201 2919 2386 2965 natum
2438 2910 2604 2964 Deum
2649 2924 2835 2963 verum
2886 2907 2956 2963 de
3008 2907 3120 2962 Deo
3146 2913 3298 2961 vero.
3345 2903 3412 2959 Et
3441 2901 3487 2957 si

1879 3005 2001 3075 quis
2031 3004 2245 3059 Patrem
2296 3012 2351 3059 et
2378 3002 2575 3058 Filium
2605 3002 2740 3057 duos
2773 3003 2928 3066 deos,
2957 3001 3060 3056 hoc
3089 3010 3193 3063 est,
3225 3014 3329 3052 non
3362 3005 3485 3052 nota

1882 3100 1949 3171 (ι’.
1982 3096 2133 3171 nata)
2160 3097 2268 3151 duo
2310 3096 2573 3167 principia
2603 3096 2825 3159 dixerit,
2858 3106 2912 3150 et
2941 3108 3046 3149 non
3079 3093 3255 3148 Patris
3281 3101 3335 3148 et
3362 3088 3485 3146 Filii

1882 3207 2044 3246 unam
2077 3190 2333 3246 deitatem
2366 3188 2705 3259 proﬁteatur,
2737 3188 3024 3243 anathema
3080 3185 3171 3241 sit.
3202 3184 3256 3240 Si
3285 3185 3406 3255 quis
3432 3190 3489 3237 et

1805 3287 1850 3350 C
1885 3282 2054 3337 lilium
2084 3282 2176 3337 Dei
2206 3291 2510 3337 creaturam
2540 3282 2624 3335 vel
2652 3279 2914 3335 facturam
2944 3278 3168 3342 dixerit,
3199 3275 3484 3330 anathema

1880 3377 1973 3431 sit.
2006 3376 2061 3432 Si
2095 3376 2216 3447 quis
2246 3375 2410 3430 Deum
2461 3374 2678 3429 Patrem
2731 3371 2906 3443 ipsum
2959 3369 3027 3426 de
3072 3369 3235 3424 Maria
3262 3366 3487 3437 Virgine

1882 3481 2088 3534 natum,
2122 3469 2482 3539 eumdemque
2536 3477 2738 3538 patrem
2792 3474 2848 3521 et
2888 3464 3054 3520 lilium
3109 3461 3327 3525 dixerit,
3352 3474 3485 3515 ana-

1881 3562 2060 3618 thema
2091 3562 2180 3617 sit.
2215 3561 2269 3618 Si
2297 3561 2418 3631 quis
2448 3560 2617 3615 lilium
2649 3558 2743 3613 Dei
2771 3559 2840 3614 de
2869 3557 3029 3611 Maria
3059 3555 3270 3609 initium
3302 3564 3484 3621 suntp-

1879 3656 2020 3713 sisse
2068 3654 2288 3721 dixerit,
2322 3655 2407 3710 vel
2456 3653 2623 3708 fuisse
2675 3662 2893 3721 tempus
2941 3647 3155 3720 quando
3205 3662 3309 3699 non
3365 3652 3484 3700 erat

1883 3752 2025 3807 lilius
2048 3793 2063 3818 ,
2086 3751 2373 3805 anathema
2421 3750 2508 3803 sit.
2538 3747 2595 3803 Si
2638 3748 2756 3818 quis
2785 3744 2954 3799 lilium
2979 3743 3070 3797 Dei
3100 3757 3205 3796 non
3236 3756 3361 3794 vere
3392 3737 3479 3792 in-

1876 3845 2256 3902 enarrabiliter
2283 3843 2350 3898 de
2376 3843 2486 3897 Deo
2518 3851 2669 3911 patre
2715 3849 2920 3903 natum,
2954 3835 3047 3893 sed
3078 3834 3388 3904 adoptivum
3414 3830 3478 3885 li-

1873 3941 2002 3995 lium
2034 3937 2252 4001 dixerit,
2306 3934 2594 3990 anathema
2642 3935 2730 3987 sit.
2764 3932 2820 3988 Si
2851 3931 2973 4000 quis
3024 3928 3190 3983 lilium
3242 3925 3337 3981 Dei
3388 3934 3481 3979 aut

1878 4030 2257 4101 temporalem,
2285 4037 2379 4082 aut
2402 4025 2678 4082 hominem
2709 4024 2906 4089 solum,
2929 4032 2985 4078 ct
3011 4037 3118 4077 non
3148 4029 3273 4076 ante
3299 4019 3480 4073 omnia

1878 4123 2075 4180 saecula
2104 4122 2174 4177 de
2223 4123 2337 4177 Deo
2390 4129 2544 4191 patre
2591 4132 2773 4173 natum
2823 4116 3161 4187 profiteatur,
3193 4112 3477 4168 anathema

1876 4219 1966 4273 sit.
2001 4217 2056 4273 Si
2088 4216 2210 4288 quis
2240 4215 2414 4270 Patris
2467 4223 2522 4270 et
2547 4213 2671 4269 Filii
2718 4222 2772 4267 et
2817 4211 3051 4280 Spiritus
3107 4208 3281 4264 sancti
3310 4222 3474 4288 unam

1878 4326 2162 4382 personam
2184 4318 2278 4364 aut
2300 4321 2406 4364 tres
2434 4306 2764 4364 substantias
2792 4305 2992 4359 divisas
3032 4302 3251 4367 dixerit,
3283 4309 3338 4356 et
3366 4283 3475 4356 non

1878 4405 2128 4474 perfectae
2156 4402 2435 4458 Trinitatis
2467 4416 2625 4455 unam
2649 4399 2904 4454 deitatem
2958 4394 3294 4466 profiteatur.
3323 4406 3458 4448 ana-

1879 4501 2061 4555 thema
2077 4500 2166 4555 sit.
2196 4496 2254 4554 Si
2285 4498 2403 4570 quis
2437 4497 2602 4551 lilium
2636 4495 2727 4551 Dei
2751 4510 2871 4551 esse
2899 4503 3023 4549 ante
3045 4490 3224 4548 omnia
3255 4489 3475 4563 quidem

1880 4647 1931 4694 et
1961 4635 2336 4710 Demophilnm
2370 4644 2622 4710 recenset
2649 4651 2667 4686 :-
2708 4633 2881 4710 cujus,
2914 4640 3127 4710 utpote
3166 4629 3477 4710 Orientalis,

1881 4725 2042 4765 causa
2084 4703 2149 4762 ad
2182 4708 2491 4764 Orientales
2536 4720 2603 4760 ex
2662 4704 2926 4773 superiori
2985 4703 3323 4772 imperatoris
3346 4718 3482 4771 prac-

1881 4791 2038 4848 cepto
2070 4781 2393 4850 pertinebat.
2422 4778 2525 4834 Sed
2547 4789 2597 4850 et
2630 4778 2919 4832 concilium
2949 4791 3126 4850 rerum
3145 4790 3173 4828 a
3204 4790 3263 4829 se
3290 4782 3478 4850 gesta-

1883 4845 2001 4908 rum
2018 4845 2304 4908 certiorem
2331 4850 2527 4905 faciens
2550 4847 3305 4917 imperatorem,subseqnent_i
3321 4845 3481 4916 Frag-

1884 4932 2089 4987 mento,
2131 4938 2279 4977 num.
2322 4921 2379 4985 2,
2409 4920 2556 4974 solos
2602 4915 2903 4984 Valentem,
2937 4915 3239 4984 Ursacinm,
3265 4915 3481 4973 Germi-

1885 4996 2031 5050 nium
2059 5004 2113 5049 et
2139 4993 2329 5049 Gaium
2377 5002 2644 5046 memorat
2670 5007 2697 5044 a
2724 5005 2785 5046 se
2815 4992 3118 5044 damnatos.

1957 5065 2035 5137 (h)
2069 5066 2173 5121 Pro
2202 5065 2400 5134 duplici
2432 5063 2539 5137 S‘S.
2569 5063 2710 5137 quod
2743 5063 3083 5132 itttcrpetrari
3139 5059 3296 5137 liceat
3322 5075 3480 5126 supra

1879 5133 2078 5209 scripti,
2119 5133 2309 5211 graece
2339 5135 2480 5211 apud
2539 5136 2802 5191 Albanas.
2832 5143 3011 5190 exstat
3044 5133 3271 5189 verbum
3301 5152 3478 5211 προει-

1880 5212 2103 5287 ρημένῳ.
2148 5208 2400 5287 praedicti.

1952 5271 2015 5354 (i)
2047 5271 2199 5354 Quod
2244 5281 2509 5350 sequitur,
2551 5276 2831 5354 Nicotaus.
2856 5276 3029 5354 Faber
3058 5276 3264 5354 p_r_it_nus
3311 5273 3365 5328 in
3394 5271 3478 5329 lu-

1880 5346 2006 5408 cem
2052 5346 2269 5417 edidit,
2324 5346 2434 5405 non
2473 5351 2689 5421 quidem
2740 5365 2806 5405 ex
2836 5348 3023 5421 codice
3078 5346 3380 5421 Pithteauo,
3409 5362 3474 5421 ex

1884 5439 1991 5491 quo
2019 5423 2297 5490 superiora
2327 5419 2646 5493 Fragmenta
2671 5421 2831 5485 eruit,
2866 5420 2959 5493 sed
2993 5435 3057 5473 ex
3104 5419 3390 5493 Dervensi,
3421 5420 3471 5472 in

1882 5490 1991 5566 quo
2018 5494 2247 5552 habetur
2266 5490 2680 5565 posteiemplar
2708 5493 2829 5566 tidei
2863 5491 3117 5566 Nicajnae,
3149 5497 3205 5545 et
3230 5490 3476 5566 proxime

1877 5559 2003 5623 ante
2032 5559 2346 5640 Symbolum
2399 5566 2459 5622 S.
2512 5559 2808 5640 Athanasio
2835 5562 3186 5640 adscriptum.
3230 5559 3301 5617 Ut
3327 5563 3474 5640 nullo

1875 5634 2248 5694 commodiore
2291 5638 2411 5694 loco
2463 5637 2639 5707 potuit
2684 5635 2776 5707 edi
2810 5676 2823 5701 ,
2856 5634 2950 5707 ita
2982 5637 3150 5707 etiam
3182 5650 3211 5686 a
3259 5635 3476 5689 caneris

1874 5708 2234 5779 Fragmentis,
2267 5726 2386 5780 quae
2431 5702 2625 5763 tioiueu
2682 5706 2864 5780 Hilarii
2900 5721 3008 5774 pra}
3038 5719 3097 5780 se
3130 5702 3328 5768 lerunt,
3358 5706 3468 5780 dis-

1876 5777 2047 5854 tingui
2088 5777 2583 5854 debuitgiQuocirca
2610 5778 2924 5854 appendieis
2956 5779 3186 5854 nomine
3203 5791 3344 5854 nunc
3367 5777 3468 5831 du-

1874 5847 2031 5910 natin-
2066 5873 2078 5909 :
2122 5868 2224 5925 qua
2275 5847 2493 5925 Nicacuo
2543 5850 2796 5909 traCtatui
2829 5857 3006 5906 utrum
3056 5847 3189 5904 nihil
3219 5848 3473 5917 addatur,

1872 5928 2101 6001 quisque
2134 5923 2349 5983 viderit.
