4062 6332
185 306 270 361 Ἰυί

1053 303 1145 360 EX
1187 301 1414 359 OPERE
1459 296 1821 357 lllSTOillCO
1858 298 2337 359 FBAGHENTUM
2381 300 2515 358 Vlll.

3351 299 3457 359 ’ἷθέ

183 420 568 494 perturbentur.
598 419 796 492 placuit
827 419 1073 481 instituta
1101 431 1289 479 vetera
1313 419 1392 495 (α)
1415 419 1754 479 rationabilia
1782 422 1837 483 Α
1860 419 2235 477 damnaverint
2285 421 2547 495 integram
2589 419 2751 479 ﬁdem
2791 434 2951 494 quam
2993 427 3151 477 antea
3201 417 3457 477 detenzlc-

180 513 388 575 servari.
406 511 487 569 Ad
516 512 885 568 instruendam
933 514 1093 585 igitur
1140 523 1289 575 tuam
1337 511 1755 571 clementiam...

180 607 357 680 quibus
406 606 510 667 hoc
552 605 727 677 ipsum
778 606 955 663 solum
989 607 1329 674 mandamus,
1358 615 1420 662 ιιι
1464 620 1568 662 nou
1601 604 1759 661 aliter

179 699 485 772 legationem
529 698 852 770 perferrent,
898 716 1058 771 quam
1090 708 1291 756 statuta
1338 708 1522 756 vetera
1546 711 1757 769 perma-

177 803 351 850 nerent
381 791 688 847 ﬁrmissima
716 809 730 846 :
760 802 817 846 ιιι
862 800 919 847 et
964 790 1226 863 sapientia
1259 801 1344 846 tua
1377 798 1752 861 cognosceret,

178 901 274 942 non
324 884 423 939 hoc
479 882 556 955 (ὁ)
613 883 756 954 quod
804 884 1161 954 promiserant
1208 882 1501 956 supradicti
1549 882 1750 938 Valens

176 978 330 1050 389
372 985 425 1031 et
473 974 726 1033 Ursacius
748 1017 765 1042 ,
803 975 1109 1033 Germiuius
1131 987 1183 1030 et
1207 974 1392 1035 Gaius.
1418 976 1461 1030 si
1486 974 1753 1031 sublatum

179 1071 369 1135 luiSset,
397 1084 581 1137 pacem
613 1084 770 1138 posse
813 1070 1093 1140 compleri.
1125 1069 1290 1141 Magis
1319 1069 1464 1124 enim
1517 1068 1754 1125 turbatio

175 1161 369 1219 cunctis
393 1161 702 1231 regionibus
722 1170 777 1217 et
802 1162 1050 1218 ecclesia:
1082 1163 1337 1217 Romana)
1378 1163 1620 1218 immissa
1648 1170 1750 1219 est.

235 1256 284 1310 3.
316 1252 669 1309 Constantium
698 1266 843 1327 rogat
874 1265 928 1313 ut
959 1256 1161 1311 decreta
1192 1273 1289 1311 sua
1341 1257 1581 1327 excipiat.
1624 1254 1754 1325 Epi-

170 1363 338 1416 scopos
367 1348 599 1403 Arimino
620 1347 863 1402 dimittat.
896 1379 967 1388 —
986 1348 1241 1419 Obquam
1274 1364 1390 1404 rem
1424 1358 1569 1403 tuam
1597 1362 1755 1420 roga-

170 1454 277 1495 mus
303 1438 673 1506 clementiam,
714 1449 770 1496 ut
797 1440 1026 1511 placidis
1052 1440 1273 1502 auribus
1296 1451 1350 1496 et
1380 1454 1576 1496 sereno
1604 1438 1752 1494 vultu

169 1531 438 1585 universos
480 1529 688 1598 legatos
743 1540 960 1593 nostros
1000 1541 1055 1588 et
1100 1532 1382 1602 respicias,
1433 1540 1487 1587 et
1526 1529 1749 1597 audias;

169 1639 291 1681 neve
321 1622 400 1698 (c)
431 1624 635 1695 aliquid
669 1627 946 1695 permittat
978 1625 1263 1685 clementia
1296 1633 1386 1681 tua
1418 1624 1613 1695 injuria
1658 1639 1754 1681 ve-

170 1727 327 1777 terum
371 1719 641 1784 convelli;
676 1717 769 1774 sed
819 1733 1041 1774 manere
1080 1735 1165 1786 ea,
1213 1735 1331 1790 quae
1377 1735 1406 1772 a
1454 1717 1750 1789 majoribus

1861 510 2012 579 baut,
2041 523 2095 569 et
2124 516 2461 583 susceperint
2491 515 2768 586 perﬁdiam
2806 528 2965 586 quam
2998 523 3121 569 ante
3162 510 3455 568 damnave-

1860 617 2005 663 runt.
2038 606 2152 664 lloc
2174 609 2245 664 ita
2273 625 2415 675 esse,
2446 626 2511 665 ex
2544 611 2803 680 subjectis
2830 608 3094 665 invenies.
3134 627 3153 661 ι

1856 765 2024 838 690
2059 781 2247 832 GESTA,
2281 783 2369 823 ost
2414 784 2777 827 PR£VARICATI
2823 785 2955 827 sum
2982 785 3219 827 EPISCOPI
3262 787 3455 827 LEGATI

2260 878 2293 918 Α
2345 848 2652 919 ι-ἰιιιιίνειιιι
2682 907 2696 929 ,
2756 880 3037 921 laetemur.

2291 977 2411 1049 (An.
2443 978 2574 1044 359,
2600 979 2683 1032 die
2707 977 2772 1033 to
2798 978 2987 1049 oclob.)

2019 1131 2263 1204 (Eusebio
2293 1143 2339 1189 ct
2366 1133 2550 1208 Ypatio
2574 1152 2739 1189 conss.
2774 1150 2827 1190 v1
2852 1136 2968 1191 idus
2999 1137 3266 1208 Octobris.)

1928 1249 1982 1303 5.
2022 1249 2242 1303 Arimini
2281 1252 2482 1305 decreta
2528 1260 2953 1305 exauctorantur.
2980 1282 3053 1292 —-
3078 1253 3212 1306 Cum
3260 1266 3456 1307 consc-

1854 1339 2059 1396 dissent
2082 1342 2323 1413 episcnpi
2348 1343 2645 1401 mansiOnis
2671 1343 2734 1415 (Ῑ.
2766 1343 3065 1411 mansioni)
3094 1343 3307 1409 Nicone,
3333 1360 3455 1416 qua:

1853 1424 2084 1492 antehac
2124 1436 2381 1493 Ustodizo
2431 1438 2747 1500 vocabatur,
2797 1438 2850 1493 iu
2888 1437 3163 1509 prmiucia
3202 1437 3451 1505 Thracia,

1854 1528 2174 1597 llestitutus,
2220 1528 2549 1601 Gregorius,
2614 1530 2959 1598 Honoratus,
3005 1530 3102 1602 (ί)
3162 1530 3452 1596 Athenius,

1852 1621 2053 1692 lgiuus,
2087 1621 2346 1687 Justinus,
2384 1623 2619 1687 Priscus,
2650 1624 2882 1687 Primus,
2918 1624 3205 1690 Taurinos,
3231 1625 3450 1689 Lucius,

1852 1718 2163 1781 Mustacius,
2212 1716 2484 1783 Urbanus,
2537 1716 2865 1782 Honoratus,
2912 1716 3165 1783 Solutor;
3212 1716 3454 1773 Restitu-

165 1812 351 1867 nostris
385 1815 718 1885 accepimus,
741 1828 877 1883 quos
909 1814 1075 1869 fuisse
1101 1824 1154 1869 et
1181 1813 1471 1884 prudentes
1492 1855 1508 1879 ,
1540 1824 1594 1868 et
1631 1814 1749 1870 siue
1776 1821 1824 1887 Β
1856 1821 1939 1867 tus
1965 1812 2254 1883 episcopus
2280 1810 2619 1880 Carthaginis
2649 1809 2781 1864 dixit
2812 1828 2823 1862 :
2862 1828 2881 1863 ι
2907 1809 3317 1878 Scitprndentia
3335 1824 3457 1864 ves-

164 1906 352 1980 Spiritu
393 1916 585 1964 sancto
619 1909 710 1965 Dei
745 1925 859 1965 non
885 1910 1063 1980 egisse
1091 1910 1413 1967 confidimus
1445 1926 1460 1964 :
1491 1910 1616 1980 quia
1642 1907 1748 1964 ista

164 2002 388 2056 novitate
420 2017 528 2057 non
567 2000 745 2057 solum
788 2002 979 2058 ﬁdeles
1026 2002 1210 2071 populi
1254 2002 1554 2073 perturbati
1599 2009 1743 2066 sunt,

160 2106 332 2153 verum
377 2095 542 2153 etiam
576 2094 826 2151 inﬁdeles
855 2096 922 2153 ad
957 2096 1334 2152 credulitatem
1378 2104 1626 2150 vetantur
1656 2110 1743 2150 ac-

159 2185 362 2244 cedere.
405 2188 634 2245 Oramus
674 2187 861 2254 etiam,
892 2198 952 2244 ut
998 2188 1279 2258 praecipias
1312 2196 1391 2244 tot
1428 2188 1734 2259 episcopos,

159 2279 237 2350 qui
269 2279 516 2335 Arimino
536 2278 870 2345 detinentur,
904 2280 1044 2335 inter
1073 2295 1210 2350 quos
1240 2281 1454 2349 plurimi
1484 2289 1607 2335 sunt
1643 2280 1737 2349 qui

159 2381 301 2429 celate
320 2382 381 2428 et
413 2380 725 2442 paupertate
746 2371 947 2429 defeeti
970 2381 1115 2439 sunt,
1138 2371 1205 2428 ad
1233 2388 1385 2427 suam
1412 2373 1744 2442 provinciam

156 2481 391 2526 remeare
420 2486 434 2522 :
469 2484 539 2524 ne
568 2470 811 2529 destituti
835 2469 950 2525 suis
979 2470 1249 2540 episcopis
1272 2467 1523 2523 laborent
1561 2468 1743 2539 populi

156 2563 516 2627 ecclesiarum.
560 2563 676 2621 Hoc
714 2565 881 2625 etiam
912 2563 1248 2635 frequentius
1288 2564 1622 2633 postulamus
1645 2604 1659 2627 ,
1690 2575 1746 2621 ut

157 2654 278 2713 nihil
309 2656 629 2721 instaretur,
657 2656 789 2709 nihil
822 2656 1125 2722 minuatur;
1150 2656 1245 2712 sed
1280 2665 1535 2711 maneant
1568 2656 1747 2711 incor-

155 2756 319 2817 rupta,
351 2763 475 2817 quae
512 2749 899 2821 (Constantini)
937 2749 1102 2821 patris
1143 2758 1345 2804 sanctae
1382 2749 1599 2819 pietatis
1641 2759 1745 2805 tuae

156 2840 482 2910 temporibus
506 2848 561 2896 et
600 2842 705 2895 tuis
746 2840 1014 2912 religiosis
1056 2842 1272 2896 saeculis
1308 2851 1742 2911 permanserunt.

153 2929 252 2987 Nec
288 2932 407 3002 jam
448 2947 547 2988 nos
585 2931 799 3005 fatigari
836 2941 931 2988 aut
961 2933 1189 2993 convelli
1233 2948 1264 2988 a
1294 2932 1516 2989 sedihus
1544 2934 1745 2989 nostris

153 3033 230 3080 tua
250 3035 441 3083 sancta
483 3025 765 3096 prudentia
792 3029 1068 3096 permittat
1100 3043 1114 3082 :
1149 3027 1245 3083 sed
1274 3026 1444 3097 quieti
1471 3027 1559 3099 (ea:
1578 3044 1744 3099 grwco

149 3119 302 3186 adde,
360 3135 488 3174 cum
537 3122 755 3191 populis
809 3121 921 3176 suis
965 3123 1237 3193 episcOpi)
1288 3130 1482 3177 vacent
1529 3137 1745 3191 semper

1851 1914 1960 1973 tra,
1991 1904 2409 1960 consacerdotes
2438 1902 2789 1967 sanctissimi,
2830 1903 2971 1975 quod
3000 1918 3119 1959 cum
3159 1902 3298 1972 apud
3335 1901 3455 1959 Ari-

1848 1999 2051 2053 minum
2105 1997 2173 2053 de
2221 1996 2325 2052 ﬁde
2378 2004 2639 2051 tractatus
2690 1997 3001 2061 haberetur,
3052 1994 3331 2051 contentio
3376 1997 3455 2053 sic

1848 2090 2130 2146 di~sidium
2159 2089 2381 2151 fecerat,
2405 2100 2465 2143 ut
2488 2089 2555 2144 de
2588 2087 2959 2144 sacerdotibus
2984 2088 3098 2155 Dei,
3127 2089 3453 2143 immitleute

1848 2183 2061 2238 diabolo
2084 2224 2098 2247 ,
2130 2182 2399 2239 discordia
2425 2181 2605 2248 ﬁeret;
2633 2190 2791 2251 atque
2812 2180 3004 2236 exinde
3029 2181 3222 2236 factum
3254 2180 3449 2250 fuerit,

1849 2285 1908 2333 ut
1936 2276 1987 2332 in
2013 2274 2205 2331 fratres
2230 2285 2441 2331 nostros
2464 2274 2542 2349 (g)
2567 2290 2664 2344 ego
2691 2273 2987 2329 Restitutus
3014 2284 3069 2329 et
3097 2288 3217 2344 pars
3243 2273 3453 2344 episco-

1850 2385 2039 2441 poi‘ntn
2084 2384 2204 2440 quae
2235 2372 2594 2441 sequebatur,
2623 2367 2899 2425 Ursacium
2925 2412 2937 2433 ,
2970 2368 3241 2423 Valentem
3264 2410 3278 2433 ,
3319 2367 3453 2425 Ger-

1846 2463 2069 2518 minium
2095 2474 2148 2518 et
2171 2461 2360 2518 Gaium
2394 2462 2546 2534 quasi
2576 2463 2628 2516 in
2656 2470 2906 2517 auctores
2943 2461 3068 2516 mali
3114 2461 3448 2528 intellectus,

1847 2556 2168 2612 sententiam
2201 2568 2592 2626 promeremus,
2626 2553 2677 2608 id
2711 2564 2813 2618 est,
2844 2562 2901 2607 ιιι
2932 2569 2961 2609 a
2989 2562 3171 2608 nOstra
3210 2567 3453 2608 commu-

1850 2649 2008 2707 nione
2038 2656 2470 2721 st-gregarentur.

1921 2742 1974 2798 6.
2028 2743 2131 2798 Sed
2177 2743 2301 2813 quia
2350 2747 2410 2821 in
2456 2742 2701 2797 cominus
2730 2741 2887 2813 positi
2926 2742 3169 2796 universa
3202 2740 3455 2797 tractavi-

1847 2857 1990 2908 mus,
2028 2849 2083 2895 et
2120 2842 2370 2896 universa
2410 2839 2796 2905 discussimus,
2836 2839 3251 2909 invenimusque
3302 2837 3449 2908 quod

1848 2933 1980 2989 nulli
2014 2932 2300 3001 displicere
2330 2932 2545 2997 debeat,
2579 2931 2628 2984 id
2665 2940 2766 2995 est,
2800 2928 2963 2985 ﬁdem
3007 2930 3060 2983 in
3093 2930 3178 2983 his
3219 2930 3450 2984 catholi-

1847 3043 1965 3084 cam
1992 3026 2139 3096 juxta
2175 3026 2566 3096 professionem
2594 3038 2771 3088 suam,
2796 3022 2883 3078 cui
2904 3032 2960 3077 et
2991 3038 3087 3076 nos
3120 3022 3447 3094 subscripsi-

1849 3139 1968 3178 mus
2012 3137 2223 3186 omnes,
2274 3134 2449 3190 neque
2504 3134 2753 3188 umquam
2808 3117 3096 3171 luereticos
3147 3102 3356 3170 fuisse:
3397 3122 3454 3172 et

149 3207 621 3274 postulationibus,
653 3223 786 3279 quas
835 3206 1037 3265 habent
1077 3223 1293 3276 semper
1335 3217 1389 3263 et
1429 3222 1530 3279 pro
1569 3209 1744 3264 salute
1770 3213 1815 3275 C
1850 3215 1971 3270 ideo
1988 3214 2109 3285 quia
2130 3214 2278 3285 pacis
2306 3211 2597 3267 concordia
2621 3210 2760 3280 apud
2783 3211 2947 3264 Deum
2973 3226 3061 3263 res
3084 3219 3162 3263 est
3190 3208 3444 3274 maxima,

146 3307 251 3366 tua,
282 3311 336 3357 et
357 3318 461 3373 pro
485 3319 652 3371 regno
677 3311 791 3369 tuo,
821 3313 877 3358 et
903 3318 1001 3373 pro
1024 3318 1155 3373 pace
1184 3318 1342 3373 quam
1370 3303 1461 3358 tibi
1492 3303 1744 3358 divinitas

148 3406 243 3459 pro
263 3395 478 3450 meritis
508 3395 615 3451 tuis
645 3395 971 3465 profundam
1015 3403 1071 3450 et
1108 3406 1420 3465 perpetuam
1462 3396 1739 3464 largiatur.

144 3482 319 3558 Legati
384 3496 566 3542 autem
624 3489 794 3542 nostri
844 3497 898 3543 et
944 3487 1374 3556 subscriptiones
1424 3497 1475 3543 et
1528 3489 1743 3544 nomina

143 3577 514 3648 episcoporum
548 3579 634 3635 vel
676 3579 977 3652 legatorum
1007 3580 1305 3651 perferent,
1331 3578 1409 3652 (τι)
1439 3582 1575 3635 sicut
1603 3581 1741 3641 idem

142 3668 236 3722 alia
279 3671 553 3737 scriptura
595 3670 815 3735 instruit
845 3680 991 3728 tuam
1034 3680 1276 3729 sanctam
1323 3672 1743 3743 religiosamque

143 3762 502 3829 prudentiam.

198 3856 252 3911 4.
281 3854 601 3928 Legatorum
630 3866 792 3928 gesta.
816 3888 888 3898 -—
920 3875 939 3910 ι
971 3858 1103 3913 Cum
1138 3858 1237 3913 hac
1267 3860 1493 3925 epistola
1518 3860 1742 3933 integrae

143 3946 257 4002 ﬁdei
281 3949 698 4007 subseribentes
718 3951 959 4021 episcopi
982 3952 1240 4017 catholici
1269 3954 1534 4009 miserunt
1548 3953 1738 4013 decem

136 4037 337 4111 legatos
364 4041 439 4099 ad
468 4043 870 4107 imperatorem.
904 4044 1265 4102 Nihilominus
1295 4056 1351 4103 et
1400 4063 1523 4115 pars
1562 4048 1737 4105 haere-

137 4132 352 4190 ticorum
392 4136 539 4191 misit
561 4152 628 4192 ex
654 4152 756 4193 suo
780 4153 1011 4210 corpore
1038 4137 1228 4194 decem
1260 4139 1335 4212 (ε)
1368 4140 1596 4211 legatos.
1631 4142 1734 4209 Qui

136 4225 215 4281 ubi
247 4236 521 4283 venerunt
551 4229 621 4284 ad
652 4230 1063 4300 imperatorem,
1096 4235 1333 4304 suscepti
1375 4242 1538 4302 sunt;
1575 4235 1647 4291 ita
1677 4243 1737 4292 ut

133 4318 289 4392 legati
313 4323 719 4394 catholicorum
766 4340 872 4380 non
910 4328 1341 4397 susciperentur,
1369 4340 1533 4400 atque
1572 4330 1734 4402 longa

132 4414 395 4476 dilatione
440 4418 666 4491 fatigati,
726 4430 783 4477 et
831 4421 994 4476 minis
1041 4419 1388 4493 imperatoris
1432 4426 1731 4495 perterriti,

194 4549 271 4621 (η)
294 4551 452 4607 Hunc
482 4552 661 4626 locum
709 4553 956 4610 Valesius
982 4556 1145 4626 graeci
1183 4556 1454 4613 sermonis
1496 4557 1739 4616 subsidio
1768 4564 1817 4626 Ι)

130 4621 202 4676 sic
228 4634 504 4681 restanrat
537 4641 550 4679 :
603 4625 740 4681 Rata
764 4637 917 4693 atque
961 4621 1277 4682 inviolabilia
1305 4629 1516 4683 seruari.
1545 4629 1629 4683 Ad
1660 4633 1740 4686 in-

129 4695 617 4772 struendamjgittu;
653 4697 978 4757 clementiam
1003 4708 1147 4753 utam
1188 4702 1382 4772 legatos
1410 4712 1615 4756 nostros
1660 4704 1740 4761 di-

130 4768 377 4837 reximus,
402 4766 619 4823 Co'ncilii
665 4772 967 4824 sententiam
1009 4788 1097 4837 per
1141 4766 1338 4825 litléras
1360 4784 1563 4828 nostras
1601 4791 1737 4829 nun-

127 4835 363 4911 tiaturos.
386 4838 585 4905 Quibus
604 4842 700 4894 hoc
724 4843 895 4910 ipsum
924 4835 1091 4896 solum
1113 4842 1492 4911 mandavimus,
1518 4854 1622 4900 etc.

197 4907 274 4983 (ζ’)
306 4908 529 4981 Supple,
580 4915 718 4983 quod
746 4907 782 4965 u
811 4914 1062 4967 veteribus
1111 4924 1361 4968 statutum
1406 4907 1495 4970 est;
1530 4917 1735 4974 Deinde

127 4980 287 5037 verba
317 4980 458 5053 quod
507 4980 866 5053 promiserant,
905 4983 1080 5041 Graeci
1129 4998 1344 5042 vertere
1395 4988 1574 5067 ὥσπερ
1618 4988 1737 5065 ἔφη·

124 5070 238 5107 σαν.
1746 5090 1749 5093 .

165 5121 268 5205 ⁸(ις)
292 5123 378 5205 E_x
408 5142 510 5181 ms.
539 5125 702 5182 Sirm.
735 5142 1052 5205 revocamus
1080 5128 1277 5195 aliquid
1304 5129 1482 5201 :quod
1507 5146 1638 5205 cum
1673 5133 1727 5190 in

125 5190 267 5272 f'it'h'.
312 5194 557 5261 deesset,
598 5207 780 5272 postea
822 5198 1014 5269 Faber,
1048 5211 1101 5254 ut
1132 5190 1373 5263 sensutn'
1399 5203 1723 5272 perliceret,

117 5265 241 5343 jura
264 5265 646 5343 uetermposuit
671 5286 765 5334 pro
794 5265 1237 5343 injuria'veterum
1263 5290 1281 5327 :
1306 5265 1408 5329 ubi
1427 5273 1605 5331 Graeci
1633 5265 1725 5330 ha;

124 5339 247 5391 bent
277 5341 418 5444 πρὸς
439 5340 589 5419 ὕϐριν
612 5350 712 5397 τῶν
738 5339 1188 5403 τετέλευτηκότων.

188 5408 269 5444 [Αἱ
300 5413 316 5444 l
346 5426 411 5444 -η
445 5413 542 5444 In...
573 5414 806 5444 nlmm..l..
840 5429 1017 5444 ηυηυιι.
1050 5418 1186 5444 λιιι.-

160 5408 269 5496 ⁸(ιζ)
299 5408 411 5496 1⁵ςο
444 5408 542 5496 iure
572 5414 807 5469 clausula
839 5429 1018 5485 graece
1050 5418 1372 5496 habeturto't’
1396 5439 1531 5481 τινες
1559 5423 1647 5475 καὶ
1671 5421 1727 5487 ἐξ

312 5489 422 5562 ’ζῶ-ί
445 5485 588 5540 θείων
612 5493 818 5562 γραφῶν
838 5492 930 5547 τὴν
956 5493 1051 5548 σήν
1074 5487 1435 5555 ἁναδιδὰξουσι
1464 5485 1721 5552 aestimat;

187 5550 263 5623 (ε)
308 5553 422 5634 sed
458 5573 523 5634 ea:
554 5550 698 5634 parte
724 5550 1056 5634 'nostrorum,
1102 5563 1266 5629 inquit
1299 5550 1628 5634 'Snlpicius,
1653 5563 1728 5618 le-

116 5636 313 5702 guntur
340 5626 599 5702 homines
624 5628 1004 5702 adolescentes,
1033 5626 1215 5702 parum
1256 5626 1429 5694 docti:
1460 5647 1506 5688 et
1546 5652 1726 5702 parum

116 5696 255 5779 cauti
281 5712 301 5749 :
328 5697 397 5751 ab
422 5697 629 5754 Arionis
651 5711 821 5779 autem
859 5700 1009 5779 missi.
1029 5696 1193 5779 senes,
1216 5706 1393 5779 callidi
1432 5717 1477 5762 et
1519 5696 1727 5779 ingenjq

114 5767 371 5854 uolentes,
397 5782 597 5854 ueterno
624 5774 857 5842 perﬁdia:
884 5772 1092 5847 imbuti,L
1109 5777 1194 5848 qui
1219 5776 1358 5849 apud
1379 5795 1551 5854 regem
1571 5767 1727 5852 facile

111 5844 411 5907 superiores
438 5844 756 5902 exstiterunt.

1847 3308 2046 3379 placuit
2071 3306 2151 3382 (It)
2181 3318 2238 3361 ut
2267 3305 2539 3361 communi
2566 3319 2839 3359 consensu
2883 3312 3069 3365 nostro
3097 3301 3297 3369 omnia,
3331 3314 3452 3371 quae

1846 3402 1989 3471 apud
2016 3401 2320 3456 Ariminum
2366 3409 2589 3453 tractata
2623 3406 2770 3462 sunt,
2818 3398 2868 3450 in
2919 3398 3131 3450 irritum
3171 3394 3449 3451 deducan-

1847 3507 1951 3561 tur,
1986 3510 2041 3553 et
2067 3497 2377 3553 communio
2406 3511 2620 3562 eorum,
2654 3496 2765 3551 Deo
2797 3495 3038 3558 favente,
3082 3495 3285 3562 integra
3317 3508 3452 3546 con-

1849 3592 2078 3656 veniret,
2123 3606 2297 3661 neque
2344 3591 2628 3662 quisquam
2674 3589 2725 3641 in
2769 3586 3054 3641 dissidium
3087 3584 3162 3658 (iu
3202 3582 3450 3655 dissidiu)

1849 3695 2147 3748 remaneat,
2178 3681 2447 3753 quodeos
2478 3691 2571 3737 aut
2600 3680 2872 3737 maculare
2904 3680 3074 3747 possit
3111 3684 3208 3732 aut
3233 3677 3448 3732 debeat.

1848 3777 1916 3832 Et
1945 3776 2085 3840 ideo,
2118 3783 2181 3830 ιιι
2217 3776 2351 3843 dixi,
2395 3774 2515 3845 quia
2559 3783 2856 3845 praesentes
2893 3787 3115 3837 sumus,
3159 3771 3451 3840 unusquis-

1845 3886 1951 3942 que
1977 3868 2139 3925 debet
2168 3869 2348 3925 dicere
2377 3886 2442 3922 an
2473 3868 2673 3924 dictum
2705 3868 2770 3939 (f.
2796 3866 3027 3936 rectum)
3054 3865 3121 3920 sit
3153 3863 3293 3933 quod
3328 3879 3451 3931 pro-

1846 3970 2064 4018 secutus
2098 3978 2253 4030 sum,
2284 3970 2340 4016 et
2387 3977 2551 4016 manu
2598 3976 2690 4014 sua
2724 3959 3088 4014 subscribere.
3124 3959 3205 4011 Ab
3236 3956 3450 4011 univer-

1840 4055 1918 4111 sis
1941 4055 2212 4124 episcopis
2234 4054 2436 4109 dictum
2464 4062 2567 4119 est,
2595 4053 2808 4115 Placet,
2842 4064 2893 4105 et
2917 4050 3374 4119 subscripserunt.

1915 4146 1968 4201 7.
2012 4162 2032 4200 ι
2082 4146 2213 4216 Quae
2257 4148 2329 4203 sit
2373 4154 2552 4200 autem
2609 4145 2730 4199 ﬁdei
2778 4144 3068 4208 confessio,
3124 4144 3209 4197 cui
3262 4152 3447 4212 postea

1840 4239 2298 4308 subscripserunt,
2324 4255 2487 4311 quam
2528 4239 2688 4294 etiam
2726 4237 2923 4297 Valens
2949 4251 3133 4292 secum
3163 4236 3217 4289 in
3248 4234 3449 4290 Arimi-

1843 4351 1970 4390 num
2000 4335 2260 4407 pertulit,
2298 4334 2460 4406 (1)ex
2495 4334 2635 4390 infra
2676 4335 2883 4405 scripto
2924 4346 3308 4406 recognosces.
3346 4331 3451 4387 Ex-

1843 4426 2017 4500 plicit.
2061 4448 2080 4482 s

1915 4560 1987 4634 (f)
2013 4560 2073 4617 in
2106 4577 2210 4618 ms.
2256 4560 2451 4629 Siron,
2489 4560 2820 4630 Arthemius;
2868 4561 2920 4616 in
2964 4561 3127 4621 Pitb.,
3175 4560 3444 4620 Athenius.

1840 4630 1975 4687 Cum
2013 4635 2100 4688 hic
2137 4646 2371 4701 quatuor
2400 4650 2557 4701 supra
2600 4635 2788 4689 decem
2832 4635 3070 4704 episeopi
3115 4648 3445 4688 recenseati-

1843 4715 1950 4768 tttr,
1978 4710 2232 4774 opinatur
2255 4723 2305 4761 ν.
2340 4722 2389 4759 c.
2426 4706 2751 4763 Godcfridus
2784 4706 3069 4769 llermant,
3098 4706 3299 4775 primas
3325 4704 3442 4759 Ari-

1841 4779 2105 4833 minensis
2145 4778 2339 4848 synodi
2379 4778 2589 4833 litteras
2630 4794 2659 4831 a
2709 4779 2896 4834 decem
2932 4779 3140 4843 legatis,
3177 4776 3446 4832 secundas

1839 4862 2021 4911 autem
2051 4865 2081 4904 a
2111 4862 2344 4918 quatuor
2369 4850 2491 4904 aliis
2515 4850 2583 4904 ad
2610 4851 2990 4903 Constantium
3019 4850 3183 4903 fuisse
3211 4848 3443 4917 delatis,

1837 4936 2041 4991 eosque
2067 4922 2232 4977 simul
2250 4921 2509 4988 Nicaeam,
2545 4937 2644 4976 seu
2663 4933 2720 4975 ut
2746 4922 2839 4976 alii
2864 4931 3084 4987 vocant,
3112 4920 3279 4977 Nicen
3312 4936 3442 4976 con-

1837 5006 2072 5047 VCDISSG.

1911 5065 1987 5136 (g)
2017 5065 2233 5120 Phrasis
2263 5063 2377 5120 haec
2411 5064 2649 5120 nonnihil
2679 5064 2958 5129 iutricata,
2988 5065 3061 5122 ita
3105 5063 3443 5134 perspicuior

1837 5133 1970 5209 ﬁet:
1996 5146 2055 5189 ut
2079 5154 2170 5208 ego
2202 5136 2484 5191 Restitutus
2511 5148 2555 5190 et
2576 5139 2944 5209 episcoporum
2980 5133 3236 5205 parsqmv
3263 5150 3437 5201 seque-

1837 5207 2007 5280 batur,
2036 5209 2087 5280 in
2116 5216 2308 5280 fratres
2336 5219 2536 5263 nostros
2564 5207 2855 5274 Ursacinm,
2891 5208 3183 5272 Valentem,
3213 5218 3318 5280 etc.

1910 5279 1988 5350 (It)
2018 5279 2096 5352 Ea
2120 5279 2178 5333 iu
2214 5295 2273 5333 re
2312 5282 2531 5334 tniuime
2567 5282 2910 5349 riet'feceruut
2939 5281 3128 5352 synodi
3160 5279 3438 5344 mandata,

1834 5366 1976 5420 qum,
2009 5350 2251 5418 Sulpicio
2294 5362 2450 5416 teste,
2480 5354 2729 5407 cnusulto
2755 5353 2877 5408 data
2918 5350 2998 5407 eis
3028 5358 3202 5409 erant,
3233 5366 3296 5402 ne
3335 5364 3439 5417 quo

1833 5424 1985 5477 modo
2007 5440 2123 5477 cum
2157 5424 2362 5479 Arionis
2386 5426 2793 5480 communionem
2813 5426 3023 5489 inirent,
3051 5422 3324 5485 omniaque
3352 5424 3439 5475 in-

1835 5503 1976 5565 tegra
2004 5496 2202 5565 synodo
2226 5506 2563 5553 reservat-ent.

1903 5568 1975 5640 (ὅ)
2000 5560 2193 5640 Fidem
2222 5568 2291 5621 ab
2316 5566 2542 5640 Ursacio
2570 5576 2637 5624 et.
2664 5560 2903 5622 Valent!
2921 5564 3150 5640 Arinuini
3186 5564 3436 5640 proposi-

1836 5636 1965 5702 tam,
1995 5651 2047 5693 et
2072 5639 2256 5693 statim
2286 5654 2406 5694 cum
2435 5639 2661 5694 horrore
2695 5641 2958 5703 reiectam
2987 5637 3053 5692 ab
3090 5636 3435 5702 orthodoxis,

1832 5725 1897 5766 ac
1925 5711 2162 5767 tamdem
2196 5711 2390 5766 Nica'a:
2421 5726 2450 5764 a
2484 5712 2675 5780 legatis
2696 5710 3080 5780 subscriptam,
3109 5709 3317 5780 videtur
3349 5707 3437 5764 hic

1840 5781 2081 5837 Hilarius
2105 5784 2370 5863 polliceri.
2402 5783 2510 5838 Nisi
2537 5776 2682 5839 forte
2706 5776 2939 5853 sequens
2967 5786 3238 5863 duuupitat
3270 5776 3434 5863 Frag:

1838 5863 2079 5913 mentum
2107 5851 2360 5922 indicet,
2407 5871 2475 5912 ex
2536 5869 2650 5927 quo
2689 5851 2853 5928 ouant
2896 5870 3057 5924 prava
3104 5852 3265 5912 fuerit
3311 5851 3435 5922 tidefi
