4062 6332
685 296 792 354 705

824 413 987 489 σοι
1016 412 1494 472 FRAGMENTUM
1534 415 1605 473 IX
1633 416 1801 489 (Alias
1822 433 1859 472 ιι
1889 418 2097 490 partis).

687 565 883 608 Iucmr
924 566 1211 608 exurunt
1268 549 1344 625 (α)
1397 568 1540 608 FIDEI
1600 551 1680 625 (b)
1722 567 1988 609 erts'rou:
2024 566 2193 608 IISS£
2219 568 2287 608 Αι)

781 659 1153 702 οοκετλιιτιυιι
1177 662 1556 703 IIPBMTORBII
1587 665 1617 703 Α
1640 663 1879 705 ρειιιηυιε
1908 661 2195 705 ειιιείοοιιιε.

1200 759 1324 831 (Αη.
1356 761 1462 817 559
1486 761 1746 834 exeunte.)

686 879 918 937 Domino
968 880 1165 937 merito
1210 881 1625 952 gloriosissimo,
1676 882 2128 939 victoriosissimo
2178 884 2288 938 Au-

757 982 916 1046 gusto
941 972 1260 1029 Constantio
1288 974 1528 1046 synodus
1552 973 1622 1049 (c)
1653 974 2011 1030 Ariminensis
2039 975 2291 1031 Orienta-

757 1065 900 1121 libus
927 1067 1284 1123 consentiens
1307 1068 1386 1127 (id
1414 1078 1486 1121 est
1522 1066 1601 1138 (ιι)
1634 1066 1685 1121 Μ
1694 1067 1947 1141 igdonius,
1984 1066 2249 1143 Megasius
2271 1109 2285 1134 ,

770 1157 981 1226 Valens,
1018 1157 1321 1228 Epitectus,
1371 1169 1418 1213 et
1464 1160 1637 1215 exteri
1672 1160 1761 1231 qui
1800 1160 1982 1215 hieresi
2017 1176 2292 1216 consense-

761 1251 927 1323 runt).

760 1348 812 1402 l.
839 1347 1153 1404 Substantia:
1180 1363 1363 1402 nomen
1402 1348 1662 1412 reiiciunt.
1686 1377 1757 1389 —-
1801 1346 2063 1409 lllustrati
2122 1349 2291 1421 pieta-

688 1439 757 1493 tis
790 1448 893 1494 tuzc
921 1439 1160 1512 scriptis,
1185 1442 1446 1495 maximas
1477 1441 1587 1495 Dt‘O
1617 1440 1899 1497 retulimus
1923 1452 1977 1497 et
2000 1442 2290 1499 referimus

687 1535 910 1605 gratias.
941 1534 1080 1605 quod
1110 1550 1208 1589 nos
1237 1536 1503 1602 beaveris,
1538 1536 1791 1590 intimans
1820 1537 1977 1591 nobis
2013 1537 2101 1591 illa
2121 1578 2136 1603 ,
2169 1553 2288 1607 qua:

688 1642 813 1684 cum
844 1627 1187 1685 discursione
1219 1630 1431 1700 pietatis
1464 1639 1571 1685 tua:
1612 1630 1790 1686 facere
1834 1630 2186 1697 deberemus,
2222 1649 2290 1690 ne

691 1722 815 1793 quis
842 1722 970 1777 usia:
1002 1721 1087 1777 vel
1130 1722 1382 1777 Itoniousii
1416 1723 1633 1778 nomina
1679 1724 1935 1779 Ecclesiae.
1982 1725 2074 1780 Dei
2106 1725 2284 1796 ignota

1839 296 2081 355 SANCTI
2133 294 2388 353 lllLARll
2435 295 2741 357 EPISCOPI
3816 311 3892 367 illi

2306 418 2349 476 Α
2449 416 2503 471 2.
2540 418 2770 472 Arimino
2799 418 2989 473 dimitti
3005 427 3211 491 regant.
3269 446 3341 461 —-
3387 418 3533 476 Unde
3555 433 3747 478 oramus
3770 426 3898 496 pieta-

2391 518 2499 567 tem
2531 519 2696 577 tuam,
2722 511 2979 582 quoniam
3010 512 3060 566 in
3085 525 3151 567 eo
3178 510 3300 567 loco
3323 511 3411 567 ubi
3436 512 3658 584 synodus
3678 526 3799 586 gesta
3820 529 3896 585 est,

2392 605 2535 661 unde
2565 620 2884 675 responsum
2911 621 3007 676 per
3036 615 3251 660 nostros
3282 606 3484 677 legatos
3510 606 3751 674 dedimus,
3770 611 3901 668 adhuc

2390 698 2718 759 detinentur,
2768 697 2932 771 692
2968 697 3153 767 jubeat
3200 711 3317 761 nos,
3366 697 3457 766 qui
3508 700 3741 769 inti-gram
3776 704 3832 772 (f)
3863 704 3900 757 in

2391 789 2760 845 Orientalibus
2796 792 3097 845 doctrinam
3139 791 3455 856 retinetnns,
3498 790 3603 860 jam
3646 791 3705 846 ad
3742 804 3903 851 nostras

2393 885 2579 955 plebes
2609 883 2807 937 dimitti
2836 902 2847 937 :
2883 893 2942 938 ut
2968 900 3032 939 cx
3061 882 3163 937 hac
3206 890 3358 951 parte
3387 894 3667 954 appareant
3696 894 3902 941 amatores

2393 978 2655 1042 veritatis,
2688 977 2777 1047 qui
2811 977 2919 1032 Deo
2950 991 3056 1031 non
3083 985 3289 1030 mutant
3320 991 3544 1041 nomen;
3575 991 3666 1032 nec
3702 993 3804 1033 cum
3831 982 3901 1045 eis,

2392 1072 2481 1142 qui
2514 1086 2764 1141 perversa
2807 1070 3053 1125 doctrina
3101 1069 3285 1124 infecti
3335 1080 3476 1131 sunt,
3522 1069 3707 1125 diutius
3734 1087 3813 1125 nos
3843 1077 3902 1142 qui

2392 1165 2676 1218 veritatem
2705 1162 3026 1219 catholicam
3054 1173 3297 1217 tenemus
3321 1161 3669 1218 detineamur.
3698 1161 3905 1218 Undena-

2397 1272 2561 1328 pcnse
2597 1272 2837 1321 oramus,
2888 1257 3130 1321 domine,
3180 1256 3435 1325 pietatem
3476 1266 3615 1309 tuam
3651 1266 3761 1311 ante
3788 1258 3903 1311 Deum

2394 1359 2602 1422 patrem
2628 1361 2680 1405 et
2715 1350 2996 1403 Dominum
3020 1348 3205 1405 Jesum
3232 1348 3506 1403 Christum
3538 1349 3691 1403 Deum
3713 1358 3759 1405 et
3777 1350 3848 1404 Dei
3868 1350 3907 1404 ft-

2396 1443 2545 1507 lium,
2584 1444 2745 1497 facias
2777 1457 2898 1509 nos,
2939 1443 3028 1514 qui
3070 1442 3492 1511 subscripsimus
3521 1457 3657 1496 same
3685 1442 3903 1507 doctrinae,

2391 1539 2710 1593 recedentes
2741 1538 2809 1593 ab
2836 1539 2963 1592 usue
2997 1539 3237 1602 nomine,
3272 1547 3324 1592 te
3368 1537 3679 1607 imperante,
3705 1549 3747 1592 et
3770 1537 3903 1607 iubeas

2394 1647 2492 1688 nos
2522 1634 2588 1688 ad
2630 1643 2844 1687 nostras
2891 1631 3077 1702 plebes
3114 1632 3347 1697 dimitti;
3383 1640 3439 1685 ut
3485 1632 3685 1687 lmtetur
3713 1633 3904 1697 Ecclesia,

2390 1741 2509 1798 quae
2542 1724 2830 1780 immutare
2861 1725 3075 1778 nomina
3106 1725 3200 1780 Dei
3230 1733 3285 1779 et
3318 1724 3411 1779 lilii
3457 1724 3575 1794 ejus
3603 1715 3905 1780 non‘adminit

685 1813 981 1884 aliquando
1011 1816 1280 1881 nominet,
1310 1815 1458 1888 quod
1484 1818 1799 1872 scandalum
1822 1820 1960 1875 inter
1985 1818 2176 1875 fratres
2207 1820 2275 1875 fa.
2318 1820 2363 1880 Β
2391 1819 2443 1873 in
2474 1827 2666 1883 totum,
2693 1819 2919 1887 imperio
2952 1827 3055 1873 tua:
3079 1819 3292 1873 virtutis
3319 1825 3374 1872 et
3401 1818 3589 1888 gloria:
3613 1839 3624 1872 :
3648 1820 3722 1873 cui
3751 1829 3899 1874 tantum

685 1922 811 1965 cere
843 1910 1011 1974 Solet;
1045 1910 1335 1982 plurimum
1365 1911 1621 1982 gratulati
1659 1928 1868 1974 Sumus.
1897 1914 2020 1983 quia
2049 1914 2103 1970 id
2144 1916 2285 1986 quod

685 2002 1005 2059 tenebamus
1041 1988 1473 2075 recognovimus.
1504 2006 1547 2061 Ο
1581 2021 1680 2061 nos
1724 2006 1932 2073 beatos,
1962 2009 2158 2079 quibus
2197 2024 2287 2065 oc-

684 2098 854 2152 currit
888 2105 1035 2152 tanta
1073 2097 1325 2165 felicitas,
1368 2108 1423 2153 ut
1467 2100 1775 2169 cognitione
1817 2109 1921 2156 tua:
1964 2100 2177 2172 pietatis
2210 2099 2281 2173 (c)

683 2190 922 2253 eteteris,
947 2190 1037 2262 qui
1078 2189 1195 2246 haec
1229 2190 1440 2245 nomina
1471 2206 1571 2263 pro
1608 2192 1717 2247 Deo
1755 2201 1809 2247 et
1852 2193 1941 2248 Dei
1981 2191 2095 2247 filio
2133 2209 2285 2249 assu-

684 2297 837 2339 mere
872 2283 1073 2348 solent,
1115 2283 1334 2362 moduni
1381 2283 1692 2353 acceperint
1731 2287 1953 2341 revicti!
1987 2285 2096 2341 Nos
2125 2287 2287 2357 igitur

686 2376 983 2433 reddentes
1027 2376 1349 2448 obsequium
1393 2378 1701 2434 clementia:
1750 2388 1877 2443 tuae.
1924 2380 2066 2450 quod
2105 2395 2286 2436 coram

681 2472 930 2527 veritatis
963 2480 1137 2526 status
1180 2472 1351 2527 eluxit
1381 2492 1394 2527 :
1427 2489 1546 2544 qua:
1587 2473 1732 2543 quod
1774 2474 1979 2529 nesciat
2020 2475 2161 2531 vinci
2187 2518 2200 2541 ,
2234 2485 2289 2531 et

683 2565 919 2621 obtinuit
952 2565 1266 2625 victoriam;
1307 2573 1367 2621 ut
1404 2566 1679 2637 indignum
1725 2568 1835 2624 Deo
1868 2584 2102 2637 nomen,
2141 2570 2286 2640 quod

684 2654 953 2723 nusquam
982 2659 1035 2715 in
1066 2660 1273 2731 legibus
1295 2661 1497 2716 sanctis
1529 2662 1790 2734 scriptum
1816 2672 1921 2730 est,
1941 2663 2054 2735 jam
2078 2679 2108 2719 a
2140 2665 2286 2721 nullo

682 2750 914 2809 dicatur.

682 2946 954 3003 confessio
984 2963 1012 3002 a
1046 2948 1234 3017 legatis
1263 2946 1593 3019 subscripta,
1638 2957 1891 3018 apparet;
1935 2947 2062 3003 dum
2096 2947 2146 3003 in
2189 2948 2280 3002 illa

683 3019 1000 3091 substantia:
1026 3028 1080 3074 et
1103 3019 1367 3075 liomousii
1400 3019 1674 3075 silentium
1708 3021 1924 3091 prn'cipi
1951 3037 2096 3074 num.
2130 3022 2182 3087 l,
2216 3036 2280 3075 ac

680 3089 737 3156 2,
765 3090 1082 3147 inculcetur.

756 3160 832 3235 (τι)
864 3162 1099 3235 Rursum
1129 3164 1211 3219 ba:
1252 3178 1436 3227 voces,
1465 3164 1758 3232 exemplum
1802 3163 1922 3234 ﬁdei
1942 3205 1955 3223 .
1987 3165 2052 3218 ad
2086 3165 2285 3221 Arimi-

685 3233 907 3309 nensmn
932 3233 1193 3290 ccthesim
1222 3252 1338 3309 qua:
1364 3237 1487 3309 hinc
1517 3236 1722 3303 dilapsa
1747 3233 1863 3309 sit,
1886 3240 2160 3306 pertinere
2189 3253 2283 3309 po-

686 3306 791 3360 tius
820 3306 1050 3362 videtur.
1070 3321 1228 3377 quam
1256 3308 1320 3361 ad
1345 3307 1647 3362 subnexam
1676 3307 1976 3376 epistolam.
2001 3311 2107 3363 Ant
2132 3306 2280 3365 certe

2389 1912 2642 1967 divinitas
2672 1911 2919 1973 contulit,
2949 1909 3025 1984 (g)
3049 1921 3108 1965 ut
3137 1921 3363 1980 apparet
3394 1910 3671 1965 dicationis
3691 1913 3896 1983 sacrilegis

2385 2008 2496 2076 jam
2530 2008 2656 2060 usia:
2678 2015 2731 2061 et
2758 2008 3011 2060 Itomousii
3041 2008 3257 2061 nomina
3276 2007 3555 2074 recedant,
3579 2008 3745 2074 quazin
3764 2007 3899 2062 divinis

2392 2102 2683 2172 Scriptnris
2710 2102 2775 2156 dc
2805 2102 2911 2157 Deo
2944 2112 2997 2157 et
3021 2102 3113 2157 Dei
3140 2102 3248 2157 lllio
3277 2120 3381 2156 non
3407 2102 3735 2158 inveniuntur
3753 2102 3901 2171 scripta.

2462 2198 2514 2252 5.
2542 2195 2799 2263 Subveni,
2843 2196 2929 2266 pie
2968 2193 3282 2265 imperator,
3311 2195 3402 2250 Dei
3428 2194 3900 2250 summicultoribus:

2392 2290 2617 2345 subveni
2648 2290 2745 2348 eis.
2791 2287 2881 2359 qui
2916 2303 3010 2358 per
3044 2285 3318 2343 Christum
3353 2287 3447 2343 Dei
3495 2286 3653 2342 lilium
3682 2287 3815 2341 Deum
3845 2302 3905 2354 pa-

2390 2394 2526 2439 trem
2560 2383 2985 2451 omnipotentcm
3024 2389 3185 2435 orant
3226 2399 3238 2436 :
3272 2380 3500 2436 subveni
3532 2381 3630 2446 eis,
3661 2381 3737 2449 qui
3760 2379 3901 2449 judicio

2393 2488 2483 2532 tuo
2520 2476 2598 2549 (Ii)
2640 2475 2865 2530 devotas
2892 2473 3130 2529 offerunt
3172 2488 3350 2536 aures,
3390 2472 3490 2544 qui
3529 2472 3753 2528 nesciunt
3782 2470 3905 2525 colere

2392 2568 2494 2625 nisi
2544 2567 2715 2623 Deum
2767 2578 2969 2637 patrem
3025 2583 3118 2634 per
3172 2566 3460 2620 Dominum
3514 2575 3737 2620 nostrum
3777 2563 3905 2618 lcstun

2391 2663 2661 2720 Christum
2701 2662 2887 2731 gloria:
2915 2661 3034 2731 ejus
3059 2659 3244 2715 lilium.
3280 2658 3348 2715 Et
3373 2660 3644 2732 praecipue
3679 2661 3789 2732 (lege
3815 2672 3908 2728 pra-

2398 2760 2540 2835 cipc)
2577 2759 2796 2816 domine
2842 2760 3157 2831 imperator,
3197 2757 3262 2814 ad
3305 2768 3525 2814 nostras
3570 2772 3661 2812 nos
3689 2754 3833 2825 plebes
3853 2769 3907 2808 re-

2392 2949 2479 3003 tire
2524 2946 2726 3002 nomini
2761 2945 3047 3000 retinendo
3077 2945 3346 3000 mordicus
3386 2944 3732 3000 adhrererent.
3761 2941 3907 3011 thnio

2390 3019 2512 3075 dem
2543 3020 2591 3072 in
2620 3019 2951 3089 Seleuciensi
2980 3016 3188 3089 synodo
3209 3025 3426 3071 contum
3452 3019 3680 3087 quinque
3694 3015 3904 3089 episcopos

2394 3090 2760 3155 liotnmusiou,
2802 3086 3086 3159 Egyptios
3115 3104 3306 3144 omnes
3338 3098 3540 3157 przrter
3563 3086 3812 3158 Georgium
3844 3086 3906 3138 ho-

2391 3167 2638 3219 mousion
2658 3206 2672 3229 ,
2706 3163 3076 3216 anotumusion
3104 3171 3282 3214 autent
3314 3162 3678 3216 novetndecim
3699 3161 3905 3229 dumtaxat

2456 3227 2713 3289 :rdicasSe
2737 3243 2918 3287 narrat
2950 3240 3132 3286 uoster
3162 3231 3484 3291 Hilarius.in
3508 3231 3765 3287 Constant.
3786 3247 3825 3282 ιι.
3848 3227 3903 3281 l2.

2417 3306 2501 3360 Iac
2550 3317 2726 3362 tamen
2776 3312 2890 3358 arte
2928 3303 3300 3358 Occidentales
3336 3303 3652 3359 deluserunt
3692 3302 3847 3357 Valens
3871 3307 3905 3352 et

686 3378 729 3431 si
763 3377 1027 3443 genuinus
1060 3368 1216 3447 li'njtts
1238 3379 1481 3447 epistulze
1516 3386 1602 3432 est
1646 3368 1872 3440 titiilns;
1909 3394 2014 3433 non
2055 3390 2161 3434 tam
2195 3383 2280 3436 hic
2308 3368 2351 3431 C
2388 3377 2667 3441 Ursacius,
2697 3378 3026 3447 aﬂirmantes,
3057 3385 3112 3430 ut
3141 3392 3260 3441 cum
3292 3376 3555 3443 Sulpicio,
3579 3394 3627 3443 p.
3649 3375 3759 3439 259,
3782 3374 3904 3447 loquit-

687 3462 884 3503 novum
930 3448 1161 3504 habetur
1194 3449 1597 3519 Fragmentum,
1629 3465 1789 3519 quam
1818 3451 2153 3507 continuatio
2188 3467 2279 3507 su-

687 3519 940 3591 perioris,
970 3534 1093 3574 cum
1120 3536 1225 3591 quo
1252 3521 1414 3575 etiam
1449 3521 1500 3574 in
1534 3536 1635 3573 Itis.
1669 3522 1806 3576 Pith.
1839 3523 2099 3577 cohaeret.

763 3589 837 3662 (b)
873 3589 1166 3673 Epistulam
1200 3592 1338 3647 hanc
1364 3592 1427 3673 ad
1461 3594 1584 3646 anni
1610 3592 2275 3673 359exitnm‘relcrimus.

689 3661 832 3734 Sane
865 3661 1025 3715 missa
1052 3677 1157 3716 non
1187 3672 1289 3725 est,
1322 3672 1446 3718 ante
1475 3679 1634 3734 quam
1657 3665 1897 3734 episcopi
1928 3667 2159 3723 Arimini
2188 3667 2277 3721 de

691 3731 823 3787 tenti
869 3735 1322 3804 peregrinationis
1364 3731 1525 3789 taedio
1562 3731 1775 3791 Arianis
1815 3731 2125 3793 cessissent.
2176 3738 2284 3792 Nec

686 3814 964 3879 cesserunt
996 3805 1106 3879 illi,
1152 3808 1253 3879 nisi
1285 3817 1569 3879 postquam
1621 3809 1859 3877 ipsiirum
1894 3810 2049 3878 legati
2089 3809 2282 3865 Nicane

688 3876 742 3932 iu
819 3875 1045 3932 Thracia
1122 3878 1253 3947 lapsi
1287 3875 1598 3932 ’Ariniinum
1642 3875 1881 3947 regressi
1919 3875 2122 3935 essent.
2168 3881 2282 3935 Iino

687 3950 848 4004 etiam
885 3961 1001 4017 post
1029 3964 1215 4005 eorum
1249 3951 1476 4003 reditum
1505 3950 1814 4020 aliquandiu
1847 3954 2182 4006 restiterunt.
2216 3952 2284 4008 Ut

688 4020 835 4075 enim
870 4030 1062 4076 auctor
1099 4030 1185 4077 est
1227 4021 1521 4092 Sulpicius.
1558 4024 1855 4093 legatorum
1881 4024 2095 4078 illorum
2136 4025 2285 4092 igua-

688 4093 830 4165 viam
863 4095 1094 4160 primum
1116 4110 1305 4149 omnes
1333 4094 1699 4158 exhorruerc,
1735 4096 1906 4164 iisque
1943 4096 2047 4148 vim
2083 4111 2281 4165 regiam

690 4162 815 4219 licet
842 4165 1266 4233 deprecantibus
1296 4177 1482 4236 negata
1512 4162 1856 4231 cnmmunio',
1890 4166 2063 4222 donec
2102 4162 2287 4236 paula-

689 4236 781 4289 tim
829 4236 1072 4292 remissis
1115 4238 1312 4291 animis
1352 4237 1404 4291 in
1451 4247 1652 4305 partem
1688 4239 1910 4292 alterum
1952 4250 2036 4292 est
2062 4254 2283 4294 Conces-

688 4319 831 4360 sum.
860 4307 1021 4375 Atqui
1050 4310 1231 4379 legati,
1259 4319 1312 4360 ut
1336 4307 1658 4378 Fragmento
1685 4311 1993 4379 superiore,
2022 4328 2075 4363 ιι.
2103 4312 2158 4373 5,
2191 4324 2285 4364 no-

691 4385 856 4443 tatur,
887 4395 977 4433 an.
1009 4378 1132 4447 359i,
1169 4381 1411 4434 octobris
1444 4380 1511 4435 10
1537 4380 1624 4434 die
1655 4378 1942 4436 formulam
1973 4384 2039 4436 ab
2071 4382 2285 4436 Ariauis

689 4448 793 4524 sibi
823 4454 1149 4524 pi-Oposiiatn
1192 4460 1570 4524 susceperunt.
1616 4452 1710 4506 Ex‘
1743 4452 2065 4524 Fragmenta
2104 4463 2283 4508 autem

691 4520 1040 4594 subsequeuti
1071 4520 1375 4594 constabit,
1401 4522 1613 4594 delatas
1653 4537 1774 4579 esse
1815 4520 1908 4578 bas
1948 4524 2159 4580 litteras
2190 4541 2286 4594 per

689 4589 897 4717 lieglatos
923 4593 1080 4660 alios,
1104 4610 1169 4649 ex
1203 4593 1441 4649 Valentis
1466 4595 1721 4649 nimirum
1743 4603 1798 4650 et
1816 4594 2025 4653 Ursacii
2051 4589 2285 4653 factione

729 4678 759 4717 e
781 4673 952 4717 ectos.

729 4665 952 4721 electos.

766 4758 836 4830 (c)
889 4718 1260 4833 Inscriptionis
1307 4718 1841 4833 hujusmendacium
1874 4762 2095 4833 corrigit
2138 4762 2280 4818 Hila-
2309 4762 2359 4823 D

691 4829 823 4892 rius,
858 4832 947 4884 ubi
976 4831 1177 4901 adjicit.
1207 4833 1263 4885 id
1291 4842 1363 4887 est
1384 4829 1714 4903 Migdonius,
1747 4843 1850 4889 etc.
1876 4832 1972 4889 Cui
1996 4829 2137 4889 enim
2173 4851 2277 4890 non

691 4912 950 4976 appareat
975 4904 1042 4957 ab
1066 4904 1131 4960 iis
1154 4906 1374 4972 scripta,
1407 4906 1497 4973 qui
1534 4904 1771 4960 Valentis
1795 4916 1850 4960 et
1880 4905 2082 4961 Ursacii
2115 4910 2276 4976 parti-

693 4973 792 5029 bus
819 4974 1202 5030 adhzercbant?
1230 4976 1390 5032 Certe
1434 4978 1484 5032 in
1512 4990 1626 5038 eos,
1657 4992 1881 5045 quorum
1913 4973 2202 5031 cooseusio
2232 4979 2280 5033 vi

690 5060 754 5098 ac
786 5047 945 5100 minis
970 5058 1177 5103 extorta
1204 5057 1308 5112 est,
1349 5048 1567 5103 minime
1603 5048 1852 5104 convenit
1887 5060 1979 5103 aut
2020 5066 2077 5101 se
2118 5066 2277 5102 ninn-

690 5134 850 5186 quam
890 5118 1047 5174 aliter
1075 5120 1371 5174 credidisse
1414 5119 1669 5186 proﬁteri,
1713 5130 1803 5174 aut
1836 5135 1953 5186 eos,
1998 5122 2085 5191 qui
2126 5123 2282 5177 aliter

691 5206 849 5261 quam
897 5193 995 5261 ipsi
1040 5193 1200 5245 modo
1236 5208 1330 5259 per
1362 5192 1465 5245 vim
1509 5191 1735 5260 professi
1766 5202 1943 5255 erant,
1973 5194 2279 5259 crederent,

691 5261 950 5318 hu-rctico
1003 5264 1221 5318 nomine
1280 5262 1558 5325 infamare,
1605 5272 1695 5316 aut
1748 5264 2077 5332 imperatori,
2126 5265 2281 5331 cujus

690 5337 1003 5391 violentiam
1054 5338 1261 5403 experti
1302 5342 1505 5397 essent,
1550 5345 1655 5388 tam
1698 5333 1860 5404 impie
1899 5336 2126 5390 adulari.
2170 5336 2281 5392 Sed

691 5410 779 5480 qui
823 5412 961 5465 hanc
992 5409 1255 5464 cuderuttt
1301 5405 1609 5480 epistolam,
1647 5404 1697 5459 id
1735 5406 2015 5480 ineorum
2052 5409 2274 5477 gratiam

691 5478 785 5553 qui
805 5482 907 5536 sibi
935 5489 1332 5553 consenserant
1351 5478 1736 5553 inseruere,_ut
1750 5478 2281 5553 adupropriaseecle-

693 5548 801 5610 sius
829 5555 1039 5623 regredi
1061 5553 1141 5607 eis
1165 5548 1274 5622 jﬂi
1302 5550 1507 5608 liceret.
1533 5548 2053 5623 quodcolibentius
2080 5552 2276 5615 fecere,

692 5641 801 5697 quo
832 5621 1040 5681 facilius
1062 5621 1251 5678 lateret
1275 5623 1510 5692 ipsorum
1540 5621 1902 5676 mendacium.

767 5705 1102 5764 Mendacium
1129 5705 1359 5759 alterum
1398 5702 1704 5757 continetur
1735 5703 1819 5755 his
1852 5701 2027 5756 verbis
2048 5743 2062 5769 ,
2096 5700 2281 5757 Orien-

696 5781 882 5833 talibus
906 5777 1223 5830 consentiens
1242 5790 1261 5829 :
1281 5790 1401 5827 cum
1422 5774 1722 5828 Sozomeno
1746 5772 2004 5837 teste,lib.
2025 5789 2097 5840 Iv,
2122 5789 2171 5829 c.
2196 5776 2277 5841 19,

697 5846 1006 5903 Orientales
1026 5860 1234 5912 omnes,
1255 5842 1487 5912 demptis
1503 5843 1789 5900 admodum
1816 5842 2019 5915 paucis.
2034 5846 2282 5901 substan-

2387 3465 2531 3515 mur,
2559 3440 2857 3520 prteseiitem
2878 3447 3033 3516 ﬁdem
3062 3440 3316 3501 catholica
3342 3440 3547 3503 ratione
3579 3440 3843 3520 conceptam.
3863 3440 3904 3520 ab

2389 3513 2735 3576 Orientalibus
2766 3513 3070 3585 imperatore
3091 3530 3298 3573 auctore
3321 3521 3601 3587 prolatam,
3635 3513 3734 3571 cuni
3761 3513 3903 3589 piacula

2385 3592 2654 3663 repudiari
2689 3608 2706 3645 :
2749 3602 2801 3645 et
2837 3591 3117 3663 addentes,
3161 3590 3231 3645 Ut
3276 3586 3400 3659 quid
3451 3589 3795 3663 discordiarum
3825 3586 3903 3663 ﬁnis

2388 3657 2515 3736 foret
2543 3705 2556 3728 ,
2596 3666 2638 3717 si
2674 3679 2790 3731 qnw
2831 3662 3183 3736 Orientalibus
3214 3657 3523 3736 placuisset,
3575 3657 3903 3736 Occidentales:

2386 3727 2713 3810 displiceret?
2742 3736 3007 3810 Quocirca
3024 3727 3325 3810 concilium
3348 3727 3806 3810 Parisien~e,infrs,
3824 3727 3900 3810 tu.

2387 3803 2525 3883 apud
2555 3807 2859 3883 Orientales
2890 3804 3234 3883 testificatur,
3279 3808 3461 3883 plures
3492 3820 3694 3883 eorum,
3722 3803 3793 3872 Qui

2387 3879 2517 3933 mini
2547 3890 2637 3933 ant
2665 3878 2856 3932 Nicma:
2887 3876 3209 3943 adfuerunt,
3239 3878 3339 3933 sub
3382 3880 3697 3932 auctoritate
3732 3876 3899 3929 nominis

2389 3952 2632 4021 ipsorum
2662 3952 2725 4003 ad
2758 3953 2886 4003 nsizc
2917 3949 3191 4004 silentium
3217 3949 3381 4004 fuisse
3408 3958 3643 4004 coactos.

2461 4042 2540 4113 (tl)
2580 4041 2635 4095 lu
2682 4041 3005 4109 Fragmento
3036 4056 3150 4111 seq.
3198 4040 3517 4113 Magdonins
3547 4038 3774 4113 scribitur
3790 4032 3901 4113 alios

2388 4106 2653 4186 Epictetus
2688 4106 2968 4181 legendum
3000 4106 3127 4186 est,'
3152 4127 3256 4186 non
3288 4106 3578 4178 Epitectus.
3605 4107 3830 4186 'l‘uui_suli
3850 4106 3902 4155 his

2389 4181 2587 4251 verbis,
2625 4194 2669 4239 et
2692 4186 2859 4239 ca’teri
2879 4186 2961 4251 qui
2990 4184 3169 4238 haeresi
3201 4194 3585 4245 consenserunt,
3613 4181 3901 4249 intelliguntur

2386 4270 2475 4313 aut
2511 4258 2598 4327 qui
2649 4257 3053 4325 praentnninatis
3096 4254 3317 4310 lin-resis
3357 4254 3654 4310 fautoribus
3693 4252 3901 4327 inpellet}!

2389 4321 2753 4400 promovenda
2804 4328 3076 4397 adleIOI‘eS
3121 4343 3355 4400 semper
3380 4328 3624 4400 fuerunt,
3663 4333 3712 4381 et
3748 4321 3899 4376 heresi.

2388 4399 2549 4473 quam
2577 4402 2627 4453 in
2650 4402 2869 4455 Oriente
2891 4400 3302 4473 propugnabant
3332 4399 3607 4473 Anommi.
3631 4404 3797 4473 sponte
3815 4405 3901 4473 ton;

2388 4462 2709 4538 senserunt;
2740 4483 2828 4525 aut
2859 4462 2949 4541 qiii
2976 4462 3045 4525 ab
3067 4462 3157 4524 bis
3181 4485 3275 4540 per
3293 4473 3398 4524 vim
3427 4486 3492 4525 ac
3515 4462 3737 4541 fraudem
3756 4462 3900 4541 sed???

2388 4554 2533 4601 sunt.
2566 4531 2719 4597 Nulla
2752 4544 2853 4598 alia
2878 4531 2962 4597 'de
2999 4557 3157 4596 causa
3181 4531 3304 4596 inec
3334 4541 3571 4596 llilarius
3599 4540 3780 4595 videtur
3800 4531 3901 4586 addi—

2388 4617 2555 4675 disse.
2604 4617 2704 4669 nisi
2751 4625 2809 4668 ut
2854 4613 3209 4684 posteriorem
3259 4614 3593 4669 intellectum
3645 4607 3898 4667 excluderet.

2390 4686 2634 4743 Priorem
2662 4696 2841 4742 autem
2869 4695 2995 4740 nota
3023 4701 3258 4756 sequens
3287 4684 3650 4741 confirmabit.

2462 4787 2532 4860 (ε)
2566 4787 2876 4859 Legeudnm
2921 4788 3143 4842 omnino
3186 4787 3373 4860 ca'teri.
3419 4785 3484 4860 Si
3513 4798 3712 4860 quaeras
3744 4776 3898 4860 nuit}???

2385 4846 2672 4933 illi‘civteri
2691 4862 2779 4931 qui
2808 4860 3122 4933 substantia!
3144 4868 3197 4913 et
3221 4857 3487 4911 homousii
3513 4846 3713 4933 nomina
3735 4863 3810 4933 pro
3828 4846 3898 4933 βξο

2386 4943 2439 4988 ct
2462 4933 2554 4987 Dei
2588 4930 3002 4985 lilioassumere
3031 4931 3242 4994 solent;
3275 4940 3381 4984 tota
3406 4930 3644 5001 synodus
3672 4930 3899 5001 Ariminen—

2384 5005 2481 5084 sis.
2513 5003 2697 5084 paucis
2739 5002 2952 5084 Arianis
2981 4991 3243 5084 exceptis,
3277 5016 3342 5056 eo
3370 4991 3589 5084 nu",pine
3624 4991 3898 5084 coiupreltfff

2385 5067 2562 5131 deiula
2602 5077 2726 5130 erit.
2762 5075 2797 5128 lt
2836 5076 3003 5144 igitur
3033 5067 3132 5128 soli
3166 5089 3306 5127 nunc
3346 5074 3610 5135 scribunt,
3647 5069 3724 5135 qui
3759 5067 3897 5144 Annia

2387 5147 2573 5202 ncnsis
2601 5146 2792 5218 synodi
2834 5142 2990 5200 initio
3027 5145 3308 5218 catholicis
3356 5143 3693 5218 restiterunt,
3720 5142 3897 5207 quam“-5

2389 5222 2552 5273 totius
2579 5215 2771 5289 synodi
2799 5218 2898 5274 Slbl
2935 5232 3130 5271 nomen
3161 5215 3294 5270 falso
3320 5215 3631 5270 attribuant.

2459 5310 2527 5385 (Γ)
2562 5313 2618 5367 ld
2650 5324 2756 5377 est,
2787 5311 2874 5385 qui
2905 5312 3241 5385 doctrinam,
3270 5327 3394 5381 qua:
3424 5310 3478 5365 in
3509 5301 3896 5366 Orientalibusesl

2381 5382 2614 5455 integra,
2649 5399 2748 5439 nos
2777 5384 3016 5439 retinere
3044 5383 3379 5455 profitemur.

2456 5451 2750 5590 priscae,
2780 5474 2832 5519 ut
2868 5451 3092 5526 abolitis,
3126 5478 3221 5518 seu
3264 5462 3533 5537 ablegatis,
3561 5451 3822 5513 dictionibus
3840 5460 3894 5500 o-

2476 5552 2603 5590 ears.

2379 5537 2603 5608 erilegis.

2461 5629 2539 5703 (Ιι)
2570 5630 2725 5703 Αιίειε
2756 5645 2878 5703 cuni
2911 5644 3015 5686 ms.
3054 5626 3221 5703 Pitb,
3256 5627 3460 5703 devotos
3488 5625 3698 5703 offerunt
3730 5620 3891 5703 (quisi

2383 5719 2449 5760 ex
2464 5682 3050 5773 iciirije'ctabatnus
3078 5682 3360 5773 legendum
3388 5714 3507 5753 esse
3519 5682 3716 5773 iterata:
3733 5682 3889 5773 οβ’ῖηξξῖί

2382 5751 2595 5916 iii-mites.
2620 5751 2744 5829 cum
2776 5751 2838 5830 ei:
2883 5788 2985 5829 ms.
3014 5751 3178 5831 Sinti.
3212 5771 3366 5829 nobis
3392 5769 3625 5827 occurrit
3644 5765 3809 5821 devotas
3835 5751 3888 5819 οἷ’

2406 5856 2552 5900 erunt
2584 5862 2751 5900 aures.

2406 5856 2552 5900 erunt
2584 5862 2751 5900 aures.
