4062 6332
165 378 270 434 703

1123 376 1217 433 EX
1245 376 1477 433 OPIERE
1518 375 1881 433 HISTORICO
1920 375 2400 433 FRAGMENTUM
2440 375 2509 431 X.

3354 371 3460 429 706

162 510 343 551 lllt3.ll‘0
378 493 515 550 datis
556 493 749 549 litteris
789 493 863 565 (ιι)
902 492 968 549 ad
996 510 1048 549 v.
1082 510 1133 550 c.
1178 495 1488 565 pra-lectum
1516 496 1754 566 praetorii
1782 496 1832 557 Λ
1863 500 1931 548 tte
1962 492 2249 564 impietatis
2280 492 2543 549 efﬁceret.
2578 491 2643 546 Et
2673 505 2992 561 quamquam
3020 488 3225 585 (qutun
3249 504 3464 547 cessare

161 587 397 642 Taurum
425 603 438 638 :
467 586 590 656 quia
617 595 672 640 et
708 601 825 650 nos,
860 586 911 640 iit
944 587 1327 657 pricdicatione
1357 589 1592 643 nominis
1637 588 1751 655 Dei,

158 678 524 736 Orientalibus
550 689 603 735 et
635 689 742 735 tua:
777 678 1119 750 dispositioni
1164 681 1377 752 plenum
1423 681 1757 737 reddidimus

158 773 500 844 obsequium.
532 773 589 828 In
617 774 692 846 (b)
737 774 835 829 hac
870 789 947 840 re,
979 773 1032 829 in
1063 790 1166 843 qua
1203 790 1419 846 semper
1461 775 1750 842 tenuimus,

151 869 264 940 jam
295 868 363 923 ad
390 878 605 924 nostras
628 868 812 937 plebes
838 868 1016 925 redire
1042 868 1324 926 debemus.
1351 870 1427 927 De
1450 869 1549 925 bac
1573 881 1754 926 autem

158 979 220 1018 re
247 962 318 1017 ad
347 961 635 1030 episcopos
662 971 882 1018 nostros
908 960 1214 1018 Orientales
1247 963 1454 1019 litteras
1482 963 1751 1028 dedimus.

156 1064 217 1111 ut
241 1056 413 1111 sciant
445 1054 549 1110 hoc
578 1069 794 1125 semper
820 1054 1046 1126 (supple,
1074 1057 1195 1125 nos)
1228 1057 1489 1121 tenuisse,
1517 1058 1681 1131 693
1702 1068 1757 1115 et

159 1147 214 1203 in
244 1146 354 1203 ﬁde
386 1147 652 1203 catholica
683 1163 806 1203 cum
835 1148 965 1225 ipsis
993 1164 1330 1220 permanere.
1371 1151 1553 1206 Divina
1586 1154 1756 1222 pietas

158 1252 212 1298 te
236 1241 691 1314 gloriosissimum
722 1258 937 1313 semper
964 1253 1020 1297 et
1046 1243 1241 1313 ubique
1270 1260 1363 1314 per
1384 1245 1565 1301 omnia
1596 1247 1757 1301 Faciat

156 1337 430 1393 vindicem
477 1335 568 1408 (an
610 1335 951 1405 victorem?),
980 1337 1197 1393 domine
1236 1339 1476 1409 piissime
1518 1341 1753 1412 impera-

157 1439 263 1485 tor.
298 1429 551 1501 Explicit.

428 1567 909 1625 FRAGMENTUM
947 1568 995 1624 Χ
1036 1571 1203 1642 (Alius
1232 1587 1245 1625 ι
1276 1570 1479 1643 partis).

153 1699 448 1740 uestrum
496 1682 564 1755 (ε)
614 1699 880 1741 anno”:
932 1701 1296 1743 omesrauun
1347 1704 1709 1746 EPISCOPORUM
1738 1731 1751 1757 ,

282 1795 426 1843 QUAE
462 1794 714 1835 REVBRSIS
738 1796 803 1835 ΑΒ
833 1796 1050 1837 ARIMINO
1081 1797 1304 1837 LEGATIS
1324 1799 1621 1840 DEDERUNT.

550 1896 776 1966 (scripta:
803 1914 890 1951 an.
942 1896 1050 1953 559
1094 1896 1351 1969 exeunte).

155 1990 536 2048 Dilectissimis
564 1991 815 2045 fratribus
848 1988 1070 2046 Ursacio
1096 2032 1111 2053 ,
1146 1989 1355 2047 Valenti
1382 2033 1395 2056 ,
1425 1990 1708 2062 hlangIiio
1732 2035 1748 2060 ,

224 2083 649 2155 Megasio,Gaio,
675 2082 1129 2155 Justino,Optato,
1160 2084 1391 2140 Martiali
1418 2083 1559 2157 (d)et
1593 2094 1753 2142 ciete-

222 2178 304 2234 ris
330 2176 685 2234 Ariminensis
712 2176 904 2249 synodi
933 2176 1120 2245 legatis
1142 2219 1156 2241 ,
1198 2178 1485 2248 Sylvanus,
1515 2176 1751 2247 Sophro-

222 2271 349 2327 nius
375 2313 390 2336 ,
422 2270 537 2325 Neo
561 2312 575 2334 ,
604 2269 945 2326 Herodianus
969 2312 984 2336 ,
1008 2268 1077 2343 (e)
1111 2270 1373 2325 Patricius
1397 2312 1411 2336 ,
1449 2270 1747 2342 Helpidius,

222 2363 589 2433 Theophilus,
620 2361 960 2427 Theodorus,
988 2362 1295 2429 Eumacius,
1328 2363 1621 2427 Didimion,
1656 2365 1755 2418 lic-

219 2457 400 2513 dicius
420 2498 434 2519 ,
466 2457 721 2510 Arsenitts
746 2496 759 2518 ,
802 2453 871 2527 (f)
898 2453 1202 2511 Passinicus
1229 2496 1244 2523 ,
1280 2456 1609 2521 Valentinus,
1643 2456 1753 2511 Ett-

219 2549 469 2618 carpius.
498 2546 788 2613 Leontius,
825 2547 1124 2615 Eortasius,
1174 2557 1229 2603 et
1271 2549 1535 2605 Macarius
1568 2549 1619 2604 in
1650 2548 1757 2627 Dq-

218 2643 376 2697 mino
406 2641 670 2697 Salutem.

219 2735 274 2789 1.
313 2732 658 2789 Seleuciensis
693 2732 877 2805 synodi
918 2734 1068 2804 legati
1088 2735 1175 2806 qui
1201 2752 1325 2807 erga
1361 2734 1494 2791 Aetii
1526 2739 1754 2807 fautores

144 2845 201 2885 se
218 2838 426 2900 gerant,
450 2827 796 2884 Ariminenses
828 2830 1031 2884 docent.
1071 2859 1144 2870 ——
1164 2828 1365 2886 Unitati
1394 2842 1448 2885 et
1479 2846 1618 2886 vera!
1640 2831 1753 2900 paci

145 2921 439 2978 studentes
463 2964 479 2989 ,
509 2930 566 2978 et
591 2938 655 2978 ex
687 2924 880 2995 synodi
915 2923 1168 2978 mandato
1190 2922 1385 2979 haeresi
1416 2925 1709 2980 renitentes
1736 2966 1750 2992 ,

147 3016 438 3073 manifesta
473 3018 587 3074 lteri
618 3019 769 3073 vobis
806 3034 866 3072 ea
886 3060 900 3086 ,
948 3035 1067 3087 quae
1096 3018 1238 3074 circa
1269 3018 1559 3074 Ecclesium
1583 3035 1746 3090 aguno

149 3120 257 3172 tur.
283 3111 492 3181 justum
525 3112 829 3182 putavimus
856 3128 871 3178 ;
915 3126 986 3167 ne
1008 3111 1273 3183 ignoratio
1297 3125 1392 3167 vos
1422 3112 1600 3167 Socios
1634 3120 1751 3167 tan-

1859 602 1956 642 vos
1983 589 2325 651 arbitremur,
2361 601 2472 641 non
2492 586 2609 641 sine
2633 585 2793 640 totius
2818 585 3011 657 synodi
3069 584 3290 656 legatis,
3342 584 3458 655 epi-

1862 695 2149 752 scoporum
2165 679 2369 736 scilicet
2385 695 2607 735 numero
2630 680 2740 735 lere
2761 680 2930 734 multo
2956 678 3189 749 amplius
3215 690 3459 746 centum,

1860 789 2004 830 nunc
2030 789 2203 844 usque
2233 774 2475 843 ingressu
2510 772 2671 844 hujus
2697 773 2943 829 ecclesia:
2964 774 3324 844 nosmetipsos
3340 775 3463 830 abs-

1860 867 2034 922 linere
2079 884 2093 920 :
2122 866 2193 922 ob
2218 866 2359 938 quod
2401 866 2695 921 instructos
2715 867 2876 921 etiam
2909 881 3005 922 vos
3031 881 3152 924 esse
3184 868 3460 936 volumus,

1858 976 1927 1016 ne
1957 963 2169 1031 penitus
2208 960 2496 1017 dominans
2537 960 2645 1033 jant
2677 962 2813 1016 intra
2835 959 3002 1035 694
3030 961 3322 1018 Ecclesiam
3353 963 3463 1018 lia:-

1859 1052 1998 1121 resis
2029 1053 2344 1119 invalescat,
2364 1070 2483 1125 qua:
2502 1054 2791 1109 Dominum
2811 1066 3051 1109 nostrum
3068 1054 3251 1110 Jesum
3270 1054 3461 1110 Chris-

1860 1154 1973 1200 tum
2004 1161 2130 1199 vere
2159 1144 2325 1199 liliutn
2360 1145 2450 1199 Dei
2476 1145 2829 1215 unigenitum,
2859 1145 3025 1200 Deum
3059 1147 3127 1202 de
3156 1146 3284 1213 Deo,
3320 1146 3460 1201 Patri

1856 1238 2089 1294 similem
2123 1253 2251 1293 ansa
2299 1248 2383 1292 est
2412 1237 2715 1307 denegare:
2752 1236 2822 1292 ita
2856 1236 2936 1311 (It)
2976 1247 3031 1292 ut
3059 1254 3177 1308 quae
3203 1238 3464 1309 prced‘ca-

1863 1331 2038 1385 tiones
2066 1330 2414 1398 biaSphemiaB
2439 1330 2509 1386 de
2536 1332 2811 1401 unigenito
2843 1330 2954 1385 Deo
2980 1341 3033 1385 et
3068 1332 3370 1389 sentiantur
3395 1333 3463 1388 ab

1859 1424 1974 1491 his,
2013 1433 2069 1480 et
2113 1425 2509 1495 prtedicentur,
2556 1424 2829 1494 cognitum
2880 1422 3173 1481 haberetis.
3230 1425 3360 1481 Nam
3408 1434 3464 1483 et

1858 1518 2099 1589 piissimo
2139 1518 2451 1587 imperatori
2496 1516 2814 1574 Constantio
2864 1518 2967 1574 hoc
3007 1519 3178 1589 ipsum
3208 1519 3461 1590 probavi-

1858 1629 1997 1679 mus,
2028 1622 2081 1668 et
2106 1611 2552 1667 auathematizari
2580 1611 2696 1667 haec
2714 1612 2895 1667 omnia
2913 1622 3215 1669 connnotus
3243 1614 3457 1685 religio-

1858 1706 2076 1762 sissime
2100 1707 2285 1763 voluit.
2333 1707 2500 1762 Dolus
2527 1716 2710 1762 autem
2736 1723 2874 1762 nunc
2906 1705 3000 1779 (al.
3036 1706 3145 1780 hic)
3189 1725 3461 1781 praepara-

1861 1811 1967 1867 tur,
1994 1802 2253 1858 ntAetius
2283 1810 2471 1856 auctor
2499 1800 2656 1870 hujus
2685 1802 2907 1855 haeresis
2938 1802 3050 1871 ipse
3073 1803 3274 1872 potius,
3297 1818 3459 1874 quant

1786 1918 1836 1979 Β
1865 1896 1980 1953 htec
2021 1898 2311 1968 impietatis
2337 1896 2478 1952 dicta
2510 1897 2604 1967 (ul.
2648 1894 2808 1966 impie
2860 1896 3039 1963 dicta)
3090 1896 3456 1963 danntentur;

1864 1996 2143 2066 magisque
2174 1994 2226 2049 iit
2258 1994 2528 2048 hominem
2555 2034 2570 2058 ,
2604 2006 2762 2063 quam
2798 1993 2848 2046 in
2872 1991 3170 2047 doctrinam
3202 2035 3217 2060 ,
3245 2003 3463 2049 sentcn-

1859 2089 1930 2143 tia
1964 2089 2063 2142 Iata
2098 2101 2218 2141 esse
2248 2084 2512 2140 videatur.
2545 2084 2824 2139 Monctnus
2865 2100 2995 2156 ergo
3041 2100 3139 2139 vos
3164 2126 3178 2150 ,
3216 2085 3457 2151 Fratres,

1861 2192 1918 2238 ut
1953 2183 2069 2237 lucc
2096 2181 2384 2251 diligenter
2414 2180 2755 2244 retraetetis;
2807 2178 3051 2249 detisque
3095 2194 3352 2248 operam,
3401 2188 3459 2235 ut

1858 2280 1992 2335 ﬁdes
2019 2277 2284 2334 catholica
2316 2284 2551 2330 maneat.
2588 2272 2854 2331 Caeterum
2885 2289 2989 2328 non
3022 2273 3241 2345 ambigit
3268 2272 3459 2329 Chari-

1859 2383 1940 2428 tas
1970 2372 2179 2433 Vestra,
2214 2370 2461 2425 universa
2489 2368 2581 2433 ita.
2612 2377 2670 2423 ut
2694 2376 2974 2439 geruntur,
3025 2366 3461 2425 Occidentalibus

1857 2480 1978 2523 esse
2007 2463 2252 2520 ecclesiis
2284 2461 2595 2518 nuntianda.
2642 2460 2899 2532 Optamus
2942 2477 3074 2528 vos,
3106 2460 3325 2517 Fratres
3346 2502 3362 2529 ,
3406 2461 3459 2517 in

1857 2559 2088 2615 Domino
2119 2559 2255 2613 bene
2287 2558 2485 2615 valere.

2000 2652 2057 2706 ‘2.
2107 2648 2217 2704 Has
2247 2650 2444 2706 litteras
2470 2650 2750 2722 suscipiens
2791 2649 2923 2704 male
2963 2648 3107 2719 apud
3144 2666 3261 2704 suos
3294 2648 3461 2704 audit.

1858 2746 2207 2800 Ariminenses
2228 2746 2385 2817 legati
2405 2745 2637 2818 perﬁdia:
2658 2746 2755 2799 rei.
2795 2774 2866 2786 —-
2907 2763 2925 2797 ι
2951 2743 3045 2799 llis
3075 2744 3252 2813 itaque
3281 2760 3466 2810 sump-

1858 2839 1949 2905 tis,
1973 2839 2169 2908 quibus
2196 2848 2253 2893 et
2272 2849 2710 2893 commemorata:
2738 2838 2986 2906 superius
3018 2837 3367 2907 blasphemim
3399 2836 3461 2910 (il

1856 2935 2113 2988 subnexa:
2139 2945 2314 2997 erant,
2347 2933 2613 2988 calumnia
2646 2931 2715 3006 (j)
2754 2932 2805 2987 in
2829 2948 2950 2985 etttn
2974 2932 3063 3002 qui
3106 2932 3343 3001 suscepit
3381 2932 3463 2986 in-

1859 3025 2126 3081 tenditur:
2157 3034 2210 3080 et
2268 3032 2447 3079 tantus
2485 3023 2710 3079 detectae
2752 3022 3120 3079 l'raudulentim
3148 3039 3261 3079 sua:
3293 3022 3463 3094 hypo-

1858 3118 2027 3174 critas
2090 3117 2244 3172 furor
2304 3116 2508 3184 subiit,
2582 3124 2639 3171 ut
2733 3115 3024 3186 perieulum
3107 3113 3463 3185 depositionis

216 3245 412 3323 (a)_lta
436 3261 561 3323 eum
597 3259 705 3323 _ms.
738 3245 899 3323 Sirm.
944 3243 999 3298 ln
1036 3244 1180 3314 prius
1223 3245 1448 3323 vulgatis
1480 3257 1658 3305 autem
1689 3265 1752 3305 cx
1781 3250 1826 3313 C
1860 3252 2097 3323 scribere
2127 3253 2299 3307 coacti
2332 3250 2437 3305 sint
2459 3268 2471 3304 :
2497 3248 2635 3323 quod
2658 3258 2825 3323 nocte
2848 3265 3047 3305 annum
3078 3250 3205 3323 r360
3262 3268 3463 3323 praece-

144 3316 237 3375 ms'
293 3319 456 3379 Pith..
493 3316 561 3373 ad
588 3318 722 3370 [tunc
746 3316 1026 3389 perfectum
1057 3320 1302 3385 pru'lorii.

220 3392 303 3465 (ὁ)
339 3389 649 3465 Pithmanns
677 3394 866 3449 codex,
894 3389 1212 3465 iri/iere,pro
1232 3390 1283 3443 in
1306 3391 1400 3444 Itac
1420 3408 1503 3465 re,
1519 3401 1573 3446 et
1601 3408 1747 3462 mox,

144 3459 676 3533 ad'arcltiepiscopos,
722 3475 826 3515 non
865 3459 931 3511 ml
965 3462 1290 3533 coepiscopos
1321 3479 1339 3517 .'
1366 3463 1506 3533 quod
1541 3481 1603 3519 ex
1641 3459 1743 3520 nis.

144 3534 325 3591 Sirm.
350 3535 657 3598 corrigitur.

224 3609 305 3675 (c)
335 3606 382 3660 Α
411 3605 624 3678 quibus,
654 3603 718 3678 ad
750 3620 887 3673 quos
913 3645 928 3667 ,
966 3621 1072 3674 qua
1110 3606 1394 3664 occasione
1434 3617 1488 3661 et
1541 3608 1753 3678 quando

147 3681 322 3735 missa
353 3679 424 3732 sit
455 3676 571 3731 hzee
600 3677 825 3744 epistola
852 3717 867 3741 ,
914 3693 1054 3733 nunc
1098 3681 1278 3748 paucis
1318 3689 1400 3734 est
1443 3676 1750 3736 dicendum.

148 3754 188 3807 Δ
223 3750 594 3808 Seleuciensis
620 3748 808 3824 synodi
854 3750 1041 3818 legatis
1075 3751 1297 3824 missam
1329 3767 1450 3824 esse
1483 3794 1496 3813 ,
1542 3754 1752 3824 perspi-

147 3839 318 3880 Cunnt
350 3830 433 3876 est
465 3830 574 3873 tum
603 3836 667 3874 ex
695 3820 840 3875 illius
872 3823 1115 3888 quamvis
1143 3822 1403 3877 mendoso
1431 3820 1603 3883 initio,
1640 3820 1750 3891 tum

148 3895 399 3950 maxime
427 3908 494 3945 ex
526 3891 785 3946 subnexis
815 3908 963 3945 tttnn.
1020 3893 1055 3947 2
1097 3892 1281 3947 Hilarii
1314 3895 1522 3957 verbis,
1553 3897 1755 3949 Adeunt

150 3965 347 4021 deinde
376 3980 465 4037 uos
505 3980 608 4037 non
632 3965 1061 4019 communicantes
1105 3964 1356 4037 cpiscOpis
1385 3966 1569 4037 synodi
1601 3967 1756 4037 legati

152 4036 476 4094 Orientales.
537 4034 751 4108 Movere
782 4044 959 4108 tamen
995 4043 1211 4104 potest,
1257 4034 1427 4108 quod'
1453 4038 1608 4106 longe
1641 4034 1754 4107 plu-

150 4112 297 4166 rium
333 4123 490 4176 quam
522 4107 707 4161 decem
738 4105 956 4162 nomine
981 4108 1178 4177 set-ipta
1219 4105 1324 4173 sit;
1376 4105 1561 4176 neque
1599 4105 1649 4164 in
1693 4111 1757 4165 iis

150 4187 514 4250 compareant
542 4177 796 4250 Basilius,
828 4177 1073 4233 Eleusius
1101 4188 1261 4249 atque
1291 4179 1632 4248 Eustathius,
1666 4184 1753 4248 qui

150 4270 280 4310 cum
306 4249 901 4317 Silvano,TiteodoreIo
932 4258 1089 4315 teste,
1120 4251 1157 4305 l.
1192 4266 1229 4305 ιι
1258 4250 1395 4306 Hist.
1428 4254 1561 4307 eccl.
1596 4253 1755 4317 c.27,

153 4324 407 4395 primarii
438 4322 800 4378 Seleuciensis
830 4321 1018 4392 synodi
1052 4322 1208 4392 legati
1252 4324 1592 4395 exstiterunt.
1648 4324 1756 4380 Sed

152 4394 295 4452 nihil
344 4403 522 4457 vetat,
579 4395 864 4463 quominus
918 4395 1163 4461 quaedam
1230 4394 1445 4448 nomina
1487 4397 1758 4450 excidisse

152 4470 485 4526 sentiamus.
536 4464 676 4520 Fieri
708 4467 870 4520 etiam
905 4467 1073 4533 potuit
1098 4508 1113 4531 ,
1145 4468 1197 4519 t'tt
1222 4481 1341 4536 qua-
1369 4482 1396 4520 a
1427 4467 1639 4536 legatis,
1666 4475 1759 4522 ant

153 4556 317 4597 certe
352 4555 381 4593 a
411 4540 642 4593 maxima
668 4554 853 4593 eorum
879 4543 1029 4608 parte
1052 4541 1248 4609 scripta
1282 4537 1373 4602 sit,
1401 4539 1757 4609 ahaliiscjtts-

153 4612 285 4670 dem
324 4609 719 4665 communionis
749 4609 1015 4680 episeopis
1039 4651 1054 4677 ,
1102 4610 1191 4680 qui
1227 4608 1467 4664 Seleucia
1497 4608 1759 4665 tienstan-

155 4684 446 4755 tinopolim
472 4683 843 4737 conduxerant
872 4723 887 4749 ,
948 4681 1017 4735 sit
1056 4683 1354 4752 subscripta
1378 4725 1393 4749 ,
1440 4692 1493 4737 et
1522 4688 1760 4737 omnium

155 4772 389 4811 1101111110
417 4769 600 4809 missa.
1326 4818 1331 4823 ἢ

230 4829 374 4882 Cum
406 4836 586 4881 autem
616 4824 805 4880 iisdem
829 4825 1079 4896 inscripta
1113 4826 1214 4891 sit,
1245 4842 1381 4898 quos
1413 4826 1644 4882 llilarins
1672 4843 1762 4882 sn-

154 4901 399 4972 perioris
423 4898 665 4967 epistol-.13
690 4910 938 4972 auctores
969 4898 1220 4972 indicavit
1246 4916 1259 4960 ;
1309 4916 1414 4953 non
1461 4900 1752 4972 obscurum

156 4970 248 5028 est
280 4972 615 5041 Superiorem
645 4970 926 5041 epistolam
956 4970 1022 5022 ah
1051 4972 1116 5025 iis
1143 4971 1378 5025 delatam
1411 4986 1550 5037 esse,
1586 4988 1612 5022 a
1637 4971 1757 5040 qui-

156 5044 265 5099 bus
300 5045 607 5114 c0ttscripta
638 5044 850 5107 fuerat;
894 5058 1096 5112 eosque
1126 5042 1361 5110 legatos,
1417 5044 1504 5114 qui
1538 5044 1605 5096 ab
1634 5043 1757 5096 Ari-

159 5113 403 5169 tninensi
427 5113 632 5185 synodo
659 5113 724 5168 ad
754 5114 1125 5169 Constantium
1154 5116 1390 5169 secundo
1419 5114 1567 5170 missi
1595 5126 1716 5167 sunt
1742 5156 1758 5179 ,

157 5188 307 5243 alios
331 5186 401 5238 ah
423 5189 488 5240 iis
517 5186 699 5255 fuisse,
732 5188 824 5257 qui
850 5189 1047 5258 primas
1070 5188 1311 5255 ejusdem
1339 5187 1529 5258 synodi
1555 5187 1762 5241 litteras

157 5276 227 5314 ex
256 5258 648 5313 catholiCorum
681 5270 831 5327 parte
856 5257 923 5313 ad
954 5258 1204 5314 eumdem
1234 5257 1561 5313 detulerant.

237 5329 535 5385 Novissimi
567 5331 638 5384 illi
693 5331 851 5401 legati
881 5330 1398 5400 Constantinopolim
1445 5330 1762 5401 pervenien-

160 5414 251 5459 tes
278 5444 296 5467 ,
329 5417 448 5456 cum
474 5403 584 5471 jam
611 5401 895 5457 damnatus
925 5413 1066 5457 esset
1094 5403 1280 5457 Aetius
1298 5441 1312 5467 ,
1340 5418 1569 5468 euntque
1598 5404 1762 5455 insta-

160 5484 291 5531 rent
315 5475 632 5536 Orientales.
670 5484 727 5527 ut
754 5475 841 5544 qui
872 5475 1107 5529 lneretici
1137 5474 1296 5544 hujus
1324 5473 1622 5529 doctrinam
1663 5474 1758 5529 de.

160 5545 506 5612 tendebant,
555 5546 742 5600 cadent
773 5547 1037 5600 sententia
1080 5549 1436 5614 punirentur,
1480 5547 1761 5615 epistolam

162 5619 324 5672 illam
351 5626 673 5689 acceperunt
700 5634 713 5671 :
741 5634 861 5689 quae
903 5617 1031 5686 ipsis
1057 5635 1121 5673 eo
1151 5619 1375 5672 consilio
1402 5619 1561 5672 IIIiSSlI
1610 5626 1726 5671 erat
1748 5659 1763 5683 ,

163 5705 239 5745 ne
274 5689 519 5744 Eudoxio
546 5708 605 5744 ae
637 5693 799 5745 sociis
842 5689 996 5760 ejus,
1041 5700 1226 5758 utpote
1268 5690 1532 5745 Seleucia:
1574 5689 1766 5743 merito

162 5759 444 5816 damnatis
470 5804 484 5819 .
528 5759 907 5833 jungerentnr.
963 5762 1171 5830 Scripta
1200 5773 1279 5815 est
1310 5761 1467 5833 igitur
1494 5760 1766 5830 aliquanto

162 5841 301 5900 post
329 5832 657 5905 superiorem
685 5877 699 5898 ,
748 5840 803 5889 et
854 5844 1140 5903 antequam
1170 5832 1529 5890 Seleucicusis
1574 5833 1765 5905 synodi

164 5905 340 5979 legati
371 5900 635 5963 lt‘ortnulle
677 5906 745 5962 ab
774 5900 1011 5964 Eudoxii
1030 5904 1269 5976 partibus
1310 5900 1619 5979 prepositth
1642 5906 1768 5963 sub-

1788 4649 1839 4710 1)

1859 3322 2021 3378 dente
2051 3324 2250 3377 factum
2284 3337 2407 3377 esse
2438 3321 2622 3376 scribit
2648 3321 3124 3386 Sozonteutts,.lib.
3159 3340 3241 3390 tv,
3264 3321 3324 3380 c.
3367 3327 3457 3383 25.

1930 3394 2012 3465 (ri)
2058 3396 2150 3449 llis
2188 3395 2334 3448 addit
2364 3393 2742 3463 Fragmentum
2781 3408 3014 3463 sequens
3061 3410 3207 3451 num.
3240 3396 3307 3453 4.
3359 3401 3466 3454 Au-

1852 3468 2086 3522 xentium
2115 3467 2413 3536 ,-superins
2441 3475 2619 3520 autem
2668 3467 2718 3520 in
2765 3465 2881 3535 ipso
2927 3466 3084 3522 titulo
3126 3466 3463 3537 Epictetum:

1854 3555 1919 3594 ex
1974 3555 2203 3608 quortttn
2251 3539 2562 3593 accessione
2606 3537 2793 3593 decem
2856 3536 3156 3609 legatorqu
3200 3556 3460 3600 numerus
3488 3542 3499 3547 ’

1858 3610 2186 3681 perlicietur.

1934 3684 2006 3750 (e)
2036 3681 2093 3736 ln
2125 3682 2282 3746 cdit.,
2318 3680 2583 3736 Patrinus.
2616 3680 2685 3735 At
2717 3679 2768 3750 in
2803 3695 2957 3741 mss.,
2993 3681 3277 3739 Patricius.

1933 3754 2000 3824 (Ῑ)
2040 3752 2187 3809 Alias
2232 3771 2294 3809 ex
2328 3770 2430 3807 ins.
2488 3753 2671 3817 Pitlt.,
2716 3749 3068 3808 Passunticus.
3119 3754 3463 3814 Praeterimus

1855 3841 1975 3882 Clllll
2009 3843 2110 3879 ins.
2145 3828 2307 3882 Sirm.
2348 3824 2663 3896 Passinirus.
2721 3824 2873 3892 Apud
2903 3825 3203 3890 Socratem,
3228 3828 3323 3883 lib.
3354 3845 3413 3884 tit
3439 3871 3455 3896 ,

1856 3913 1905 3953 c.
1940 3897 2275 3972 9S.__legitnr_
2290 3896 2563 3972 Pasinicus
2608 3894 2866 3972 Zenorugn
2890 3911 3011 3972 cum
3043 3897 3242 3972 Basilio
3284 3894 3463 3972 Ancy-

1857 3985 1953 4032 rae.
1988 3968 2209 4024 Silvano
2235 3967 2406 4027 Tarsi.
2438 3966 2741 4038 Sophronio
2772 3966 3242 4038 Pompeiopoleos,
3283 3966 3461 4027 Leon-

1860 4042 1935 4095 tio
1962 4041 2323 4112 Cottianorum
2351 4079 2366 4106 ,
2398 4050 2452 4094 et
2478 4036 2780 4108 Theophilo
2804 4035 3455 4112 Castabalorutn'episcm

1862 4113 1943 4182 pis
1968 4110 2298 4178 conspirare.

1932 4182 2007 4255 (y)
2055 4183 2167 4238 Etsi
2194 4183 2519 4255 depravatus
2544 4190 2627 4255 est
2655 4180 2738 4237 hic
2764 4183 2952 4247 locus;
3002 4199 3106 4237 non
3155 4191 3242 4240 est
3281 4195 3459 4242 tamen

1859 4252 2147 4310 obscurum
2181 4270 2245 4309 eo
2268 4252 2336 4307 ab
2361 4252 2724 4309 Orientalibus
2753 4254 3067 4324 sigttilicari,
3099 4270 3159 4310 se
3184 4266 3347 4310 totam
3374 4274 3461 4315 re-

1864 4337 2192 4395 priesentare
2222 4328 2511 4398 synodum,
2543 4341 2585 4399 si
2617 4324 2833 4399 quidetn
2856 4343 2883 4377 a
2907 4342 3008 4399 sna
3042 4331 3278 4393 ipsorum
3308 4341 3461 4399 parte

1859 4408 2061 4454 starent
2097 4408 2312 4454 centum
2342 4410 2394 4451 et
2425 4398 2655 4465 amplius
2681 4397 2941 4466 episcopi.
2995 4398 3188 4465 lieipsa
3218 4397 3463 4458 hominu-

1861 4471 1978 4524 sion
2002 4480 2217 4524 centum
2259 4470 2443 4540 viginti
2493 4470 2778 4539 episcopos
2803 4511 2816 4529 .
2866 4472 3243 4527 annuimusion
3273 4484 3454 4528 autem

1865 4550 2071 4595 tantmn
2123 4541 2495 4597 novemdvcim
2556 4541 2876 4608 praedicasse
2924 4542 3235 4597 observavit
3282 4553 3465 4602 no~ter

1868 4612 2124 4678 Hilarius,
2149 4628 2197 4669 et
2234 4614 2437 4684 scripto
2468 4612 2737 4684 mandavit
2769 4614 2818 4665 in
2847 4611 3130 4669 Constant.
3166 4632 3218 4667 n.
3249 4616 3336 4670 12.
3373 4618 3464 4675 Sic

1869 4697 2047 4740 autem
2080 4697 2258 4754 posset
2288 4683 2617 4741 reStrnrari:
2670 4683 2734 4737 Et
2774 4701 3082 4757 quamquam
3127 4702 3227 4739 non
3271 4691 3464 4745 nescire

1870 4772 1956 4832 vos
1989 4757 2482 4832 arbitremuanos,
2519 4772 2632 4809 cum
2667 4758 2823 4810 simus
2863 4759 3016 4812 totius
3053 4758 3237 4830 synodi
3266 4760 3459 4832 legati,

1869 4829 2225 4900 episcoporum
2250 4828 2440 4883 scilicet
2470 4844 2703 4900 numero,
2736 4838 2840 4883 ete.

1946 4902 2028 4973 (Ii)
2073 4900 2163 4957 Sic
2194 4918 2294 4973 ius.
2316 4902 2481 4973 Sirm.
2527 4897 2596 4953 At
2617 4901 2743 4973 editi
2775 4915 2839 4954 ex
2872 4916 2972 4956 tus.
3006 4900 3148 4973 Pith.
3170 4944 3186 4965 ,
3236 4903 3309 4957 ita
3350 4921 3464 4973 qua:

1871 4970 2256 5040 praedicationes
2273 4970 2601 5037 blasphemia:
2630 4970 2694 5025 de
2715 4973 2973 5043 unigenito
2994 4971 3105 5028 Deo
3132 4970 3464 5032 essentialiter

1870 5043 1931 5096 ab
1954 5045 2032 5098 his
2057 5042 2415 5116 prwdicenlur.
2447 5046 2778 5116 Quamquam
2808 5042 3143 5116 dcuniqenito
3160 5043 3270 5099 Deo
3295 5064 3465 5102 essen-

1870 5114 2148 5169 tialiter‘eo
2175 5131 2334 5170 sensu
2373 5115 2554 5170 dicere
2579 5114 2944 5187 Orientalibus
2988 5117 3167 5182 licuit,
3212 5134 3319 5187 quo
3368 5120 3460 5173 lib.

1866 5187 1934 5241 de
1961 5187 2164 5261 Synod.
2197 5204 2250 5261 ιι.
2284 5187 2589 5261 13,7dicunt
2634 5205 2661 5261 :7
2681 5186 2812 5261 Etsi
2841 5190 2952 5259 quis
2974 5188 3194 5261 audiens
3229 5186 3463 5261 unigeni-

1868 5269 1975 5311 tum
2004 5257 2173 5329 ﬁlium
2201 5259 2467 5314 invisibilis
2496 5257 2591 5313 Dei
2619 5257 2868 5325 similem,
2902 5278 3001 5314 non
3030 5260 3215 5314 dixerit
3248 5257 3464 5318 essentia

1866 5330 2052 5399 ﬁlium,
2085 5339 2189 5385 etc.
2225 5330 2391 5384 Porro
2425 5332 2646 5386 haeresis
2678 5332 2767 5387 illa
2794 5330 3286 5387 dominansFilium
3316 5332 3464 5389 Patri

1866 5401 2098 5457 similem
2135 5418 2238 5458 non
2274 5402 2481 5471 publica
2509 5402 2868 5468 cenl‘essione,
2906 5404 2998 5458 sed
3030 5402 3276 5472 penitiori
3310 5422 3463 5460 men-

1868 5475 1935 5529 tis
1962 5489 2123 5529 seusu
2154 5475 2471 5541 denegabat.
2506 5473 2831 5544 Susceperat
2854 5475 2996 5530 cnim
3029 5474 3348 5532 Acaciauatn
3371 5491 3462 5533 ee-

1875 5544 2092 5612 thesim,
2125 5562 2242 5612 qum
2272 5546 2465 5601 Filium
2496 5549 2630 5617 patri
2655 5544 3201 5616 similemQt-olitetur.

1973 5617 2035 5688 (i)
2096 5618 2462 5687 Blasphemias
2529 5619 2747 5691 easdem
2813 5620 3013 5691 pariter
3050 5621 3467 5691 eutnjproxima

1871 5688 2226 5745 Orientalium
2256 5691 2478 5760 epistola
2512 5692 2564 5744 in
2593 5690 2795 5747 Gallias
2821 5690 2889 5743 ab
2920 5689 3118 5746 Hilario
3144 5688 3333 5750 missas
3349 5707 3472 5749 esse

1873 5760 2146 5833 discemus
2177 5761 2526 5833 subsequenti
2557 5760 2902 5830 Fragmento,
2930 5779 2983 5816 ιι.
3009 5764 3064 5817 4.

1945 5831 2016 5906 (j)
2062 5831 2397 5888 Calumniam
2460 5832 2739 5889 intendere
2768 5834 2854 5906 hic
2882 5835 3104 5906 perinde
3137 5836 3339 5893 llilario
3365 5847 3469 5905 est,

1872 5920 1937 5961 ac
1958 5907 2105 5962 litem
2136 5921 2356 5962 movere
2382 5922 2392 5959 :
2442 5906 2582 5963 sicut
2614 5921 2760 5978 cum,
2790 5905 2897 5963 lib.’
2920 5922 2956 5963 Χ
3002 5906 3071 5966 de
3091 5908 3242 5966 Trin.
3276 5927 3332 5968 ιι.
3362 5909 3433 5968 50
3454 5950 3472 5982 ,
