4062 6332
663 331 765 392 707

1857 331 2108 396 SANCTI
2146 337 2401 397 HILARII
2442 327 2745 400 El’iSCOPI

3791 347 3865 416 illi

665 452 742 526 (a)
761 455 920 509 ineos
933 450 1448 521 constituerentﬂui
1467 453 1728 508 convicta:
1751 454 2262 509 conscientiicdnlor
2288 460 2344 520 Α
2366 472 2458 510 cur
2498 458 2720 513 similem
2750 458 3034 514 secundum
3066 457 3385 531 Scriptura.
3412 489 3480 504 ο-
3509 480 3528 516 ι
3559 463 3677 521 Nam
3707 466 3751 523 in
3770 486 3866 524 con-

662 559 763 613 est,
789 547 1052 603 deterreri
1083 563 1403 618 quemquam
1431 547 1706 618 agnitione
1735 545 2008 602 veritatis!
2039 545 2096 602 Si
2121 546 2257 602 liber

661 641 762 696 iste
797 638 1038 694 Valentis
1065 647 1121 694 et
1149 638 1352 695 Ursacii
1402 654 1507 693 non
1554 650 1635 694 est.
1664 637 1786 693 lidei
1833 651 2032 694 vestrae
2069 653 2084 705 ;
2126 637 2255 708 quid

659 735 778 804 ejus
807 733 1140 790 damnationi
1172 747 1276 788 non
1308 731 1688 805 acquiescitis?
1715 731 1874 789 Anne
1902 747 2008 788 non
2039 731 2254 803 publico

661 829 878 884 lmntani
907 830 1122 900 generis
1151 844 1376 883 assensu
1407 829 1551 884 inter
1573 843 1763 884 omnes
1788 829 2062 894 convenit,
2089 843 2257 884 vene-

659 940 786 980 num
816 924 1014 978 malum
1040 937 1185 989 esse,
1215 932 1269 978 et
1295 923 1500 978 easdem
1529 923 1834 978 innocentis
1857 922 2062 978 crimen
2091 935 2214 978 esse
2233 962 2250 991 ,

657 1026 707 1072 et
744 1017 1073 1086 impietatem
1102 1016 1155 1070 in
1185 1014 1462 1070 dominum
1490 1014 1774 1068 horrorem
1797 1014 1953 1069 esse?
1977 1011 2086 1070 Sed
2107 1013 2255 1084 quis-

655 1125 760 1181 que
792 1109 908 1165 haec
935 1109 1109 1164 delata
1143 1124 1248 1163 non
1279 1108 1519 1173 damnat,
1556 1122 1781 1164 necesse
1805 1118 1890 1163 est
1917 1122 2105 1163 eorum
2132 1121 2256 1164 sese

654 1205 816 1260 studii
852 1205 1060 1260 socium
1091 1205 1443 1274 proliteatur:
1489 1202 1608 1274 quia
1641 1217 1801 1258 nemo
1827 1211 1951 1270 est,
2001 1203 2092 1274 qui
2141 1216 2251 1258 non

655 1307 711 1355 et
741 1315 861 1370 qua:
900 1297 1076 1354 oderit
1121 1307 1378 1369 coargnat
1401 1338 1415 1361 ,
1446 1305 1503 1352 et
1528 1312 1647 1369 quae
1675 1313 1781 1352 non
1811 1298 2051 1368 coarguit
2081 1297 2248 1370 ωδ

656 1393 868 1464 probet.
899 1391 974 1462 (b)
999 1391 1126 1446 Post
1155 1391 1421 1462 synodum
1456 1391 1598 1447 enim
1631 1391 2034 1448 Seleuciensem
2063 1435 2076 1457 ,
2109 1394 2253 1448 Con-

654 1485 1060 1555 stantinopolim
1087 1484 1369 1540 venientes
1390 1525 1406 1550 ,
1437 1483 1564 1554 qttid
1591 1493 1675 1540 est
1699 1484 1842 1554 quod
1874 1486 2052 1540 statim
2098 1485 2250 1541 dam-

653 1585 794 1636 natis
820 1580 1088 1635 hzcrcticis
1118 1595 1214 1634 vos
1253 1579 1518 1650 jtmgitis‘!
1563 1577 1680 1634 Non
1711 1579 1940 1636 differtis
1971 1581 2025 1634 in
2068 1580 2251 1650 aliquo

653 1684 864 1745 tempus
893 1673 1124 1729 adeundi
1145 1716 1159 1740 ,
1195 1689 1366 1744 neque
1389 1672 1457 1728 de
1487 1673 1766 1745 prudentis
1792 1673 2000 1729 ratione
2027 1673 2242 1729 consilii

649 1770 884 1841 aliquam
913 1770 1066 1824 vobis
1093 1784 1296 1824 moram
1327 1768 1393 1822 ad
1426 1766 1882 1838 percunctandum
1910 1766 2243 1837 impenditis.

2360 556 2520 605 ventu
2569 549 2858 606 multorum
2887 566 2984 606 vos
3027 552 3362 622 arguentium
3390 595 3404 620 ,
3436 570 3528 610 cur
3547 557 3689 612 etiam
3711 558 3768 630 (ί)
3790 577 3867 618 non
3964 583 3965 598 ι

2358 653 2662 699 creaturam
2696 645 2788 700 Dei
2817 645 2986 702 lilium
3014 645 3304 712 diceretis;
3335 650 3696 720 respondistis,
3718 657 3868 712 sanctis
3964 657 3965 720 ἕ

2357 735 2792 796 Ariminensibus
2859 756 2968 796 non
3023 739 3300 797 Christum
3343 751 3630 800 creaturam
3675 758 3869 819 negatum

2355 829 2544 899 fuisse,
2573 832 2670 888 sed
2699 833 3012 890 dissimilem
3042 836 3254 891 cmteris
3279 836 3538 893 creaturis
3567 856 3580 892 :
3609 840 3717 910 quia
3744 841 3788 896 in
3818 858 3864 898 eo

2356 925 2498 995 quod
2528 924 2730 983 dictum
2761 928 2852 994 sit,
2883 943 2986 983 non
3007 943 3113 984 esse
3141 940 3368 983 creatum
3389 931 3522 984 velut
3543 940 3730 987 cetera
3747 932 3871 1003 {utu-

2356 1036 2440 1076 ras
2463 1061 2480 1089 ,
2513 1037 2622 1080 non
2653 1022 2732 1095 (g)
2763 1021 2887 1092 quia
2917 1022 3120 1078 creatio
3148 1037 3259 1079 non
3310 1023 3402 1089 sit,
3446 1023 3541 1080 sed
3581 1024 3870 1096 excipiatur:

2355 1116 2572 1170 cmteris
2596 1133 2609 1169 :
2643 1124 2703 1170 ut
2728 1115 2854 1171 licet
2879 1131 2986 1171 non
3017 1114 3294 1172 dissimilis
3321 1117 3534 1173 caeteris
3557 1119 3640 1181 sit,
3667 1128 3810 1176 tamen
3830 1127 3871 1174 ut
3964 1114 3965 1164 Τ

2361 1207 2479 1277 ipse
2509 1207 2652 1263 aliud
2681 1223 2787 1264 non
2815 1208 2906 1264 sit.
2951 1209 3115 1278 Quasi
3161 1223 3290 1265 vero
3317 1209 3424 1264 ulla
3453 1217 3684 1266 creatura
3703 1211 3798 1266 aliis
3822 1215 3872 1267 sit
3964 1209 3965 1268 Τ

2357 1300 2548 1356 similis
2573 1341 2588 1367 ,
2619 1310 2676 1356 ut
2717 1300 2940 1372 angelus
2971 1299 3176 1356 homini
3199 1341 3217 1366 ,
3251 1299 3414 1356 homo
3440 1299 3560 1366 avi,
3585 1301 3687 1356 avis
3713 1303 3868 1371 pecudi.

2363 1393 2488 1450 llaec
2533 1395 2577 1451 si
2624 1396 2878 1462 mentior,
2913 1402 3079 1452 testes
3123 1402 3254 1450 sunt
3294 1395 3386 1466 qui
3436 1393 3718 1450 audierunt.
3763 1395 3870 1462 Quod

2355 1489 2398 1542 si
2445 1499 2498 1543 et
2566 1488 2668 1558 ipsi
2727 1491 3009 1554 tacebunt,
3060 1489 3296 1560 loquitur
3341 1505 3549 1546 mecum
3603 1487 3811 1546 defensus
3847 1505 3866 1541 ι

2353 1583 2509 1638 vobis
2557 1584 2872 1654 impiissimc
2899 1584 3032 1639 liber
3063 1591 3260 1648 vester,
3287 1583 3342 1639 in
3373 1599 3481 1653 quo
3506 1593 3561 1638 ut
3588 1583 3756 1638 vitrum
3781 1583 3870 1655 hya-

2350 1675 2558 1744 cintho,
2590 1677 2660 1730 ita
2701 1675 2866 1732 Filius
2904 1677 3086 1742 Patri,
3114 1684 3170 1731 et
3201 1677 3312 1732 Deo
3337 1673 3584 1731 Christus
3609 1675 3786 1732 alienus
3800 1687 3868 1731 est.

2355 1771 2584 1836 Deinde,
2617 1772 2666 1824 in
2697 1785 2804 1841 quo
2831 1770 2998 1842 696
3021 1769 3300 1826 audientes
3328 1768 3594 1826 fefellistis
3614 1810 3629 1836 ,
3660 1779 3811 1839 utnon
3830 1771 3874 1824 de

649 1861 866 1918 Adeunt
907 1861 1102 1916 deinde
1159 1877 1252 1916 vos
1301 1876 1404 1914 non
1459 1861 1922 1916 communicantes
1977 1859 2248 1930 episcoiiis
2279 1853 2328 1915 B
2357 1863 2515 1918 nullis
2542 1863 2877 1920 exstantibus
2904 1865 3010 1931 sit,
3052 1864 3147 1919 sed
3177 1879 3241 1918 ea;
3261 1861 3408 1930 Deo;
3451 1863 3694 1935 stumquid
3725 1873 3770 1918 et
3789 1865 3873 1933 quia

653 1955 845 2028 synodi
876 1955 1034 2025 legati
1061 1953 1364 2009 Orientales
1391 1994 1406 2019 ,
1455 1962 1602 2024 gesut
1645 1953 1824 2008 omnia
1873 1950 2136 2014 edocent,
2171 1951 2243 2022 (ο)

645 2049 955 2103 damnatam
1015 2063 1229 2120 quoque
1286 2045 1534 2102 hrcresim
1566 2046 1942 2102 demonstrant
1990 2063 2002 2098 :
2062 2058 2246 2100 nonne

643 2143 970 2214 Oportuisset
1025 2157 1122 2198 vos
1169 2141 1359 2196 saltem
1407 2140 1491 2195 vel
1539 2154 1679 2195 nunc
1726 2139 1992 2194 absistere
2031 2137 2150 2210 (tl),
2191 2148 2248 2196 et

641 2245 956 2292 cunctarum
1010 2233 1461 2306 disceptationum
1509 2242 1750 2289 tenorem
1791 2233 2017 2288 arbitrio
2066 2249 2246 2290 reser-

640 2330 799 2386 vari?
829 2330 934 2388 Sed
965 2330 1148 2386 nescio
1173 2328 1326 2400 cujus
1357 2329 1643 2384 voluntatis
1675 2339 1870 2384 vestrte
1897 2329 2232 2384 conscientia

639 2427 770 2481 recti
813 2425 1072 2495 judicium
1120 2439 1227 2478 non
1276 2423 1574 2492 recepistis.
1632 2421 1834 2477 Vestris
1885 2422 2028 2478 enim
2057 2423 2239 2477 statim

642 2518 1006 2589 aggregamini
1027 2558 1044 2582 ,
1088 2527 1141 2573 et
1169 2515 1627 2586 blasphemiarum
1661 2522 1962 2570 vestrarum
1992 2530 2240 2570 commu-

639 2613 852 2668 nionem
887 2609 958 2682 (e)
1001 2611 1176 2665 initis:
1207 2624 1308 2666 nec
1339 2609 1389 2665 id
1428 2611 1619 2664 saltem
1650 2608 1859 2662 consilii
1886 2608 2119 2675 sumitis,
2150 2607 2234 2664 sin

639 2703 808 2774 pudor
837 2703 1048 2774 aliquos
1078 2701 1385 2766 l'el'elliSset,
1427 2701 1826 2756 Ariminensem
1850 2700 2114 2772 synodum
2140 2715 2236 2754 ex-

637 2795 835 2850 timari.
869 2795 1060 2850 Dolum
1083 2799 1226 2850 enim
1252 2801 1488 2850 vestrum
1515 2794 1570 2847 in
1588 2808 1693 2848 non
1716 2791 2234 2848 anathematizandis

633 2887 826 2944 vestris
847 2887 1028 2945 statim
1061 2886 1392 2960 prodidistis.

613 2978 622 2988 ’
700 2989 756 3043 3.
810 2985 1206 3056 Perﬁdiamqui
1237 2983 1578 3056 prodiderint.
1625 2981 1730 3049 Qui
1771 2983 1936 3052 ﬁlium
1969 2981 2144 3037 nolint
2175 2991 2235 3037 ut

626 3091 836 3138 aeterna
867 3086 1118 3154 facturas.
1155 3080 1257 3148 Qui
1281 3080 1437 3136 velint
1485 3097 1547 3135 ea:
1590 3079 1718 3134 Deo.
1778 3080 1880 3146 Qui
1931 3088 2232 3146 aeternum;

2354 1957 2453 2011 hoc
2481 1970 2511 2010 a
2546 1955 2698 2011 Vobis
2724 1955 2925 2010 dit-tum
2955 1956 3026 2011 sit
3053 1996 3070 2020 ,
3103 1955 3382 2013 simulatio
3425 1971 3537 2012 non
3570 1955 3760 2027 patuit?
3791 1971 3874 2011 cum

2350 2049 2473 2105 ideo
2504 2065 2610 2104 non
2638 2048 2707 2104 de
2737 2048 2900 2104 nullis
2926 2049 3262 2105 exstantibus
3282 2091 3300 2118 ,
3339 2049 3438 2106 sed
3469 2065 3536 2108 es
3569 2051 3702 2118 Deo,
3729 2065 3874 2106 secun-

2347 2142 2475 2198 dum
2521 2153 2754 2198 vestram
2784 2141 3176 2212 professionem
3209 2142 3278 2197 sit
3304 2181 3320 2210 ,
3351 2142 3481 2214 quia
3507 2142 3675 2199 eidem
3694 2142 3877 2198 voluntas

2347 2237 2413 2291 ad
2443 2235 2516 2295 id.
2548 2236 2690 2307 mind
2721 2236 3000 2304 subsistat,
3030 2236 3312 2294 exordium
3331 2235 3516 2293 fuerit.
3541 2236 3746 2293 Mentior
3758 2233 3876 2290 sane?

2343 2332 2387 2386 si
2423 2348 2526 2386 non
2576 2334 2626 2386 in
2659 2333 3014 2387 conventibus
3059 2345 3156 2397 per
3195 2331 3619 2390 conventionem
3656 2329 3795 2388 libelli
3814 2328 3870 2382 sui

2341 2423 2706 2482 Orientalibus
2739 2421 2822 2498 (lt)
2853 2424 3150 2481 damnastis
3179 2439 3273 2480 eos
3291 2463 3308 2492 ,
3337 2425 3431 2495 qui
3465 2440 3574 2480 non
3601 2423 3664 2480 de
3690 2421 3876 2477 substan-

2343 2518 2414 2576 tia
2444 2515 2644 2572 habere
2675 2517 2724 2571 id
2755 2517 2899 2588 quod
2926 2527 3085 2574 natus
3115 2525 3220 2581 est,
3247 2517 3344 2572 sed
3371 2516 3444 2573 de
3475 2517 3734 2573 voluntate
3754 2513 3876 2570 dixis-

2341 2618 2484 2665 sent.
2534 2606 2813 2664 zEternum
2838 2623 3056 2680 quoque
3083 2625 3203 2664 cum
3234 2607 3393 2664 Patre
3423 2625 3551 2666 esse
3598 2605 3876 2680 proﬁtemini.

2347 2701 2485 2758 Vere
2524 2718 2656 2759 sane
2681 2703 2925 2758 dixeritis
2953 2745 2969 2772 ,
3009 2703 3054 2759 si
3085 2719 3193 2760 non
3221 2704 3580 2761 reclamatum
3607 2703 3726 2760 mihi
3748 2709 3878 2764 esset.

2341 2813 2439 2854 cur
2469 2809 2595 2854 ante
2622 2807 2861 2868 tempora
2891 2806 3092 2854 aeterna
3120 2799 3191 2855 de
3220 2814 3351 2855 vero
3383 2811 3542 2870 patre
3585 2799 3648 2871 (ξ)
3687 2797 3780 2854 Deo
3814 2811 3879 2849 ve-

2343 2909 2458 2947 rum
2484 2893 2816 2964 unigenitum
2851 2893 3018 2948 Deum
3043 2902 3226 2948 natum
3248 2893 3674 2966 praedicassetis:
3703 2901 3881 2948 mater-

2339 2985 2479 3040 nitas
2505 2988 2555 3042 ei
2583 3001 2706 3040 cum
2739 2985 2896 3042 Patre
2943 2987 3258 3056 angelorum
3297 2989 3707 3056 animarumque
3737 2986 3878 3040 linun-

2341 3096 2531 3136 narum
2559 3122 2575 3148 ,
2611 3078 2685 3154 (j)
2717 3095 2822 3136 non
2849 3080 2957 3152 jam
2986 3081 3316 3137 anteriorum
3349 3082 3448 3148 sit,
3481 3082 3578 3138 sed
3623 3080 3878 3136 tuturorum.

625 3249 722 3315 ait,
751 3257 804 3302 ut
837 3247 902 3302 de
931 3247 1128 3302 cwteris
1155 3262 1258 3300 non
1287 3245 1571 3299 caluumier
1594 3285 1610 3309 ,
1641 3242 1744 3298 hoc
1768 3240 1868 3298 sibi
1899 3242 2035 3310 vult,
2069 3253 2121 3298 ut
2151 3241 2221 3299 de
2249 3241 2296 3308 C
2330 3250 2616 3312 negantem
2659 3240 2789 3296 tolle
2830 3248 2954 3296 ante
2985 3239 3272 3296 dissimilis.
3322 3239 3396 3297 ita
3422 3241 3642 3368 (plenior
3663 3235 3882 3318 et

625 3319 837 3368 maioris
867 3335 970 3368 non
1000 3317 1322 3368 contendam
1348 3332 1411 3368 ac
1443 3317 1587 3368 litem
1627 3330 1894 3368 moveam.
2326 3315 2481 3368 cnior
2502 3315 2607 3368 erit
2639 3317 2754 3368 haec
2785 3313 3057 3367 sententia
3087 3329 3101 3368 :
3145 3329 3248 3366 non
3293 3312 3389 3368 Itoc
3463 3315 3628 3368 ictum
3667 3321 3764 3368 est.
3797 3320 3881 3368 tu"

625 3319 837 3374 caeteris
867 3335 970 3375 non
1000 3317 1322 3374 contendam
1348 3332 1411 3370 ac
1443 3317 1587 3370 litem
1627 3330 1894 3370 moveam.

697 3390 776 3460 (a)
827 3391 1132 3460 Legendqu
1163 3391 1214 3442 in
1240 3405 1298 3443 eo
1335 3396 1427 3442 aut
1450 3388 1506 3460 in
1535 3405 1666 3450 eum,
1699 3385 1817 3442 scil.
1849 3386 1937 3456 qui
1969 3400 2224 3460 suscepe-

625 3473 728 3517 rat.
761 3459 1026 3518 Subinde
1079 3461 1322 3532 vulgati,
1371 3459 1457 3527 qui
1505 3464 1794 3532 conjuncta:
1845 3459 2220 3515 conscientiae:

623 3534 976 3603 emendantur
1007 3548 1070 3586 cx
1093 3534 1410 3603 archetypo.

696 3602 770 3728 ib)
813 3603 894 3660 Ad
925 3600 1571 3671 Constantinopolitanam
1597 3601 1863 3674 synodum
1912 3601 2027 3655 haec
2076 3617 2214 3656 non-

721 3677 754 3728 li
783 3677 1062 3728 referunt.
1094 3675 1244 3728 uuasi
1275 3675 1306 3728 ii
1347 3675 1810 3728 llonstantinonoli
1844 3673 2114 3727 ltrreticis
2159 3688 2214 3728 se

625 3673 760 3732 nulli
783 3677 1024 3732 referunt
1047 3717 1062 3741 ,
1094 3675 1244 3744 quasi
1275 3675 1306 3728 ii
1347 3673 1810 3744 Constantinopoli
1844 3673 2114 3727 Ιιιηϊιίίείς
2159 3688 2219 3728 se

616 3748 861 3819 junxisso
893 3748 977 3802 hic
999 3759 1335 3819 arguantur,
1355 3745 1444 3814 qui
1473 3755 1629 3799 antea
1657 3743 1918 3819 Seieucite
1949 3759 2218 3819 convene-

623 3817 764 3876 rant.
795 3819 864 3876 At
894 3834 961 3876 ex
990 3817 1273 3886 dictisjam
1305 3817 1492 3888 liquet.
1525 3833 1585 3873 ea
1610 3817 1675 3872 ad
1701 3817 2216 3888 legatorum‘Arimi-

621 3891 805 3950 nensis
855 3892 1050 3963 synodi
1096 3884 1316 3963 iit-Aeam
1361 3884 1555 3963 turbem
1604 3884 1882 3963 arcesshtnn
1936 3884 2218 3963 referenda

618 3979 760 4029 esse,
792 3957 1148 4034 quiabsolnta
1173 3959 1500 4034 Selenciensi
1533 3957 2218 4034 synodoConstantinOpo-

619 4034 710 4089 lim
738 4031 1014 4090 venientes
1041 4076 1054 4100 ,
1083 4033 1354 4087 damnatis
1377 4033 1442 4087 ab
1471 4048 1532 4085 ea
1564 4031 1842 4088 haereticis
1863 4071 1878 4098 ,
1908 4031 2070 4086 etiam
2101 4045 2218 4086 mo-

619 4108 742 4170 niti,
765 4122 824 4162 se
845 4106 1070 4178 jungere
1098 4121 1207 4178 non
1230 4104 1583 4178 distulerunt.

691 4179 762 4250 lc)
791 4173 977 4234 ln'ins'.
1006 4177 1176 4250 Pit_h.,
1197 4176 1586 4250 dominantem:
1615 4173 2027 4250 cui‘lavet‘illud
2061 4190 2212 4250 nnm_.

619 4249 646 4304 1
677 4292 691 4314 ,
735 4244 798 4305 ne
829 4250 1032 4320 penitus
1067 4248 1340 4302 dominans
1361 4250 1478 4320 jam
1505 4249 1640 4302 intra
1681 4244 1965 4320 Ecclesium
2007 4246 2215 4302 litorea-is

617 4318 910 4377 innotescat.
937 4321 1053 4376 Non
1082 4320 1222 4374 male
1259 4318 1436 4374 tam—en
1463 4319 1676 4374 videtur
1701 4318 1874 4374 Faber
1905 4333 2216 4386 l't‘pOSUlSSc

618 4391 962 4448 damnatam:
1003 4407 1125 4447 cum
1166 4392 1406 4460 proxime
1441 4391 1734 4446 habeatur;
1785 4389 1923 4457 Quid
1953 4399 2026 4444 est
2077 4388 2216 4461 quod

616 4469 788 4518 statim
810 4465 1064 4520 damnatis
1093 4463 1342 4517 litarett'cis
1364 4477 1451 4514 vos
1466 4461 1719 4533 jungitis?

690 4537 772 4609 (d)
806 4536 941 4590 Ε(ιίιὶ
969 4578 983 4600 ,
1010 4533 1196 4590 relicto
1221 4533 1377 4609 unius
1408 4541 1500 4586 aut
1528 4535 1748 4609 duarum
1778 4545 1963 4609 vocum
1987 4534 2170 4609 _sp:tti0
2197 4573 2212 4600 ,

621 4601 912 4699 prmlcrunt
949 4622 1068 4690 conm
1115 4621 1215 4699 ms‘.
1247 4602 1511 4699 adsiste-re.
1573 4603 1772 4686 Mutato
1815 4601 1854 4699 dl
1893 4602 1945 4656 itt
1979 4601 2211 4699 b‘lomtm
2239 4639 2294 4699 Β

619 4679 760 4734 hunc
786 4680 1126 4734 resarcimus.
1177 4678 1347 4732 Antea
1384 4676 1556 4746 etiam
1603 4677 1772 4745 magis
1806 4675 2040 4746 placeret
2068 4686 2210 4746 tunc,

615 4765 772 4821 quam
806 4767 966 4817 muto;
997 4749 1099 4803 hoc
1123 4749 1265 4803 enim
1291 4745 1394 4802 sibi
1423 4750 1528 4802 vult
1566 4767 1578 4802 :
1637 4745 1914 4821 Hazrelicis
1944 4745 2212 4805 damnatis

615 4819 1010 4878 inconsiderate
1040 4837 1134 4875 vos
1157 4824 1381 4890 jnngcre
1414 4835 1521 4876 non
1549 4819 1806 4876 debuisds
1836 4836 1850 4875 :
1887 4829 1939 4873 al
1967 4835 2086 4874 cum
2118 4835 2210 4874 eo-

612 4911 730 4948 rum
757 4896 1004 4950 haeresim
1034 4892 1180 4948 vobis
1201 4889 1642 4948 demonstrarunt
1660 4889 1964 4946 Orientales
2013 4891 2208 4947 saltem

612 4977 741 5021 tunc
763 4981 858 5021 vos
883 4969 950 5021 ab
973 4965 1188 5020 illorum
1211 4964 1468 5018 societate
1489 4965 1754 5021 abeiStere
1777 4964 2038 5033 Oportnit.

685 5037 772 5111 (a),
803 5039 854 5092 ln
888 5039 1171 5094 Pithmano
1207 5036 1425 5111 codice,
1467 5037 1730 5111 minuitis,
1764 5034 1976 5111 Au_ec_id
2019 5037 2205 5111 saltent

609 5106 842 5166 consiliis
871 5111 1110 5180 sumptis,
1141 5119 1243 5164 etc.
1297 5106 1595 5180 Retinenda
1629 5107 1829 5163 Nicolai
1870 5106 2027 5180 Fabri
2075 5123 2198 5180 cor-

609 5185 798 5240 recuo.
846 5184 952 5240 Sed
985 5179 1230 5254 quamvis
1259 5182 1345 5254 hic
1376 5179 1580 5254 aliquid
1611 5181 1800 5236 deesse
1821 5179 2150 5254 existimarit
2179 5219 2197 5243 ,

609 5255 818 5326 integra
850 5249 1240 5326 tiobis'videtur
1266 5251 1426 5304 lectio
1455 5266 1528 5326 eo?
1565 5267 1730 5308 sensu
1761 5269 1774 5306 :
1818 5249 2195 5326 Nequeetiam

607 5327 652 5382 si
679 5323 768 5394 qui
799 5329 1028 5396 primum
1056 5325 1170 5380 falsi
1201 5331 1403 5396 essent.
1434 5334 1488 5378 et
1517 5325 1570 5379 in
1599 5323 2051 5396 erroregnonnibil
2085 5336 2198 5393 pra;

610 5393 815 5468 pudore
843 5399 1216 5468 detinerentnr
1240 5435 1269 5468 ,_
1301 5393 1492 5449 saltem
1542 5393 1835 5449 immutatis
1865 5394 2194 5468 eonsilhnn,

609 5464 696 5547 ubi
739 5471 1018 5547 advertere
1042 5465 1302 5547 tlelyistis
1345 5478 1580 5547 vesti-uin
1609 5481 1848 5522 errorem
1877 5473 2042 5547 totius
2077 5464 2195 5547 Ari-

609 5541 868 5596 minensis
915 5542 1102 5613 synodi
1136 5535 1464 5613 existimari.
1517 5537 1792 5613 Frequens
1837 5535 1980 5590 enim
2011 5543 2096 5613 est
2142 5537 2194 5613 in

606 5614 840 5680 antiquis
866 5607 1016 5668 libris
1041 5609 1278 5668 ertimari
1303 5648 1320 5675 ,
1353 5623 1450 5678 pro
1494 5609 1777 5666 exitliiitari
1805 5617 1897 5660 aut
1919 5607 2195 5680 aestimari.

684 5675 771 5756 (
795 5683 954 5738 Forte
974 5726 989 5750 ,
1021 5701 1113 5737 cur
1141 5683 1294 5756 etiam
1323 5675 1424 5734 non
1449 5691 1748 5756 creaturam
1773 5695 1881 5736 esse
1907 5675 2004 5733 Dei
2027 5679 2197 5750 ﬁlium

611 5750 719 5808 ηοιί
733 5750 994 5818 diceretis,
1019 5757 1091 5809 uti
1121 5750 1391 5824 postulare
1413 5754 1622 5811 videtur
1641 5754 1942 5810 subnoxum
1972 5766 2198 5822 respon-

613 5837 754 5876 διιιιι.

685 5892 764 5964 (9)
815 5893 1036 5963 Supple,
1075 5895 1169 5954 hoc
1209 5899 1399 5955 dictant
1424 5910 1497 5954 est
1533 5910 1633 5950 :ac
1661 5905 1848 5966 postea
1876 5893 2196 5963 particulam

2306 5621 2622 5679 tuarumque
2673 5618 2976 5679 nostrarum
3056 5623 3274 5679 propria
3339 5620 3424 5666 est
3453 5653 3468 5676 ,
3550 5618 3810 5679 atteratng

2299 5675 2518 5732 Christo
2537 5665 2625 5734 'ab
2669 5677 2884 5734 Arianis
2929 5665 3172 5735 attribui'
3197 5665 3596 5746 admonemur;
3627 5673 3762 5750 quasi
3802 5665 3868 5723 i118

2303 5765 2408 5802 non
2457 5750 2809 5822 anteriorum,
2858 5750 2954 5806 sed
3013 5751 3314 5810 futurorum
3360 5763 3618 5822 respectu
3647 5753 3712 5805 sit
3736 5753 3863 5822 τερετ-

2305 5836 2424 5876 nus.
2459 5821 2533 5873 Ita
2554 5823 2692 5890 apud
2725 5813 2952 5878 Arianos
2979 5838 3090 5879 nou
3121 5839 3226 5880 una
3251 5835 3366 5881 erat
3396 5813 3716 5879 aeiernitatis
3739 5813 3862 5871 Chri'

2304 5894 2370 5946 sti
2395 5891 2754 5962 intelligenda
2785 5893 2921 5950 ratio
2949 5893 3018 5950 ad
3047 5910 3199 5953 suam
3241 5897 3489 5968 ipsorum
3533 5893 3764 5952 hxresim
3800 5895 3865 5936 30'

2326 3315 2481 3369 cnior
2502 3315 2607 3368 erit
2639 3317 2754 3368 haec
2785 3313 3057 3367 sententia
3087 3329 3101 3368 :
3145 3329 3248 3366 non
3293 3312 3389 3369 hoc
3422 3312 3628 3370 dictum
3667 3321 3764 3378 est,
3797 3312 3881 3378 quin

2323 3387 2513 3439 creatio
2545 3402 2647 3440 non
2667 3387 2735 3440 sit
2763 3426 2778 3449 ,
2806 3382 2894 3438 sed
2916 3386 3038 3456 quia
3065 3385 3354 3454 excipiatur
3381 3403 3418 3440 α
3472 3385 3704 3442 caeteris:
3735 3390 3781 3436 st
3799 3379 3880 3456 licet

2324 3457 2592 3512 dissimilis
2620 3457 2816 3510 cazteris
2844 3453 2949 3522 sit,
2999 3454 3072 3510 ita
3100 3453 3272 3512 tamen
3303 3459 3372 3512 sit
3393 3457 3706 3524 dissimilis,
3733 3464 3781 3507 at
3805 3453 3881 3522 ἕνα

2325 3528 2471 3584 aliud
2500 3545 2604 3583 non
2631 3529 2719 3584 sit.

2397 3601 2485 3674 (Ιι)
2527 3600 2845 3674 Ριιιει.·ςιιιιι
2872 3598 3164 3674 δίῃηιίἰιιὶ)
3192 3597 3503 3673 Ancyrana:
3538 3597 3720 3674 synodi
3741 3591 3880 3674 legatis

2326 3667 2608 3732 conventi.
2641 3670 3046 3726 deﬁnitionibus
3069 3673 3281 3726 illorum
3304 3667 3653 3728 subscribére
3673 3667 3880 3736 compulsi

2325 3751 2482 3803 sunt.
2517 3746 2709 3812 quibus
2737 3743 3068 3814 damnantur
3093 3783 3108 3806 ,
3151 3745 3244 3814 qui
3276 3743 3477 3799 Filium
3513 3759 3640 3800 vere
3663 3750 3712 3797 et
3736 3753 3880 3814 secun-

2321 3815 2455 3870 dum
2504 3811 2858 3870 substantiam
2908 3812 3072 3886 lilium
3102 3811 3223 3886 esse
3267 3827 3510 3886 negant;
3551 3824 3642 3872 aut
3687 3811 3878 3886 quicum

2323 3896 2538 3941 tantum
2585 3885 2880 3941 secundum
2923 3883 3221 3940 efﬁcaciam
3255 3881 3448 3946 lilium.
3485 3899 3539 3942 et
3579 3887 3776 3942 Patrem
3800 3881 3878 3938 dis-

2319 3959 2524 4012 similis
2573 3956 2674 4013 sibi
2705 3958 2955 4012 essentia:
2985 3966 3187 4022 natrem
3211 3972 3332 4013 esse
3357 3958 3656 4014 affirmant.
3689 3954 3786 4011 για.
3807 3953 3875 4011 lib.

2319 4031 2387 4084 de
2409 4031 2616 4101 Synod.
2653 4045 2707 4085 ιι.
2741 4027 2818 4101 ιιι
2849 4039 2916 4101 et_
2952 4028 3040 4101 l9.
3087 4029 3356 4085 Praeterea
3397 4029 3755 4101 Epiphanius.
3777 4027 3875 4101 intr.

2318 4095 2504 4167 ιιχιιί,
2528 4099 2844 4156 earumdem
2881 4097 3233 4156 Orientalmm
3258 4095 3792 4157 “bellant—describit.
3828 4095 3874 4152 ad

2317 4179 2470 4242 cujus
2494 4180 2697 4228 calcem
2729 4188 2878 4242 num.
2902 4171 2995 4236 2:4,
3031 4172 3227 4242 legitur
3257 4189 3270 4226 :
3302 4173 3362 4228 Si
3385 4174 3508 4241 quis
3547 4190 3648 4227 non
3677 4172 3726 4226 in
3751 4169 3876 4242 Otlllll-f

2318 4241 2408 4298 bus
2435 4245 2654 4298 similem
2694 4259 2800 4298 esse
2843 4241 2992 4297 Patri
3047 4241 3266 4309 Filium,
3308 4244 3733 4312 quemadmodum
3777 4241 3876 4312 patri

2317 4318 2500 4372 similis
2531 4323 2602 4371 est
2630 4314 2811 4386 ﬁlius;
2841 4313 2930 4370 sed
2952 4315 3211 4370 voluntate
3233 4311 3480 4383 similem,
3507 4313 3777 4372 substantia
3793 4311 3874 4364 dis-

2316 4389 2532 4442 similem
2551 4404 2657 4442 csse
2677 4386 2886 4451 dixerit,
2904 4389 3176 4442 anathema
3201 4388 3301 4443 sit:
3321 4391 3485 4459 eique
3508 4386 3787 4445 deﬁnitioni
3806 4399 3876 4438 no-

2317 4461 2556 4514 minatim
2585 4459 2864 4516 Valentem
2897 4460 3286 4529 subscripsisse
3337 4461 3680 4516 testiﬁcatur.
3721 4459 3873 4529 Antea,

2318 4545 2414 4602 pro
2440 4532 2492 4584 in
2519 4531 2868 4591 conventibus,
2894 4532 3033 4602 torte
3073 4525 3360 4602 legendum
3405 4530 3793 4602 conniventibus.
3833 4525 3874 4602 in

2321 4599 2419 4658 hac
2441 4604 2583 4658 enim
2609 4617 2796 4658 eorum
2825 4599 3222 4671 subscriptione
3246 4601 3561 4659 Orientales
3589 4599 3875 4671 conniventi:

2320 4689 2476 4800 ιιεῖδῦ
2493 4687 2617 4730 esse
2669 4682 2819 4728 notat
2874 4689 2938 4728 ac
2969 4666 3150 4730 laudat
3201 4675 3459 4744 Hilarius,
3491 4675 3587 4731 lib.
3611 4676 3676 4730 de
3711 4666 3871 4744 Synod.

2321 4763 2378 4800 ιι.
2423 4767 2434 4796 ι
2483 4789 2494 4798 .

2321 4763 2378 4802 ιι.
2406 4753 2494 4800 (i5.

2389 4818 2453 4890 (ἰ)
2491 4817 2570 4890 Ita
2609 4816 2972 4890 emendamtts
2994 4833 3008 4870 :
3039 4833 3160 4874 cum
3191 4833 3258 4873 ex
3305 4832 3405 4873 ms.
3461 4818 3610 4874 Pith.
3653 4815 3871 4890 vulgatum

2313 4884 2482 4956 esset,
2515 4889 2578 4946 de
2609 4905 2725 4962 vero
2761 4899 2906 4960 patre
2936 4887 3106 4944 Deum
3152 4905 3328 4945 verum
3363 4891 3696 4962 unigenitum
3745 4884 3870 4962 Deus

2311 4971 2490 5015 uatum
2523 4957 2906 5031 pt'tedicasscm.
2965 4962 3187 5017 Planum
3237 4973 3320 5018 est
3361 4961 3453 5018 hic
3475 4957 3605 5018 'eam
3639 4957 3871 5031 [tirltllliaﬂl

2312 5029 2553 5106 refutari,
2608 5049 2672 5089 ex
2723 5051 2826 5106 qua
2901 5036 3197 5089 Auxentius
3267 5033 3772 5106 posteaAprol'essns

2307 5096 2581 5176 Christum
2622 5096 2755 5176 ante.
2786 5106 2958 5160 omnia
2988 5117 3215 5176 tempora
3242 5096 3420 5160 natum
3457 5096 3628 5161 Deum
3651 5096 3870 5176 vernuli-

2309 5175 2438 5230 lt'um
2466 5193 2529 5232 ea:
2555 5193 2673 5231 vero
2700 5173 2811 5230 Deo
2841 5186 3004 5244 patre.
3044 5169 3196 5244 Quod
3245 5188 3427 5232 autem
3473 5179 3581 5232 sub
3633 5177 3707 5230 bis
3736 5169 3871 5225 verbis

2307 5249 2453 5304 virus
2486 5250 2670 5314 lateat,
2701 5248 2959 5316 Hilarius,
2987 5247 3080 5304 lib.
3131 5259 3322 5305 contra
3365 5248 3628 5306 eumdem
3679 5244 3865 5306 Αυιοηι·

2310 5337 2360 5372 ιι.
2393 5322 2426 5374 5
2453 5332 2505 5373 et
2539 5320 2592 5385 7,
2627 5320 2851 5390 detegit.

2383 5391 2472 5465 (1)Δ
2499 5382 2782 5465 Relictttm'
2801 5391 2884 5446 hic
2914 5398 3032 5446 erat
3059 5392 3316 5465 spatium,
3350 5405 3460 5462 quo
3509 5393 3660 5465 plura
3703 5382 3868 5465 deside-

2309 5459 2629 5518 rari'lector
2651 5463 3056 5518 admoneretur.
3088 5459 3299 5533 integra
3327 5459 3527 5520 tamen
3563 5459 3759 5520 censeri
3799 5465 3869 5533 pq-

2309 5541 2410 5588 [est
2437 5536 2610 5590 oratio
2641 5552 2652 5588 :
2679 5550 2782 5605 qua
2826 5550 2942 5589 eam
2997 5523 3444 5606 dumtaiat,quac
3466 5538 3768 5613 angelorum
3785 5523 3870 5580 ani-

2309 5621 2622 5655 tnarumttue
2673 5618 2976 5655 nostrarum
3056 5623 3271 5655 nrtmrm
3339 5620 3423 5655 est
3454 5653 3466 5655 _
3550 5609 3862 5655 mternttllem

3550 5620 3731 5664 κιαι-ιιι
