4062 6332
678 260 778 318 τιι

1912 257 2160 318 SANCTI
2200 256 2454 316 HILARII
2494 258 2799 318 EPISCOPI
3796 268 3867 325 712
3956 256 3957 311 ι

676 371 798 427 dem
830 371 1029 428 diaboli
1056 379 1112 429 et
1141 371 1508 437 conspirantia
1542 371 1802 428 adversus
1832 370 2131 427 Ecclesiam
2162 371 2269 426 Do-
2298 377 2353 438 Α
2376 369 2592 427 cibilem
2623 373 3002 442 praedicamus,
3043 373 3141 431 sed
3172 372 3316 444 quod
3348 373 3559 446 impium
3584 376 3646 432 sit
3667 383 3866 449 maxime,
3956 369 3957 447 ἰ

673 463 810 519 mini
853 464 1237 522 ba-reticorum
1287 466 1502 537 ingenia
1549 466 1940 537 cognovimus,
1981 464 2064 535 (a)
2094 473 2153 517 ut
2194 463 2273 517 di-

671 562 773 618 visi
814 561 868 618 in
901 565 1145 635 partibus
1174 562 1413 619 Orientis
1456 571 1620 633 alque
1664 559 1974 616 Occidentis
1996 602 2009 624 ,
2042 560 2272 615 diversis

675 655 908 713 invicem
940 656 1285 727 opinionibus
1326 655 1659 711 fallerentur.
1706 653 1840 709 Nam
1874 654 2053 724 plures
2079 668 2271 709 nume-

670 765 768 818 ro,
800 750 890 822 qui
922 760 1013 807 aut
1044 748 1276 807 Arimini
1305 760 1395 805 aut
1426 748 1618 805 Nicaea:
1650 746 1932 821 (Thracia?)
1962 746 2267 815 adfuerunt,

669 843 774 898 sub
819 844 1140 899 auctoritate
1184 843 1347 899 vestri
1412 842 1647 898 nominis
1695 841 1762 896 ad
1807 840 1938 895 asia:
1992 840 2265 895 silentium

678 944 805 989 sunt
849 934 1024 990 coacti
1075 951 1089 988 :
1137 933 1280 1004 quod
1330 934 1554 991 verbum
1607 948 1636 986 a
1678 931 1832 987 vobis
1875 931 2147 1003 quondam
2190 930 2265 1004 (ὁ)

677 1037 866 1083 contra
900 1025 1360 1082 Ariomanitarum
1408 1025 1660 1081 hazresim
1692 1023 1965 1080 inventum
1992 1065 2006 1092 ,
2049 1038 2078 1077 a
2111 1023 2269 1080 nobis

664 1136 881 1194 semper
905 1130 1093 1179 sancte
1129 1121 1471 1193 ﬁdeliterque
1501 1128 1810 1188 susceptum
1834 1128 1945 1174 est.

733 1213 790 1268 2.
825 1213 941 1281 Quo
974 1230 1125 1270 sensu
1154 1213 1381 1285 synodus
1411 1212 1714 1267 homousion
1755 1211 2115 1284 amplectatur.
2146 1209 2263 1264 Ho-

659 1309 909 1364 ntazusion
938 1325 1040 1363 non
1068 1310 1283 1379 respuit.
1330 1337 1400 1350 -—-
1425 1306 1560 1363 Nam
1603 1306 1926 1362 homousion
1955 1320 2263 1361 sermonem

659 1402 726 1458 ad
765 1417 945 1457 veram
993 1411 1051 1459 et
1095 1402 1387 1474 legitimam
1433 1417 1500 1457 ex
1538 1402 1653 1458 Deo
1684 1412 1835 1472 patre
1875 1399 2134 1471 unigeniti
2169 1398 2262 1455 Dei

665 1493 1003 1551 nativitatem
1049 1509 1237 1551 sumus
1265 1495 1537 1565 amplexi,
1583 1495 1921 1552 detestantes
1961 1493 2260 1549 secundum

664 1587 884 1646 Sabellii
917 1587 1281 1657 blasphemias
1303 1588 1473 1657 ipsam
1507 1588 1782 1651 unionem,
1819 1601 1993 1656 neque
2022 1586 2259 1657 aliquam

664 1692 871 1753 partem
907 1681 1084 1737 Patris
1110 1696 1235 1738 esse
1264 1680 1461 1736 Filium
1487 1680 1888 1752 intelligentes;
1921 1679 2016 1735 sed
2048 1695 2115 1735 ex
2145 1688 2260 1735 toto

2380 464 2492 519 Deo
2540 473 2842 537 temporum
2876 476 3088 536 tempus
3130 467 3345 538 aliquod
3385 468 3659 534 anteferre;
3689 487 3783 527 cum
3814 476 3868 544 ip-

2382 569 2502 611 sum
2533 557 2665 613 illud
2689 600 2703 623 ,
2731 570 3005 630 antequam
3032 571 3324 616 nasceretur
3371 577 3471 616 non
3500 564 3614 627 fuit,
3640 566 3702 619 sit
3722 576 3871 636 tempo-

2373 649 2471 704 ris.
2525 649 2631 706 Sed
2672 658 2729 707 et
2768 651 3111 710 obedientem
3140 669 3359 725 quoque
3394 653 3533 710 Patri
3562 654 3725 712 Filium
3748 659 3870 715 etiam

2375 757 2543 814 usque
2587 744 2654 799 ad
2707 755 2938 803 mortem
2991 748 3204 814 crucis,
3256 748 3545 804 secundum
3585 750 3868 809 inﬁrmitatem

2371 835 2643 907 adsumpti
2688 837 2944 904 hominis,
2991 855 3097 895 nou
3131 856 3389 912 negamus
3421 858 3574 903 :cum
3596 844 3694 913 ipse
3733 845 3870 901 dead-

2370 946 2567 987 seensu
2593 947 2694 987 suo
2723 933 2789 990 ad
2821 934 2988 990 caelos
3027 934 3236 991 locutus
3266 937 3336 991 sit
3371 954 3384 990 :
3418 936 3480 993 Si
3522 937 3759 1009 diligentis
3788 956 3868 1005 me,

2376 1029 2667 1097 gauderetis
2704 1030 2826 1099 quia
2866 1030 2996 1083 vado
3025 1030 3094 1083 ad
3142 1027 3388 1095 Patrem;
3430 1032 3546 1101 quia
3590 1029 3723 1085 Pater
3756 1034 3870 1103 major

2367 1135 2447 1175 me
2468 1131 2542 1175 est
2570 1120 2747 1193 (Joan.
2773 1138 2890 1186 1W,
2915 1121 3031 1188 28).
3061 1121 3163 1177 Per
3182 1121 3336 1191 cujus
3359 1122 3534 1177 carnis
3558 1121 3867 1194 susceptionem

2374 1226 2474 1268 nos
2519 1212 2620 1268 sibi
2654 1212 2848 1270 fratres
2894 1229 3311 1285 connuncuparc
3355 1214 3596 1286 dignatus
3632 1227 3704 1271 est
3742 1216 3867 1289 (toan.

2365 1320 2455 1372 xx,
2488 1303 2602 1379 l7),
2633 1322 2755 1363 cum
2779 1306 2832 1362 in
2862 1306 3034 1362 forma
3063 1307 3161 1363 Dei
3192 1322 3439 1375 manens,
3469 1308 3626 1363 forma
3652 1310 3766 1364 servi
3784 1325 3868 1365 esse

2364 1398 2553 1454 voluit.

2434 1493 2491 1548 4.
2523 1491 2687 1566 Lapsi
2730 1503 3009 1549 retractant
3043 1495 3181 1558 quod
3221 1503 3507 1567 gesserunt.
3536 1492 3719 1549 Erroris
3739 1505 3865 1549 amto-

2362 1602 2446 1641 res
2477 1587 2744 1643 damnant.
2793 1588 3007 1657 Itaque,
3048 1586 3522 1652 Charissimi,eum
3548 1604 3609 1643 ex
3637 1588 3789 1643 litteris
3808 1604 3868 1643 ve-

2364 1682 2493 1736 Stris
2535 1681 2587 1735 in
2617 1684 2754 1736 usiae
2795 1683 3012 1737 silentio
3048 1680 3288 1738 fraudem
3319 1696 3378 1736 se
3407 1695 3610 1752 passam
3631 1679 3867 1750 simplicitas

654 1785 817 1847 atque
843 1774 1082 1846 perfecto
1124 1775 1430 1831 innascibtli
1475 1775 1585 1831 Deo
1611 1818 1625 1842 ,
1654 1766 1826 1830 totum
1858 1783 2019 1845 atque
2045 1774 2255 1844 perfec-
2284 1776 2331 1836 B
2358 1784 2542 1830 nostra
2594 1785 2917 1846 cognoscat;
2951 1777 3111 1831 etiam
3161 1777 3411 1847 pietatem
3440 1791 3619 1831 eorum
3643 1818 3657 1839 ,
3684 1776 3756 1845 qui
3787 1775 3867 1828 Ari-

654 1875 767 1923 tum
810 1869 1144 1941 unigenitum
1176 1868 1342 1925 Deum
1376 1875 1593 1935 natum,
1626 1869 1786 1923 unius
1807 1884 1838 1923 a
1874 1869 2029 1923 nobis
2052 1868 2254 1923 ideirco

648 1961 820 2035 699
846 1962 928 2018 vel
969 1961 1105 2018 asia:
1137 1962 1221 2016 vel
1259 1960 1579 2017 substantiae
1617 1976 1738 2018 cum
1790 1964 1900 2018 Deo
1941 1972 2095 2032 patre
2125 1976 2255 2016 con-

655 2057 881 2121 fessum,
928 2070 995 2111 ne
1024 2063 1274 2111 creatura
1315 2055 1517 2126 potius,
1559 2063 1652 2110 aut
1679 2053 1917 2127 adeptio,
1952 2066 2043 2110 aut
2067 2056 2254 2126 appel-

651 2150 785 2207 latio
828 2152 1122 2209 videretur.
1158 2150 1228 2207 Et
1269 2153 1393 2223 quia
1426 2166 1494 2207 ex
1530 2149 1650 2220 ipso
1680 2158 1863 2216 esset,
1908 2156 1967 2203 ut
1999 2163 2068 2204 ex
2101 2155 2251 2217 patre

647 2245 880 2312 ﬁlius,ut
898 2262 965 2302 ex
992 2247 1101 2303 Deo
1126 2247 1443 2311 Deus,ntex
1457 2246 1652 2301 virtute
1670 2244 1863 2309 virtus,
1889 2253 1946 2298 ut
1963 2258 2030 2298 ex
2058 2242 2249 2313 spiritu

649 2338 876 2409 Spiritus
899 2382 916 2409 ,
947 2351 1006 2396 ut
1029 2340 1208 2397 lumen
1243 2355 1313 2395 ex
1344 2338 1573 2405 lumine;
1603 2336 2005 2392 similitudinem
2033 2349 2249 2405 quoque

649 2431 768 2502 ejus
784 2432 849 2487 ad
874 2433 1037 2487 Deum
1059 2441 1262 2502 patrem
1288 2446 1392 2488 n0n
1418 2430 1570 2486 inviti
1586 2431 1864 2485 audientes
1882 2426 2106 2501 (quippe
2122 2442 2245 2482 cum

641 2522 821 2597 imago
849 2524 1140 2580 invisibilis
1172 2525 1262 2580 Dei
1286 2523 1381 2595 sit)
1413 2521 1641 2594 (Coloss.
1671 2536 1711 2589 ι,
1745 2522 1857 2587 l3),
1887 2519 1982 2574 sed
2008 2534 2125 2573 eam
2153 2535 2244 2574 so-

646 2617 755 2673 lam
784 2617 1198 2673 similitudinem
1228 2616 1443 2689 dignam
1475 2616 1542 2670 ad
1583 2615 1796 2671 Patrem
1839 2611 2203 2683 intelligentes
2227 2652 2242 2675 ,

642 2726 765 2784 quae
809 2714 923 2767 veri
960 2712 1050 2767 Dei
1093 2710 1160 2765 sit
1194 2711 1260 2766 ad
1306 2711 1472 2766 Deum
1516 2724 1702 2764 verum
1736 2726 1749 2761 :
1793 2708 1862 2762 ita
1892 2720 1949 2763 ut
1981 2721 2086 2762 non
2113 2707 2244 2760 unio

644 2803 963 2871 divinitatis,
995 2802 1089 2860 sed
1117 2801 1293 2858 unitas
1321 2801 1651 2874 intelligatur
1677 2819 1690 2863 ;
1729 2801 1852 2870 quia
1879 2800 2008 2855 unio
2035 2801 2106 2854 sit
2132 2799 2243 2854 sin-

640 2898 880 2970 gularis,
913 2897 1091 2953 unitas
1134 2913 1263 2954 vero
1293 2897 1591 2953 secundum
1624 2896 1927 2951 nativitatis
1957 2896 2238 2950 veritatem

633 2989 913 3060 plenitudo
968 2990 1249 3049 nascentis
1286 2991 1356 3044 sit
1389 3006 1401 3044 :
1436 2987 1670 3044 maxime
1691 3002 1812 3043 cum
1839 2986 2095 3042 Dominus
2123 2984 2241 3055 ipse

631 3082 791 3141 Jesus
820 3083 1071 3139 Christus
1110 3083 1175 3138 ad
1214 3082 1508 3155 discipulos
1538 3097 1666 3138 suos
1706 3083 1779 3136 sit
1808 3082 2082 3153 professus
2108 3122 2124 3145 ,
2157 3080 2239 3134 (li-

2358 1869 2509 1925 mino
2538 1869 3065 1938 Constantinopolim
3097 1878 3459 1937 reverterunt,
3489 1878 3779 1934 conventus.
3798 1870 3869 1924 sic-

2360 1973 2419 2016 ut
2467 1963 2697 2033 epistola
2729 1966 2805 2033 (c)
2837 1972 3011 2018 vestra
3058 1974 3311 2019 contenta
3354 1970 3609 2028 testatur,
3650 1978 3867 2033 nequeetts

2355 2054 2424 2111 ad
2461 2066 2727 2111 tantarum
2776 2055 3240 2124 blasphemiarum
3276 2056 3671 2112 damnationem
3696 2056 3867 2127 potuisse

2353 2152 2682 2220 compellere
2703 2194 2717 2217 ,
2747 2151 2910 2225 700
2938 2150 3109 2207 ﬁdelis
3137 2151 3394 2207 dominici
3422 2152 3650 2207 nominis
3674 2149 3866 2221 paciliu-

2354 2253 2440 2300 tor
2484 2244 2648 2300 frater
2695 2255 2881 2300 noster
2916 2243 3151 2299 Hilarius
3190 2244 3522 2300 uuntiaverit
3553 2262 3568 2298 :
3599 2257 3687 2298 nos
3714 2254 3865 2312 quodue

2355 2337 2423 2393 ab
2446 2337 2529 2392 his
2554 2337 2824 2400 omnibus.
2850 2355 2968 2408 quae
2998 2354 3094 2407 per
3110 2338 3473 2408 ignorantiam
3494 2352 3747 2409 perperam
3764 2344 3864 2407 gest:

2349 2429 2497 2496 sunt,
2529 2428 2814 2486 referimus
2845 2448 2858 2484 :
2890 2433 3217 2487 Auxentium
3254 2441 3309 2487 et
3339 2431 3618 2488 Ursacium
3656 2445 3712 2485 ac
3734 2429 3868 2484 Valea-

2355 2522 2714 2589 tetn,Gaium,
2740 2522 3028 2591 Megasinm
3046 2532 3100 2579 et
3124 2522 3392 2580 Justinum
3412 2523 3497 2597 (ά)
3515 2522 3868 2580 excommunica-

2351 2621 2433 2669 tos
2461 2615 2732 2672 habemus
2761 2616 3058 2671 secundum
3091 2616 3295 2671 litteras
3324 2625 3533 2672 vestras
3564 2636 3577 2671 :
3604 2626 3655 2673 et
3674 2625 3807 2679 certe,
3829 2623 3866 2668 ut

2347 2705 2614 2770 diximus,
2650 2707 2806 2776 juxta
2846 2706 3027 2763 fratris
3063 2710 3231 2764 nostri
3277 2708 3465 2765 Hilarii
3500 2710 3859 2779 proles-sionem

2344 2798 2515 2868 quise
2544 2814 2727 2868 pacem
2749 2816 2870 2854 cum
2897 2802 2979 2856 his
3003 2805 3090 2872 qui
3129 2800 3315 2855 horum
3339 2811 3675 2858 sectarentur
3691 2813 3865 2862 errores.

2350 2890 2655 2947 habiturum
2716 2895 2929 2964 negavit
2971 2912 2984 2948 ;
3034 2895 3393 2967 blasphemias
3444 2913 3655 2968 quoque
3694 2910 3867 2955 omnes,

2343 3000 2478 3055 quas
2515 2985 2709 3040 litteris
2749 2984 2949 3040 vestris
2981 2987 3286 3056 subjecistis
3309 3027 3325 3051 ,
3374 2987 3706 3048 damnamus.
3747 2983 3867 3040 uiati-

2344 3092 2536 3147 meque
2560 3092 2745 3132 eorum
2771 3077 3080 3134 sacerdotes
3101 3090 3376 3149 apostatas
3403 3091 3724 3152 respuentcs,
3744 3081 3811 3149 qui
3830 3082 3868 3129 in

631 3189 763 3232 cens
796 3192 810 3228 :
842 3173 957 3247 Ego
995 3187 1039 3230 et
1072 3173 1231 3231 Pater
1268 3192 1429 3230 unum
1466 3192 1640 3230 sumus
1668 3171 1847 3246 (Joan.
1886 3189 1943 3240 Χ,
1976 3171 2101 3246 30);
2132 3188 2239 3244 quo
2267 3179 2313 3242 ρ
2345 3171 2458 3225 loca
2493 3169 2713 3225 fratrum
2742 3171 3117 3242 indignissime
3152 3173 3518 3228 exsulantium
3545 3216 3560 3241 ,
3590 3169 3868 3241 quorumdam

632 3283 741 3323 non
766 3269 938 3323 solum
964 3268 1282 3324 cbaritatem
1306 3282 1426 3339 qua:
1442 3268 1508 3322 ad
1534 3269 1745 3323 Patrem
1767 3276 1869 3333 est,
1896 3267 1990 3322 sed
2019 3273 2075 3321 et
2095 3265 2234 3319 divi-

639 3360 862 3416 nitatem
896 3376 1014 3425 qua:
1060 3360 1153 3416 Dei
1189 3376 1257 3415 ex
1293 3361 1403 3417 Deo
1443 3370 1524 3414 est
1553 3402 1567 3425 ,
1601 3359 1903 3430 signiﬁcat;
1936 3359 2232 3415 secundum

629 3454 760 3508 illttd
787 3472 799 3508 :
827 3454 1032 3523 Quinte
1052 3454 1199 3523 vidit,
1225 3455 1350 3509 vidit
1373 3464 1421 3510 et
1444 3454 1658 3510 Patrem
1689 3455 1873 3528 (Joan.
1904 3470 2011 3522 xtv,
2035 3454 2129 3527 9);
2156 3465 2230 3523 et,

634 3545 697 3602 Si
736 3546 863 3601 mihi
906 3563 1008 3602 non
1039 3547 1192 3603 vultis
1229 3548 1457 3614 credere,
1484 3550 1563 3602 vel
1589 3547 1826 3620 operibus
1854 3550 1979 3603 meis
2019 3546 2228 3613 credite,

625 3639 748 3711 quia
780 3637 937 3695 Pater
956 3640 1009 3695 in
1032 3655 1110 3695 me
1133 3650 1236 3707 est,
1270 3650 1320 3694 et
1348 3656 1440 3711 ego
1465 3640 1519 3694 in
1542 3639 1702 3695 Patre
1732 3639 1911 3711 (Joan.
1952 3655 2008 3706 ι,
2041 3638 2156 3706 58).

693 3733 749 3789 5.
781 3729 830 3786 F
832 3733 951 3788 ilius
972 3745 1091 3788 ante
1113 3743 1332 3806 tempus.
1351 3730 1513 3788 Patre
1535 3734 1705 3788 minor
1728 3734 1779 3787 in
1802 3732 1967 3803 forma
1990 3733 2139 3787 servi.
2161 3763 2231 3773 —

619 3825 773 3882 lianc
824 3826 991 3899 igitur
1042 3825 1201 3883 ﬁdem
1255 3840 1474 3898 semper
1497 3835 1763 3893 tenentes,
1811 3834 1866 3881 et
1894 3825 2225 3890 tenebimus,

618 3919 956 3978 detestantes
999 3936 1213 3993 quoque
1240 3937 1335 3978 eos
1380 3922 1470 3993 qui
1518 3921 1746 3988 dicunt,
1792 3919 1916 3975 Non
1962 3930 2072 3975 erat
2112 3929 2229 3975 ante

617 4029 776 4084 quam
804 4026 1099 4071 nasceretur
1122 4030 1142 4070 :
1170 4031 1278 4071 non
1303 4016 1447 4087 quod
1478 4016 1816 4086 unigenitum
1846 4015 2013 4071 Deum
2042 4013 2226 4071 innas-

619 4132 916 4190 minantem
931 4133 1415 4203 viderunt,abjecta
1430 4133 1574 4187 onmi
1593 4131 1934 4187 cunctatione
1953 4130 2186 4186 Oeciden
2198 4161 2214 4172 -

622 4206 805 4259 talium
836 4206 1189 4276 patrocinium
1221 4206 1523 4276 quaesiisse.
1557 4204 1664 4260 Sed
1693 4220 1813 4259 cum
1846 4204 1946 4257 hoc
1978 4203 2214 4257 ollicitnn

616 4276 719 4330 sibi
762 4274 985 4331 minime
1015 4287 1298 4348 sperari-ut
1328 4291 1423 4345 per
1451 4274 1810 4331 Ariminensis
1841 4276 2044 4348 synodi
2071 4276 2218 4348 lega-

615 4354 722 4411 t0s,
749 4362 885 4417 quos
916 4347 1055 4402 cum
1076 4348 1402 4403 adversariis
1427 4352 1540 4402 suis
1568 4350 1828 4403 societate
1853 4357 1911 4401 et
1958 4347 2214 4401 haeretica

616 4418 879 4486 pravitate
904 4419 1221 4487 conjunctos
1261 4420 1596 4484 cernebant;
1631 4419 1757 4472 illud
1787 4420 1854 4471 ab
1887 4418 2090 4472 llilario
2121 4433 2215 4486 per

615 4488 824 4545 litteras
849 4491 1143 4554 extietiere.
1178 4490 1249 4545 lis
1292 4500 1471 4544 autem
1506 4488 1729 4549 litteris,
1755 4500 1815 4542 ut
1838 4505 1902 4544 ex
1936 4490 2205 4558 sequenti-

2337 3272 2432 3318 aut
2474 3263 2813 3335 ignoratione
2859 3273 2951 3319 aut
2998 3265 3271 3333 impietate
3312 3264 3387 3337 te)
3451 3276 3577 3321 sunt
3622 3262 3868 3320 substituti:

2339 3356 2662 3427 pollicentes
2694 3357 2795 3412 hoc
2817 3373 3001 3412 coram
3039 3357 3148 3413 Deo
3187 3366 3348 3429 atque
3373 3358 3542 3415 etiam
3570 3358 3861 3417 conﬁtentes,

2337 3459 2395 3503 ut
2425 3448 2653 3520 quisque
2683 3449 2786 3514 his,
2815 3464 2939 3521 qum
2968 3450 3277 3515 statuimus,
3315 3454 3457 3506 intra
3487 3453 3691 3509 Gallias
3706 3460 3869 3522 putare.

2336 3540 2407 3596 rit
2429 3542 2793 3611 renitendum,
2827 3560 2854 3596 a
2883 3544 3267 3599 conununionc
3298 3560 3362 3598 ac
3396 3545 3531 3601 sede
3560 3537 3867 3599 sitsacerdotii

2336 3637 2693 3707 abjiciendus.
2738 3637 2927 3709 Neque
2954 3640 3099 3695 enim
3126 3682 3139 3705 ,
3176 3648 3232 3694 ut
3256 3639 3391 3694 alias
3418 3682 3433 3705 ,
3476 3648 3573 3695 aut
3597 3638 3867 3694 occasimiem

2346 3732 2678 3803 praedicandi
2706 3736 2772 3803 (f)
2817 3750 2920 3787 non
2960 3732 3268 3787 damnando
3291 3736 3615 3801 permittens
3636 3773 3651 3797 ,
3677 3741 3752 3786 aut
3773 3743 3864 3781 cou-

2335 3834 2415 3880 tra
2448 3824 2613 3880 Deum
2655 3837 2709 3881 et
2737 3825 2938 3881 Christi
2964 3828 3223 3898 uuigeuiti
3257 3826 3352 3882 Dei
3385 3830 3713 3897 maiestatem
3736 3824 3866 3881 aliter.

2333 3934 2491 3989 quam
2541 3934 2641 3974 nos
2670 3919 2737 3975 de
2772 3919 3037 3976 homousii
3089 3921 3486 3990 signiﬁcatione
3545 3920 3780 3975 sentimus
3801 3913 3866 3968 oli-

2334 4016 2514 4069 nitens
2537 4058 2551 4081 ,
2587 4014 2779 4086 dignus
2809 4015 2910 4070 erit
2942 4017 3230 4071 sanctitate
3260 4015 3557 4070 sacerdotii
3583 4012 3867 4077 nominisju-

2324 4129 2607 4185 litudinem
2636 4130 2801 4199 probe
2827 4130 3154 4186 intellectam
3182 4149 3288 4186 non
3317 4141 3603 4202 reSpuunt.
3631 4131 3733 4186 Vid.
3764 4128 3795 4183 i.
3819 4126 3864 4179 de

2324 4203 2525 4274 synod.
2555 4219 2607 4256 ιι.
2642 4202 2712 4258 68
2742 4213 2794 4258 et
2824 4204 2915 4269 88,
2943 4215 2997 4258 et
3024 4202 3119 4256 lib.
3154 4206 3202 4258 in
3235 4205 3424 4258 Const.
3458 4222 3517 4258 ιι.
3551 4206 3640 4259 22.

2398 4273 2472 4349 (c)
2503 4273 2657 4329 Alias
2682 4291 2764 4350 rx
2808 4291 2908 4327 ms.
2973 4275 3153 4350 Pith._,
3187 4286 3361 4330 nostra
3390 4287 3626 4350 contenta
3666 4279 3864 4350 testatur,

2320 4344 2483 4418 neque
2511 4362 2594 4401 eos
2623 4344 2694 4399 ad
2719 4356 2913 4400 tantam
2936 4362 3044 4400 rem
3078 4348 3536 4418 blasphemiarum.
3571 4348 3645 4403 Ex
3675 4344 3866 4418 stlpt‘l‘i'l'

2318 4416 2406 4472 ris
2428 4416 2734 4487 Fragmenti
2755 4419 3058 4494 collatione
3102 4416 3455 4494 loeunrhunc
3502 4423 3569 4475 ita
3601 4416 3866 4494 eruendam-

2320 4504 2507 4543 ramus
2535 4531 2549 4555 ,
2593 4504 2714 4544 cum
2754 4490 3125 4545 Hertnantium
3161 4506 3225 4545 ac
3273 4491 3623 4547 Sirmundum
3653 4490 3865 4556 Competi-

614 4560 716 4615 bus
738 4552 1053 4632 perpiruum
1084 4572 1186 4629 eSI,
1216 4562 1314 4631 ipsi
1342 4563 1393 4614 in
1419 4561 1608 4630 primis
1636 4552 2031 4633 sigu‘iliCabant,
2055 4574 2115 4615 se
2142 4561 2209 4614 ab
2235 4552 2291 4613 D
2316 4577 2435 4615 mus
2467 4552 2621 4616 nobis
2665 4563 3091 4617 consentientes.
3126 4562 3219 4617 Ille
3259 4573 3414 4619 antea
3447 4552 3867 4633 impietatemiml-

612 4631 847 4689 inimicis
876 4632 968 4686 lilii
1003 4634 1095 4688 Dei
1121 4648 1242 4688 esse
1270 4634 1579 4702 depositus.
1625 4631 1765 4699 ipiod
1797 4648 1984 4685 eorum
2017 4634 2206 4687 adver-

613 4712 862 4758 sarentur
886 4705 1253 4775 blasphemiis,
1287 4720 1350 4759 ac
1378 4704 1694 4759 substantia;
1735 4703 2054 4759 vocabulum
2078 4717 2207 4758 con-

611 4775 944 4848 atantissitne
971 4785 1383 4848 propugnarent.
1399 4817 1413 4830 .

686 4844 762 4917 (a)
796 4844 1318 4904 Notat’Suzomenus
1358 4849 1450 4903 lib.
1481 4863 1553 4911 tv,
1586 4861 1640 4903 c.
1685 4847 1753 4904 i9
1778 4888 1793 4913 ,
1830 4845 2204 4902 Occidentales

610 4932 719 4973 non
752 4932 845 4972 sua
877 4927 1092 4987 sponte,
1124 4920 1218 4975 sed
1249 4920 1603 4976 Orientalium
1635 4934 1794 4973 causa
1823 4935 1852 4972 a
1889 4920 2205 4973 subSIantiae

610 5003 746 5045 voce
795 4992 1126 5057 recessisse,
1156 4997 1305 5059 quasi
1357 4992 1504 5047 illam
1552 5005 1742 5046 omnes
1785 4998 2197 5055 aversarentur;

609 5062 757 5131 (cum
794 5069 982 5117 eontra
1031 5078 1220 5118 omnes
1248 5104 1262 5126 ,
1296 5063 1528 5129 demptis
1577 5063 1785 5130 paucis,
1831 5060 2024 5117 Filium
2056 5059 2197 5115 Patri

606 5133 904 5205 substantia
922 5135 1203 5205 _similemi
1238 5133 1615 5205 assererem);
1665 5149 1867 5203 eosque
1919 5142 2199 5205 propterea

607 5203 802 5259 Nicaeae
833 5203 887 5259 in
916 5203 1147 5260 Thracia
1176 5204 1267 5259 diu
1295 5203 1561 5260 detentus
1586 5218 1707 5260 esse
1735 5247 1749 5271 ,
1781 5220 1849 5260 ne
1887 5204 2025 5259 l‘orte
2057 5203 2201 5259 frau-

606 5276 729 5331 dein
761 5276 1253 5345 deprehenderent.

678 5345 754 5421 (ὁ)
796 5347 1053 5421 Nimirum
1084 5347 1303 5404 Nicmtto
1342 5346 1570 5404 concilio
1596 5364 1693 5421 an.
1716 5348 1822 5421 325
1842 5389 1857 5413 ,
1884 5346 2194 5421 qu0d_cum

604 5417 970 5475 Orientalibus
998 5422 1338 5490 potissimum
1364 5426 1659 5485 constaret,
1682 5418 1812 5488 ipsis
1839 5418 1998 5473 etiam
2026 5417 2195 5474 Galli-

604 5492 723 5543 cani
777 5492 1015 5561 episcopi
1062 5492 1208 5546 vocis
1255 5492 1561 5545 homousion
1613 5491 1980 5561 inventionem
2049 5498 2197 5561 tanto

608 5561 852 5633 tribuunt
875 5562 1150 5633 libentius,
1176 5578 1282 5633 quo
1304 5577 1396 5618 ecs-
1423 5563 1589 5631 magis
1604 5562 1669 5615 ad
1685 5560 1810 5614 illud
1832 5560 2194 5629 recipiendum

605 5631 859 5685 excitent.
894 5631 1029 5687 Tum
1062 5631 1418 5689 illud'numen
1446 5637 1533 5703 pio
1558 5641 1608 5687 et
1639 5634 1906 5703 catholico
1943 5647 2105 5687 sensu
2133 5649 2191 5688 se

604 5712 822 5773 seinper
858 5706 1163 5773 suscepisse
1201 5702 1473 5760 insinuant
1500 5704 1681 5760 verbis
1722 5702 1788 5758 ad
1836 5702 2022 5758 Hilarii
2067 5719 2193 5758 seu-

608 5771 831 5826 tentiam
860 5771 1319 5842 accommodatis;
1347 5778 1503 5848 cujus
1528 5776 1690 5833 etiam
1720 5775 1789 5832 ad
1831 5776 1999 5832 instar
2040 5775 2191 5832 simi-

2313 4633 2428 4706 l_etA,
2473 4649 2632 4703 quam
2684 4635 2921 4706 pietatem
2947 4676 2961 4701 ,
3011 4634 3445 4705 suffragaturque
3488 4631 3747 4690 Sirmi-udi
3786 4643 3859 4680 IIIS-

2312 4702 2610 4774 Episcopos
2635 4702 2813 4758 tamen
2837 4708 3008 4777 magis
3028 4702 3209 4771 decet,
3229 4717 3285 4761 ut
3308 4702 3451 4776 quod
3469 4706 3692 4777 simplici
3715 4706 3856 4758 elocu-

2312 4780 2458 4830 tione
2478 4776 2748 4832 diceretur
2775 4793 2861 4831 eos
2881 4776 3179 4841 conventas,
3205 4778 3275 4832 ob
3300 4778 3567 4833 honorem
3584 4776 3641 4832 et
3664 4788 3862 4831 reveren-

2311 4849 2440 4920 tiam
2498 4848 2803 4920 sacerdotii
2858 4848 3043 4905 dicunt
3096 4849 3337 4920 pietatem
3392 4867 3575 4905 eorum
3624 4857 3859 4920 conueniat-

2310 4919 2461 4985 Qnud
2492 4918 2544 4989 in
2578 4919 2724 4975 hunc
2755 4921 2972 4975 modum
3013 4911 3329 4989 perspicuus
3366 4922 3461 4977 ﬁet
3494 4940 3507 4977 :
3539 4938 3651 4975 cum
3678 4918 3803 4989 dicit!

2310 4990 2439 5045 delis
2480 4988 2733 5044 Dontinici
2786 4985 3351 5060 nontinis'praidicator
3372 4994 3538 5062 frater
3571 5003 3728 5047 noster
3745 4985 3863 5062 Hilaf

2308 5064 2417 5116 rius
2464 5063 2792 5128 nuntiaverit,
2855 5058 3129 5118 conventas
3183 5058 3428 5135 (clarius.
3482 5064 3761 5120 convenisse
3781 5058 3859 5121 vos}

2311 5135 2550 5207 pietatem
2581 5152 2758 5188 eorum
2784 5137 2875 5199 qui
2914 5135 3144 5190 Arimino
3176 5138 3674 5207 ConstantinOpalim
3694 5138 3863 5207 revertr.

2308 5215 2453 5269 runt,
2478 5205 2609 5260 sicut
2633 5207 2849 5282 epistola
2864 5217 3028 5282 uestra
3056 5208 3331 5282 (proximo
3360 5204 3687 5282 Fragmenta
3711 5204 3857 5259 relata.

2306 5286 2363 5332 et
2403 5292 2510 5332 una
2561 5293 2683 5332 cum
2729 5277 3162 5352 Hilariilittéris
3182 5279 3248 5334 ad
3295 5296 3392 5335 nos
3433 5277 3639 5352 missis)
3668 5283 3858 5332 contenta

2309 5357 2544 5413 testatur,
2575 5366 2735 5419 neque
2764 5366 2849 5405 eos
2879 5349 2949 5404 ad
2970 5361 3230 5406 tantarum
3253 5349 3688 5421 blasphemiarum
3730 5351 3857 5421 (qn-:9.

2310 5429 2368 5474 ut
2416 5436 2575 5489 supra
2629 5413 2813 5476 monet
2852 5420 3111 5489 Hilarius,
3158 5413 3515 5479 Orientalium
3557 5413 3855 5479 litteris‘sub-

2306 5507 2461 5568 nexa}
2489 5492 2684 5568 erant?)
2720 5494 3102 5549 damnationem
3126 5497 3346 5562 potuisse
3373 5494 3696 5567 compellere.
3738 5562 3751 5568 _
3787 5558 3828 5568 ﬂ

2378 5563 2456 5636 (d)
2496 5561 2854 5640 Arimi'nensis
2883 5569 3073 5638 synodi
3116 5569 3343 5640 legatos,
3390 5577 3445 5624 ut
3474 5561 3701 5623 habetur
3737 5561 3852 5617 initio

2303 5632 2614 5707 Fraguienti
2637 5632 2957 5707 superioris.

2378 5706 2452 5786 (ς)
2493 5707 2648 5786 Puta,
2678 5706 3279 5786 Constantinopolitana
3310 5711 3521 5786 synodo
3546 5711 3668 5786 anni
3692 5706 3796 5786 360;

2372 5774 2442 5852 (ι’)
2482 5778 2566 5836 An
2593 5780 2750 5849 forte,
2778 5774 3097 5854 prmdicandi
3126 5774 3477 5842 anenuzision
3505 5774 3808 5857 permittens?
