4062 6332
521 244 628 302 719

1761 243 2007 302 SANCTI
2047 244 2304 304 HILARII
2341 245 2646 308 EPISCOPI
3685 268 3768 328 720

519 384 629 440 bile
655 395 777 438 esse
806 380 1072 447 videatur,
1101 378 1226 450 quia
1253 393 1353 449 per
1392 377 1575 436 omnia
1620 379 1855 438 similem
1889 397 2010 439 esse
2040 382 2129 438 Fi-
2153 371 2308 432 Α’τεν
2347 365 2557 438 Ῐαάίσαι
2584 383 2910 438 quemquam.
2933 371 3024 426 διά
3045 387 3194 428 omne
3209 373 3461 446 judicium
3491 378 3616 434 dedit
3636 381 3766 452 Filio,

521 477 654 533 lium
679 475 821 532 Patri
862 471 1188 545 proﬁtearis.
1239 472 1294 529 Si
1332 473 1478 529 enim
1524 475 1603 530 sic
1629 484 1703 540 te,
1745 477 1886 531 sicut
1917 479 2127 547 optavi-

519 587 664 638 mus,
688 569 894 628 sentire
931 568 1150 640 scriptis
1201 567 1305 623 tuis
1349 567 1818 636 manifestaveris;
1851 571 2122 641 querelam

519 682 620 740 pro
649 664 843 735 injuria
873 679 904 718 a
930 661 1252 735 quibusdam
1276 662 1491 718 clericis
1522 663 1627 719 tuis
1649 663 1893 720 Palladio
1913 674 1969 720 et
1990 664 2125 722 Gaio

516 760 776 816 fratribus
803 766 857 814 et
884 756 1229 828 coepiscopis
1272 757 1478 813 nostris
1509 757 1705 813 laetam
1739 756 1806 828 (ί.
1832 757 2024 830 facta),
2057 758 2122 814 li-

515 865 604 914 cet
630 853 892 920 nolueris,
921 851 1063 910 sicut
1094 852 1267 923 prima
1315 853 1670 908 conventione
1697 851 2006 909 admonitus
2039 867 2120 922 es,

517 947 810 1020 exquirere
857 944 924 1000 ad
971 943 1392 1000 aestimationem
1433 953 1576 1000 tuam
1615 944 1694 1016 (a)
1728 944 1979 1014 pertinet,
2015 945 2121 1003 illis

514 1045 722 1101 scilicet
764 1039 1148 1113 praestantibus
1193 1053 1290 1108 pro
1343 1053 1440 1094 sua
1476 1039 1785 1095 temeritate
1828 1039 2116 1096 rationem.

512 1135 642 1193 llaec
672 1150 769 1207 per
797 1131 1200 1189 Secundianum
1224 1130 1625 1204 presbyterum,
1656 1131 1986 1188 Pullentium
2009 1132 2119 1190 lec-

513 1240 723 1295 torem,
776 1236 832 1284 et
875 1224 1276 1281 Candidianum
1333 1225 1664 1282 exoreistam
1719 1226 2118 1283 transmisimus

509 1321 771 1381 Charitati
828 1332 932 1376 tuae
984 1335 1060 1375 xv
1113 1316 1368 1375 calendas
1410 1319 1690 1390 ianuarias
1737 1322 1894 1393 (anno
1940 1321 2070 1394 366)
2098 1363 2113 1389 ,

510 1417 772 1474 Gratiano
820 1412 1160 1471 nobilissimo
1209 1409 1269 1466 P.
1295 1421 1353 1468 et
1392 1413 1666 1486 Dagalaifo
1694 1427 1899 1485 conss,
1926 1430 2115 1473 exem-

510 1510 663 1583 plum
693 1523 864 1581 penes
893 1524 993 1564 nos
1021 1510 1339 1568 retinentes.

733 1645 1218 1705 FRAGMENTUM
1256 1643 1353 1702 XV
1392 1644 1570 1715 (Alias
1623 1660 1636 1699 I
1679 1640 1890 1715 partis).

2230 468 2286 512 ut
2335 476 2509 515 omnes
2539 461 2880 533 honoriﬁcent
2928 462 3120 520 Filium
3156 467 3289 523 sicut
3327 469 3646 542 honorificam
3686 478 3772 533 Pa-

2227 561 2356 607 trem
2388 551 2568 626 (Joan.
2602 570 2660 621 v,
2685 554 2779 622 22,
2833 555 2971 629 25);
3003 569 3058 614 et
3103 561 3298 617 iterum
3342 563 3425 618 cui
3453 563 3602 622 Pater
3641 567 3771 637 dixit,

2227 642 2506 702 Faciamus
2533 646 2798 703 hominem
2825 650 2892 704 ad
2916 651 3192 724 imaginem
3219 664 3268 710 et
3289 654 3655 713 similitudinem
3677 677 3775 716 nos-

2225 747 2358 794 tram
2388 738 2541 812 (Gen.
2572 758 2612 810 ι,
2639 742 2758 814 26),
2785 759 2888 801 nec
2911 745 3069 813 dixit,
3103 746 3169 802 ad
3199 748 3483 820 imaginem
3511 761 3666 822 tuam,
3685 756 3775 822 vel,

2224 831 2290 886 ad
2321 832 2610 904 imaginem
2642 851 2842 903 meam,
2882 853 2951 894 ne
2978 839 3210 911 aliquam
3237 841 3704 902 dissimilitudinem
3731 849 3776 905 in

2224 925 2348 983 Filii
2401 929 2484 986 sui
2541 930 2824 988 divinitate
2871 931 3276 991 demonstraret
3321 953 3336 992 :
3389 936 3481 994 sed
3525 948 3778 1011 propterea

2221 1021 2521 1090 conjunxit,
2566 1023 2636 1077 ad
2660 1024 2938 1096 imaginem
2969 1035 3021 1081 et
3063 1027 3447 1086 similitudinem
3484 1045 3709 1101 nostram,
3731 1043 3778 1090 ut

2221 1111 2414 1169 Filium
2446 1130 2603 1171 suum
2630 1116 2733 1172 sibi
2773 1117 3007 1175 similem
3033 1134 3128 1190 per
3156 1122 3336 1176 omnia
3365 1122 3529 1179 Deum
3559 1127 3777 1183 maniles«

2221 1214 2382 1262 taret.
2417 1207 2618 1264 lterum
2648 1209 3011 1282 Evangelista,
3051 1211 3286 1270 Vidimus
3303 1214 3524 1288 gloriam
3550 1221 3671 1291 ejus,
3691 1221 3780 1291 glo-

2219 1301 2351 1353 riam
2375 1301 2525 1371 quasi
2553 1303 2803 1374 unigeniti
2822 1321 2856 1358 a
2886 1303 3067 1371 Patre,
3094 1309 3302 1378 plenum
3325 1309 3493 1380 gratia
3519 1320 3564 1366 et
3584 1312 3777 1367 veritate.

2217 1391 2400 1460 (Joan.
2428 1408 2465 1459 ι,
2501 1399 2638 1465 xiv.)
2669 1395 2738 1450 Et
2767 1397 3062 1467 Apostolus
3083 1398 3151 1454 ad
3178 1397 3511 1469 Corinthios,
3541 1401 3604 1457 In
3629 1403 3782 1474 quibus

2218 1485 2362 1543 Deus
2388 1487 2543 1558 hujus
2568 1488 2748 1544 saeculi
2765 1492 3042 1546 excaecauit
3069 1503 3260 1549 mentes
3296 1494 3605 1565 inﬁdelium,
3630 1506 3678 1550 ut
3701 1513 3782 1552 non

2216 1577 2533 1652 refulgerent
2561 1580 2937 1638 illuminatione
2966 1581 3234 1657 Evangelii
3255 1587 3440 1658 gloria!
3465 1586 3664 1655 Christi,
3689 1605 3783 1661 qua

2217 1683 2291 1729 est
2318 1674 2486 1746 imago
2516 1675 2614 1732 Dei
2645 1676 2714 1748 (ll
2740 1674 2862 1734 Cor.
2895 1693 2972 1746 tv,
3005 1677 3084 1750 4).
3109 1680 3176 1735 Ει
3197 1681 3394 1738 iterum
3417 1681 3557 1739 idem
3580 1684 3782 1755 Aposto-

506 1780 703 1823 INCIPIT
733 1779 1066 1821 nascerere:
1096 1760 1172 1837 (b)
1203 1775 1442 1820 assumit
1481 1776 1549 1816 an
1575 1774 1872 1826 nummum,
1909 1774 2111 1817 PALLL-
2142 1775 2191 1838 Β
2219 1766 2334 1822 lus:
2371 1766 2442 1822 Et
2469 1770 2734 1826 transtulit
2779 1787 2872 1826 nos
2897 1772 2953 1826 in
2974 1788 3131 1844 regno
3157 1773 3256 1843 ﬁlii
3293 1773 3560 1831 charitatis
3595 1793 3708 1842 sua,
3742 1777 3784 1832 in

854 1873 1007 1924 ntuu,
1051 1871 1121 1913 ετ
1160 1869 1418 1913 cernuos
1459 1855 1569 1927 (an.
1598 1851 1754 1925 567).

501 1983 748 2041 Dominis
780 1980 1065 2038 Fratribus
1089 1977 1521 2051 religiosissimis
1553 1975 1803 2041 Ruﬁano,
1838 1971 2105 2039 Palladio,

572 2075 856 2141 Severino,
883 2073 1090 2141 Nicbte,
1135 2071 1451 2138 Heliodoro,
1483 2068 1740 2136 Romulo,
1775 2066 2022 2124 Muciano
2055 2073 2108 2120 et

572 2169 850 2228 Stercorio
875 2165 1187 2224 Germinius
1216 2166 1272 2220 in
1296 2163 1524 2220 Domino
1549 2162 1799 2218 salutem.

572 2265 625 2320 1.
655 2259 854 2317 Filium
878 2259 1030 2315 Patri
1049 2276 1141 2333 per
1171 2257 1343 2313 omnia
1360 2255 1581 2312 similem
1607 2269 1717 2310 esse
1760 2261 1808 2308 et
1837 2249 2111 2306 traditione

499 2365 548 2411 et
577 2353 865 2426 Scripturis
893 2351 1087 2407 doceri.
1112 2380 1185 2392 —
1206 2347 1402 2405 Vitalis
1428 2346 1494 2405 V.
1523 2346 1586 2403 C.
1614 2347 1688 2415 (c)
1717 2342 2008 2400 militantis
2054 2340 2110 2396 in

497 2445 676 2504 ofﬁcio
718 2445 966 2502 sublimis
1005 2442 1354 2499 Praefectum
1393 2439 1672 2496 relatione
1714 2436 2107 2505 comperimus,

495 2540 810 2598 desiderare
827 2538 1181 2597 Sanctitatem
1203 2546 1463 2602 vestram,
1494 2532 1787 2604 signiﬁcari
1821 2530 1984 2602 707
2012 2542 2111 2585 vo-

502 2631 589 2689 bis
618 2641 806 2702 aperte
829 2629 958 2702 quid
990 2639 1096 2696 est,
1130 2628 1275 2699 quod
1305 2626 1376 2683 de
1405 2625 1508 2681 lide
1543 2634 1726 2679 nostra
1750 2621 1985 2686 Valenti,
2009 2619 2111 2677 Ur-

499 2727 671 2793 saeio,
703 2725 841 2783 Gaio
878 2733 935 2781 et
961 2724 1128 2780 Paulo
1169 2722 1480 2793 displiceat.
1527 2718 1908 2776 Necessarium
1947 2716 2111 2781 duxi,

499 2819 587 2877 his
630 2819 824 2876 litteris
871 2816 1300 2888 patelaeiendum
1343 2813 1628 2872 Sanctitati
1669 2823 1892 2878 vestrm,
1950 2820 2006 2867 et
2032 2809 2109 2876 id,

498 2910 644 2984 quod
676 2913 728 2968 in
753 2911 907 2969 vobis
929 2909 1060 2983 ipsis
1083 2909 1152 2965 ab
1178 2908 1334 2965 initio
1359 2922 1479 2965 esse
1501 2905 1738 2973 conﬁdo,
1769 2905 1973 2962 dicere.
2003 2902 2112 2959 Nos

498 3005 606 3064 hoc
634 3005 778 3079 quod
807 3014 862 3062 et
884 3020 916 3061 a
941 3002 1184 3077 patribus
1216 3001 1474 3058 traditum
1504 2999 1832 3070 accepimus,
1881 3010 1936 3053 et
1967 2995 2110 3051 divi-

500 3103 585 3156 nis
606 3099 901 3171 Scripturis
927 3097 1071 3170 quod
1099 3096 1271 3154 semel
1305 3093 1616 3156 didicimus,
1651 3103 1707 3149 et
1726 3090 1972 3164 quotidie
2007 3090 2110 3146 do-

2211 1879 2312 1933 quo
2361 1863 2607 1920 habemus
2648 1867 3055 1934 redemptionem
3095 1879 3146 1924 et
3195 1870 3546 1927 remissionem
3585 1882 3784 1943 peccato-

2212 1973 2350 2024 rum,
2386 1958 2475 2029 qui
2504 1968 2580 2013 est
2610 1960 2785 2032 imago
2815 1959 2914 2015 Dei
2938 1961 3230 2026 invisibilis,
3258 1965 3624 2038 primogenita
3647 1969 3783 2021 omnis

2211 2055 2461 2108 creatura!
2490 2051 2712 2121 (Coloss.
2748 2070 2788 2122 ι,
2824 2055 2893 2111 15
2915 2067 2963 2111 et
2987 2055 3176 2128 seqq.).
3205 2057 3271 2113 Et
3295 2061 3490 2115 iterum
3516 2060 3651 2115 idem
3667 2062 3784 2129 Apo-

2211 2141 2384 2198 stolus
2412 2161 2425 2196 :
2455 2143 2621 2217 7οθ
2648 2143 2761 2200 Hoc
2806 2147 2941 2201 enim
2985 2149 3168 2204 sentite
3215 2150 3268 2204 in
3298 2149 3460 2218 nobis,
3506 2154 3637 2224 quod
3676 2162 3720 2208 et
3743 2153 3784 2206 in

2212 2233 2418 2291 Christo
2445 2235 2592 2306 Iesu,
2639 2241 2725 2308 qui
2769 2255 2884 2294 cum
2914 2239 2966 2295 in
2994 2243 3164 2314 forma
3197 2241 3295 2298 Dei
3333 2253 3485 2305 esset,
3533 2260 3630 2299 non
3669 2245 3784 2315 rapi-

2214 2344 2331 2382 nam
2363 2329 2646 2384 arbitratus
2678 2341 2752 2386 est
2788 2349 2842 2387 se
2889 2349 2996 2388 esse
3024 2336 3276 2406 aequalem
3316 2333 3448 2403 Deo,
3505 2339 3592 2393 sed
3634 2346 3787 2394 semet-

2212 2421 2384 2489 ipsum
2428 2422 2709 2478 exinanivit
2739 2425 2956 2496 [oratam
3006 2428 3137 2482 servi
3173 2428 3454 2499 accipiens,
3487 2429 3540 2484 in
3577 2429 3787 2484 similitu-

2217 2513 2341 2570 dine
2363 2514 2628 2570 hominum
2655 2520 2822 2589 factus
2855 2517 3082 2590 (Philip.
3107 2535 3169 2586 ll,
3198 2520 3230 2576 5
3260 2530 3310 2576 et
3335 2520 3527 2596 seqq.).
3556 2523 3676 2593 Quis
3700 2538 3786 2578 non

2215 2610 2500 2682 intelligat,
2535 2613 2658 2681 quia
2691 2612 3147 2682 quemadmodum
3189 2615 3493 2672 secundum
3541 2617 3674 2675 servi
3699 2615 3786 2674 lor-

2216 2719 2357 2760 mam
2387 2720 2511 2760 vera
2541 2704 2641 2760 fuit
2678 2720 2808 2761 caro
2838 2716 3020 2762 nostra
3068 2708 3119 2763 in
3148 2706 3401 2777 Christo;
3433 2711 3510 2766 ita
3548 2723 3600 2768 et
3624 2711 3672 2766 in
3703 2711 3779 2768 Dei

2214 2796 2389 2851 forma
2431 2813 2554 2852 vera
2577 2796 2647 2852 sit
2675 2798 2930 2855 divinitas
2961 2799 3140 2856 Patris
3177 2800 3229 2857 in
3263 2801 3442 2858 Filio?
3476 2803 3544 2860 Et
3573 2791 3785 2861 iterum:

2226 2889 2402 2947 Videte
2424 2909 2485 2947 ne
2509 2893 2623 2964 quis
2651 2909 2737 2947 vos
2759 2892 2970 2948 seducet
2993 2911 3082 2965 per
3109 2895 3504 2967 philosOphiam
3532 2909 3579 2953 et
3605 2899 3784 2953 inanem

2217 2985 2483 3056 fallaciam
2523 2985 2803 3041 secundum
2831 2986 3163 3044 traditionem
3204 2988 3499 3058 hominum,
3534 2989 3787 3047 secundum

2217 3077 2464 3133 elementa
2510 3077 2668 3153 hujus
2708 3079 2908 3149 mundi,
2958 3090 3005 3136 et
3037 3098 3140 3137 non
3180 3083 3470 3138 secundum
3513 3084 3790 3150 Christum;

497 3210 707 3262 camus,
736 3191 1012 3248 Christum
1059 3190 1152 3247 Dei
1190 3189 1357 3244 mium
1391 3187 1678 3243 Dominum
1725 3193 1972 3241 ηοειι-υιη
2007 3197 2104 3254 ρει-
2133 3171 2178 3234 C
2208 3173 2328 3243 quia
2353 3172 2404 3227 in
2424 3174 2536 3245 ipso
2567 3174 2764 3229 habitat
2792 3175 2958 3230 omnis
2977 3175 3244 3245 plenitudo
3265 3176 3554 3232 divinitatis
3583 3192 3789 3248 corporeo

499 3289 682 3346 omnia
728 3285 874 3342 Patri
931 3284 1186 3347 similem,
1236 3290 1458 3352 excepta
1505 3277 1879 3344 innativitate,
1937 3275 2108 3332 Deum

502 3381 572 3436 de
605 3380 737 3444 Deo,
771 3377 952 3432 lumen
989 3375 1058 3432 de
1089 3373 1313 3440 lumine,
1343 3372 1596 3427 virtutem
1625 3370 1694 3426 de
1717 3369 1940 3434 virtute,
1973 3368 2112 3425 inte-

501 3490 658 3545 grum
689 3471 759 3527 de
797 3470 1032 3542 integro,
1078 3467 1382 3539 perfectum
1426 3464 1495 3520 de
1523 3463 1786 3535 perfecto,
1829 3471 1957 3518 ante
2001 3477 2107 3518 sa:-

498 3565 617 3622 cula
643 3573 697 3620 et
718 3572 845 3617 ante
872 3560 1151 3626 universa,
1180 3573 1302 3630 qua:
1334 3555 1560 3627 intelligi
1600 3556 1686 3610 vel
1714 3556 1822 3612 dici
1856 3563 2106 3625 possunt,

502 3657 770 3730 genitum,
794 3653 950 3725 cujus
969 3651 1306 3709 nativitatem
1329 3664 1487 3706 nemo
1510 3649 1611 3704 scit
1637 3649 1737 3704 nisi
1757 3648 1904 3704 solus
1925 3647 2108 3716 Pater,

503 3753 622 3822 ipso
646 3750 786 3806 Filio
814 3747 1103 3803 adserente
1127 3760 1139 3798 :
1173 3743 1306 3811 Quia
1332 3758 1478 3796 nemo
1497 3741 1633 3794 novit
1661 3739 1706 3793 F
1710 3741 1855 3794 ilium
1877 3740 1976 3794 nisi
2001 3738 2108 3793 Pa-

505 3857 605 3911 ter,
639 3859 799 3914 neque
831 3840 1041 3894 Patrem
1061 3838 1174 3909 quis
1198 3837 1335 3890 novit
1358 3835 1455 3890 nisi
1485 3833 1680 3901 Filius,
1709 3844 1754 3889 et
1783 3832 1864 3887 cui
1892 3833 2107 3888 voluerit

504 3937 678 3994 Filius
701 3937 927 3992 reuelare
955 3931 1174 4007 (Matth.
1206 3948 1283 4000 χι,
1313 3929 1407 4003 27)
1437 3948 1452 3983 :
1493 3944 1776 4000 perquem
1807 3927 1946 3985 facta
1982 3938 2108 3986 sunt

503 4034 708 4100 omnia,
738 4033 855 4088 sine
879 4044 988 4102 quo
1018 4027 1218 4084 factum
1259 4035 1343 4082 est
1374 4024 1531 4089 nihil,
1559 4022 1859 4080 secundum
1892 4022 2108 4079 divinas

502 4141 668 4184 voces
696 4125 862 4197 ipsius
907 4119 1211 4184 Salvatoris
1256 4117 1428 4174 nostri
1476 4115 1599 4172 Filii
1639 4115 1872 4173 dicentis
1903 4133 1916 4171 :
1949 4115 2109 4172 Pater

502 4239 645 4279 meus
666 4236 823 4292 usque
849 4216 1000 4273 modo
1023 4224 1287 4287 operatur,
1308 4223 1355 4270 et
1384 4229 1476 4285 ego
1495 4227 1677 4282 aperor
1697 4210 1876 4282 (Joan.
1907 4226 1960 4277 ν,
1979 4208 2102 4283 18);

502 4325 559 4372 ει
587 4318 804 4381 iterum,
842 4311 1189 4378 Quaecumque
1217 4307 1353 4361 enim
1374 4303 1540 4360 Pater
1569 4305 1713 4376 facit,
1734 4306 1842 4360 Iztec
1866 4311 1911 4359 et
1933 4303 2108 4358 simili-

502 4419 578 4465 ter
607 4404 778 4461 Filius
796 4404 918 4476 facit
963 4400 1156 4475 (lbid.,
1195 4397 1313 4471 l9);
1355 4407 1410 4452 et
1441 4398 1659 4463 iterum,
1703 4394 1816 4466 Ego
1858 4405 1907 4450 et
1945 4395 2107 4452 Pater

499 4516 667 4557 unum
693 4513 869 4554 sumus
892 4493 1071 4568 (Joan.
1103 4507 1161 4557 ι,
1190 4491 1322 4561 30);
1355 4500 1408 4546 et
1439 4487 1659 4553 iterum,
1710 4489 1812 4556 Qui
1847 4505 1926 4544 me
1951 4489 2102 4556 vidit,

2209 3265 2325 3320 liter
2353 3263 2580 3339 (Coloss.
2612 3282 2669 3330 ll,
2697 3263 2777 3338 8).
2807 3266 2863 3322 Si
2897 3281 3030 3338 ergo
3050 3269 3229 3324 omnis
3260 3269 3544 3339 plenitudo
3571 3269 3792 3326 divinita-

2212 3358 2281 3413 tis
2305 3358 2566 3415 inhabitat
2589 3360 2639 3414 in
2657 3357 2896 3428 Christo,
2923 3361 3032 3431 jam
3058 3376 3166 3418 non
3183 3377 3248 3419 ex
3272 3372 3423 3432 parte
3451 3363 3646 3420 similis
3671 3372 3785 3419 etex

2211 3459 2364 3520 parte
2404 3449 2704 3514 dissimilis,
2766 3451 2907 3507 sicut
2955 3467 3099 3510 ιιιηιε
3139 3463 3407 3520 asserunt,
3449 3455 3547 3526 qui
3594 3463 3789 3526 propter

2209 3546 2614 3602 contentionem
2656 3562 2768 3603 sua:
2800 3546 3041 3605 libidinis
3070 3559 3366 3607 retrorsum
3403 3551 3685 3619 abeuntes,
3712 3566 3785 3606 se-

2211 3640 2470 3709 metipsos
2499 3655 2530 3695 a
2561 3640 2717 3697 nobis
2746 3650 3081 3697 averterunt.

2282 3733 2333 3786 2.
2369 3734 2496 3802 Qua:
2527 3735 2580 3788 in
2615 3737 2928 3791 contrarium
2957 3736 3249 3804 afferuntur
3273 3739 3360 3802 qui
3382 3739 3708 3811 explicanda.
3730 3764 3787 3780 -η

2209 3823 2341 3879 Nam
2375 3825 2516 3896 quod
2546 3835 2737 3898 putant
2779 3843 2841 3885 se
2868 3844 2964 3899 pro
3005 3845 3200 3902 magno
3234 3829 3305 3887 de
3341 3831 3545 3888 divinis
3585 3831 3789 3904 Scriptu-

2209 3916 2285 3972 ris
2311 3915 2579 3987 proferre,
2611 3928 2669 3974 ut
2693 3918 2878 3976 dicant
2903 3919 3182 3978 Christum
3222 3913 3484 3980 iacturam
3518 3934 3572 3982 et
3600 3933 3789 3981 creatu-

2210 4024 2324 4065 ram
2359 4027 2372 4064 :
2399 4027 2431 4066 e
2456 4014 2732 4069 contrario
2760 4029 2861 4070 nos
2897 4014 3195 4072 secundum
3227 4016 3540 4087 Scripturas
3587 4017 3791 4076 dicimus

2207 4103 2370 4171 viam,
2406 4116 2458 4160 et
2481 4105 2726 4177 januam,
2764 4117 2818 4164 et
2848 4107 3082 4179 lapidem
3131 4109 3473 4179 offensionis,
3519 4121 3577 4168 et
3606 4120 3789 4185 petram

2208 4199 2472 4269 scandali,
2500 4211 2556 4258 et
2583 4201 3012 4272 fundamentum,
3050 4214 3106 4261 et
3132 4204 3434 4269 brachium,
3479 4215 3540 4264 et
3575 4221 3789 4271 manum,

2209 4305 2264 4351 et
2286 4295 2631 4365 sapientiam,
2661 4308 2716 4355 et
2739 4299 2987 4366 verbum,
3011 4308 3068 4355 et
3086 4315 3310 4371 agnum,
3327 4307 3382 4356 et
3401 4315 3586 4366 ovem,
3615 4309 3670 4358 et
3681 4313 3789 4373 pss-

2209 4400 2403 4458 torem,
2432 4400 2488 4446 et
2505 4391 2865 4462 sacerdotem,
2891 4402 2948 4450 et
2979 4397 3168 4458 vitem,
3198 4406 3254 4451 et
3272 4392 3439 4464 diem,
3461 4409 3519 4455 et
3544 4397 3667 4453 alia.
3698 4391 3787 4453 Sed

2211 4483 2326 4540 haec
2353 4485 2534 4539 omnia
2565 4485 2645 4541 sic
2675 4485 3024 4560 intelligimus
3050 4498 3105 4544 et
3132 4489 3384 4560 dicimus,
3415 4503 3475 4549 ιιι
3504 4493 3722 4548 virtutes
3739 4494 3786 4542 et

500 4595 629 4650 uidit
656 4601 704 4649 et
727 4566 939 4647 Patrem
963 4584 1151 4660 (Joan.
1183 4598 1298 4650 xw,
1326 4580 1424 4653 9);
1479 4589 1533 4637 et
1578 4580 1797 4645 iterum,
1835 4580 2106 4648 Quomodo
2133 4566 2184 4628 D
2209 4579 2555 4648 operationes
2599 4580 2694 4634 lilii
2737 4579 2832 4636 Dei
2871 4582 3268 4654 intelligamus,
3311 4601 3417 4642 non
3473 4596 3534 4642 ut
3568 4585 3785 4642 divinam

504 4688 662 4744 Pater
682 4686 842 4740 vitam
870 4681 1016 4736 habet
1040 4681 1094 4734 in
1123 4675 1417 4748 semetipso,
1443 4675 1517 4729 ita
1545 4672 1686 4728 dedit
1714 4683 1763 4729 et
1787 4669 1926 4727 Filio
1949 4674 2106 4728 vitam

503 4783 688 4837 habere
707 4780 762 4833 in
787 4775 1059 4845 semetipso
1084 4770 1264 4844 (Joan.
1292 4784 1347 4834 v,
1366 4767 1461 4840 26)
1481 4781 1496 4832 ;
1520 4775 1578 4822 et
1599 4767 1816 4833 iterum,
1840 4766 1987 4822 Sicut
2009 4765 2108 4822 Pa-

503 4887 577 4930 ter
593 4873 806 4929 suscitat
834 4876 1066 4923 mortuos
1093 4875 1140 4920 et
1169 4861 1413 4933 viviﬁcat,
1442 4861 1516 4914 ita
1557 4869 1605 4914 et
1637 4857 1811 4915 Filius
1838 4875 1964 4930 quos
1999 4858 2104 4915 vult

498 4960 1077 5042 uiviﬁcat(lbid.,2i);
1107 4967 1164 5014 et
1189 4958 1407 5023 iterum,
1434 4952 1655 5010 Creditis
1683 4954 1739 5009 in
1763 4953 1950 5021 Deum,
1979 4965 2026 5009 et
2046 4955 2100 5009 in

498 5083 578 5122 me
600 5061 791 5119 credite
814 5056 998 5131 (Joan.
1030 5071 1142 5120 xw,
1171 5051 1223 5124 l)
1251 5069 1264 5121 ;
1297 5061 1352 5108 et
1373 5052 1590 5117 iterum,
1621 5047 1801 5119 Neque
1827 5049 1963 5106 enim
1989 5047 2100 5104 Pa-

567 5229 648 5297 (a)
669 5225 729 5282 In
751 5241 854 5280 ms.
896 5221 1088 5297 δῖναι,
1122 5233 1220 5297 non
1252 5215 1514 5297 pertinent.
1531 5213 1609 5268 illi
1639 5212 1852 5297 scilicet;

680 5297 808 5370 Non
845 5293 913 5370 ad
961 5282 1296 5370 superiorem
1328 5286 1629 5370 epistolam,
1657 5300 1798 5370 'quse
1829 5282 2090 5370 Yalentis,

499 5353 726 5435 Ursa'cii,
769 5367 972 5438 enitet
1013 5353 1190 5424 Pauli.
1224 5375 1331 5414 ηοιι
1373 5356 1605 5418 “vlim”.
1657 5353 1907 5438 Ρίευξαῖίίν
1960 5365 2091 5438 διο-ε

495 5426 725 5499 nomine
745 5437 1000 5507 inscripta
1027 5443 1141 5510 est1
1161 5444 1390 5510 quaeque
1451 5443 1542 5510 lOlI
1567 5426 1960 5510 [peni/italiam,
1996 5427 2092 5510 sed

493 5496 1053 5586 pervSeeundiatium,
1107 5496 1441 5586 Pulleniium.
1469 5509 1542 5586 et
1563 5496 1979 5586 Candidianuur
1996 5508 2088 5586 est

491 5569 690 5641 delata.
722 5582 869 5637 Illam
903 5569 1084 5636 tamen
1114 5573 1238 5630 huic
1263 5569 1604 5628 occasionem
1639 5569 1934 5641 praebuisse
1955 5583 2087 5625 con-

489 5640 792 5714 cedendum
821 5662 906 5708 est
934 5668 948 5705 :
969 5658 1028 5705 ut
1051 5645 1143 5718 qui
1163 5660 1225 5718 se
1245 5641 1494 5718 epistola:
1521 5656 1633 5698 sua:
1654 5640 1970 5718 εξριιρριιηιι⁸
1992 5655 2083 5718 pe-

2198 5498 2327 5578 lam,
2357 5499 2462 5556 hoc
2491 5498 2597 5570 εει,
2627 5516 2736 5580 non
2763 5498 2922 5575 longe
2945 5513 3068 5574 post
3094 5498 3224 5560 anni

2190 5579 2260 5624 ειι
2291 5585 2514 5628 necesse
2544 5581 2651 5629 εει.

2212 4673 2333 4743 ejus
2379 4688 2446 4728 ex
2482 4673 2641 4730 Patre
2689 4675 3028 4733 nativitatem
3075 4677 3448 4750 hujuscemodi
3499 4677 3785 4737 nominibus

2211 4782 2616 4839 comparemus;
2649 4770 2774 4840 quia
2806 4785 2871 4826 ex
2915 4771 3088 4828 nihilo
3117 4774 3299 4830 omnia
3329 4790 3426 4848 per
3453 4773 3648 4831 Filium
3669 4772 3787 4828 facta

2210 4873 2358 4929 sunt,
2398 4862 2569 4918 Filius
2597 4873 2776 4922 autem
2826 4880 2937 4922 non
2967 4881 3036 4922 ex
3067 4867 3260 4937 nihilo,
3292 4869 3388 4925 sed
3419 4884 3485 4924 ex
3516 4868 3630 4926 Deo
3656 4874 3786 4938 patre

2209 4967 2292 5013 est
2313 4956 2549 5029 genitus.
2901 4979 2904 4982 ’

2278 5051 2331 5106 ’5.
2374 5049 2602 5108 Valentis
2623 5053 3068 5120 inconstantia,et
3087 5053 3210 5123 fidei
3236 5071 3268 5110 a
3311 5053 3492 5110 Marco
3537 5048 3787 5110 Arethusia

2202 5213 2504 5298 Severinus
2535 5230 2601 5271 ac
2630 5215 2786 5298 socii,
2815 5216 2884 5298 ab
2904 5217 3153 5298 ips-omet“
3177 5217 3458 5298 perminio
3481 5217 3684 5298 rescire

2203 5285 2592 5359 s_id_erave_rint,
2640 5287 2767 5355 quid
2816 5289 2867 5342 in
2901 5285 3075 5357 ipsius
3121 5288 3229 5346 ﬁde
3276 5290 3520 5356 Ursacio,
3569 5286 3782 5359 Valenti,

2200 5356 2334 5431 Gaio
2362 5371 2415 5414 et.
2447 5356 2972 5431 Paulodisplieeret.
2991 5359 3105 5416 Illis
3136 5362 3238 5417 hoc
3269 5367 3536 5430 rescripto
3565 5360 3689 5418 facit
3711 5356 3783 5416 sa;

2202 5429 2272 5482 Iis
2304 5445 2318 5481 :
2352 5429 2495 5498 quod
2530 5429 2756 5499 proinde
2786 5433 3065 5501 aliquanto
3096 5441 3216 5504 post
3247 5434 3575 5560 gradictam
3597 5431 3782 5515 episto-

2202 5498 2327 5560 lam.
2357 5499 2462 5556 hoe
2491 5512 2597 5560 est.
2627 5516 2736 5558 non
2763 5502 2922 5560 longe
2947 5513 3068 5560 post
3094 5505 3224 5560 anni
3283 5503 3353 5560 67
3375 5507 3550 5560 initia.
3577 5515 3780 5560 missum

3283 5503 3353 5562 67
3375 5507 3550 5574 initia,
3577 5503 3780 5561 missum

2250 5641 2332 5722 _(c)
2367 5643 2508 5699 Editi
2536 5659 2610 5722 es
2647 5659 2750 5701 ms.
2786 5645 2959 5722 Pith.,
3005 5663 3189 5722 nunc:
3211 5647 3302 5722 ubi
3331 5665 3397 5722 ex
3424 5648 3588 5722 Sirm_.
3628 5643 3774 5703 resti~

497 5710 948 5784 ἐιὲῖέὲζτειίηονε
992 5710 1251 5790 superius
1273 5710 1452 5790 testati
1471 5718 1646 5790 _sunt,
1679 5710 1821 5790 inuti
1854 5711 2083 5790 subinde
2188 5710 2387 5790 tuiinus
2408 5731 2453 5769 υ.
2485 5715 2613 5790 c.id
2635 5728 2748 5790 est,
2769 5717 2864 5772 viri
2890 5710 3186 5775 clarissimi.
3209 5720 3400 5778 Simile
3421 5720 3673 5777 mendum
3709 5731 3769 5790 ex

493 5781 766 5870 publicum
809 5781 1078 5852 iecerint.’
1099 5785 1256 5858 Quod
1293 5788 1434 5850 nacti
1471 5783 1755 5856 Ruﬁanus,
1782 5781 2078 5851 Palladius,

2186 5785 2379 5846 eodem
2400 5801 2502 5846 lllS.
2539 5788 2702 5846 Sirm.
2730 5788 2842 5862 jam
2865 5791 3188 5864 castigatum
3209 5801 3296 5852 est
3318 5793 3535 5867 Fragm.
3567 5807 3646 5860 ιι,
3671 5787 3770 5848 n.5-
