4062 6332
292 354 382 410 7Ξ1

1173 355 1263 413 EX
1303 354 1531 414 OPERE
1572 354 1940 416 HISTORICO
1978 358 2462 420 FRAGMENTUM
2503 363 2620 421 XV.

3478 371 3581 428 722

289 473 431 528 rdine
470 472 695 528 occasio.
722 503 790 514 -
819 472 982 530 Miror
1023 483 1200 530 autem
1245 475 1557 546 praedictum
1595 475 1873 533 Valentem
1903 487 1958 548 Α
1980 492 2102 534 cum
2125 478 2195 537 ab
2221 480 2474 536 omnibus
2506 481 2662 539 nobis
2688 482 2766 558 (c)
2790 483 3024 542 electum
3049 479 3207 544 fidem
3235 487 3492 555 dictasse.
3525 493 3575 548 in

286 576 373 622 aut
414 565 646 622 oblitum
701 582 844 634 esse.
901 578 987 623 aut
1034 579 1182 624 certe
1233 569 1463 625 subdole
1506 568 1875 636 dissimulare,

284 658 405 730 quid
433 661 486 714 iu
541 659 870 730 praeteritum
921 672 1131 732 gestum
1173 660 1566 734 definitumque
1613 661 1704 718 sit.
1735 661 1868 718 Nam

285 751 378 808 sub
421 750 574 807 bona:
613 752 893 808 memoriae
921 751 1240 810 Constantio
1271 755 1617 824 imperatore,
1655 755 1870 822 quando

285 845 417 901 inter
457 845 718 916 quosdam
762 855 1004 917 coeperat
1055 861 1177 902 esse
1221 849 1291 902 de
1331 847 1438 903 fide
1478 848 1771 909 dissensio.
1815 849 1867 904 in

281 949 565 1007 conspectu
607 938 852 1009 ejusdem
891 939 1254 1010 imperatoris.
1303 941 1664 1012 pra-sentibus
1697 941 1868 998 Geor-

279 1031 633 1102 giorpiscopo
656 1030 1149 1088 Alexandrinorum
1181 1032 1457 1096 Ecclesiae.
1483 1031 1559 1104 (a)
1590 1033 1872 1088 Pancratio

281 1123 681 1190 Pelusinorum,
741 1123 940 1180 Basilio
995 1124 1254 1195 episcopo
1310 1133 1435 1179 tunc
1489 1124 1868 1195 Anquirilano,

281 1226 542 1290 praesente
569 1218 730 1274 etiam
774 1219 893 1289 ipso
921 1216 1148 1274 Valente
1183 1227 1234 1273 et
1277 1216 1524 1283 Ursacio,
1557 1227 1614 1274 et
1637 1219 1710 1291 (ὁ)
1753 1234 1868 1275 mea

280 1311 565 1385 parvitate,
597 1322 720 1383 post
746 1312 984 1369 habitam
1016 1326 1186 1384 usque
1211 1313 1261 1367 in
1292 1326 1504 1368 noctem
1530 1313 1600 1370 de
1631 1315 1735 1370 fide
1761 1315 1872 1371 dis.

280 1407 608 1478 putationem
637 1415 692 1464 et
721 1405 791 1462 ad
835 1413 1038 1463 certam
1070 1405 1311 1480 regulam
1357 1406 1697 1476 perductam,
1730 1408 1872 1465 Mar-

343 1596 420 1671 (a)
466 1595 669 1654 Vocem
713 1595 1020 1671 Pam-ratio,
1053 1615 1173 1669 quae
1205 1599 1354 1670 prius
1395 1597 1602 1664 deerat,
1645 1598 1867 1671 supple-

273 1669 483 1728 tnus'ex
517 1670 608 1726 lib.
639 1686 675 1725 ιι
707 1669 971 1738 Socratis,
1007 1685 1130 1743 cap.
1163 1669 1256 1727 29.

341 1761 417 1835 (b)
449 1762 538 1818 Sic
568 1762 854 1832 legendum
883 1777 1004 1819 esse
1042 1763 1435 1830 sentiebamus,
1466 1779 1571 1820 non
1600 1772 1658 1819 ut
1689 1764 1860 1834 prius.

273 1844 316 1891 et
337 1837 475 1961 innec
500 1836 768 1917 pravitate,
794 1850 916 1890 cum
947 1837 1268 1891 sententiam
1298 1846 1538 1891 nostram
1572 1853 1670 1891 ms.
1698 1836 1860 1893 Sirm.

271 1923 366 1963 con
413 1917 625 1961 rmavu.

342 1998 412 2071 (ο)
445 1999 518 2054 Ita
541 1997 938 2055 emendandum
968 2015 1090 2056 esse
1118 2008 1354 2066 constat,
1389 1999 1513 2055 licet
1533 2010 1693 2055 antea
1718 2000 1860 2056 obti-

271 2072 380 2128 nuit
410 2075 650 2145 ejectum.
682 2071 938 2139 Quantam
969 2073 1036 2126 sit
1068 2073 1160 2126 illa
1192 2074 1326 2145 fides
1371 2088 1400 2125 a
1430 2072 1606 2126 Marco
1636 2072 1858 2138 dictata,

271 2145 378 2211 ubi,
422 2144 650 2215 quando
669 2153 725 2198 et
754 2157 860 2215 qua
889 2145 1177 2198 occasione
1201 2144 1343 2200 edita
1378 2145 1469 2207 sit,
1505 2159 1646 2215 nunc
1679 2146 1862 2215 paucis

269 2227 348 2271 est
371 2213 781 2271 t'lisserendutn.
803 2214 932 2268 Eam
960 2215 1138 2270 Sirmii
1171 2217 1369 2269 editam
1403 2215 1567 2270 fuisse
1590 2213 1746 2270 facile
1765 2214 1863 2272 de-

269 2287 622 2358 prehenditur
649 2303 716 2342 ex
744 2286 923 2341 verbis
954 2287 1191 2358 Socratis
1221 2287 1314 2341 lib.
1351 2302 1410 2354 ll,
1443 2302 1565 2357 cap.
1590 2287 1662 2342 20
1687 2297 1744 2343 et
1763 2287 1858 2352 30,

270 2357 518 2430 quamvis
549 2359 621 2414 ibi
667 2370 776 2414 tres
803 2371 1104 2415 conventus
1131 2357 1458 2430 Sirmienses
1501 2358 1859 2424 confundens.

268 2429 430 2487 multa
462 2433 608 2487 veris
637 2430 766 2484 falsa
798 2431 1182 2484 intermisceat.
1207 2429 1339 2485 Nam
1368 2446 1490 2485 ctnn
1512 2445 1641 2485 vere
1662 2430 1863 2486 scribat

267 2503 537 2576 synodum
579 2519 740 2576 anno
770 2502 871 2559 551
907 2503 1087 2557 Sirmii
1121 2502 1388 2576 pdversus
1418 2501 1862 2576 Photinum_esse

267 2570 596 2630 celebratam
628 2593 643 2640 ;
676 2573 866 2630 falsum
893 2583 976 2628 est
1001 2571 1142 2642 quod
1172 2575 1267 2636 ait.
1293 2573 1343 2628 ei
1366 2572 1673 2629 interfuisse
1693 2570 1864 2629 Geor.

267 2647 409 2716 gium
458 2647 802 2702 Alexandria:
842 2647 1177 2716 episcopum.
1211 2645 1409 2716 quippe
1435 2647 1523 2715 qui
1575 2646 1698 2716 huic
1734 2645 1864 2700 civi-

269 2715 360 2774 tati
390 2733 539 2772 anno
565 2719 842 2774 dumtaxat
871 2715 998 2782 356,
1034 2715 1317 2788 praefectus
1361 2727 1464 2771 est.
1494 2715 1699 2772 Deinde
1740 2730 1862 2771 cum

265 2791 480 2846 veritati
509 2801 932 2848 consentaneum
962 2787 1198 2856 sitquod
1231 2797 1515 2852 memorat,
1551 2789 1602 2844 in
1631 2805 1696 2841 eo
1729 2803 1862 2844 con-

266 2872 426 2918 ventu
453 2859 757 2927 Sirmicnsi,
790 2864 843 2918 in
871 2878 978 2933 quo
1005 2859 1271 2929 Georgius
1297 2858 1864 2933 Alexandrinusprte-

265 2949 387 2990 sens
448 2935 674 2998 aderat,
727 2948 760 2987 a
806 2928 1004 2990 Basilio
1049 2928 1334 3004 Ancyrano
1386 2931 1651 2987 acerrime
1669 2928 1865 3004 fuisse

265 3005 599 3077 disputatum
625 3021 640 3072 ;
667 3005 740 3060 illi
769 3018 946 3061 tamen
972 3002 1379 3077 Concedendum
1405 3013 1640 3077 nonest,
1668 3002 1866 3077 Basilio

267 3074 373 3133 tum
400 3077 721 3148 certaminis
739 3077 1032 3148 quidquam
1053 3091 1174 3148 cum
1201 3075 1429 3148 Pljtotino
1456 3074 1643 3148 fuisse,
1667 3076 1711 3128 si
1741 3074 1861 3144 qui-

264 3148 383 3204 dem
417 3145 548 3204 huic
572 3148 684 3220 jam
715 3145 873 3220 longe
892 3145 1052 3203 antea
1079 3146 1327 3216 deposito
1346 3146 1624 3220 Germinio
1650 3160 1866 3220 succes-f

263 3231 432 3276 serat.
471 3217 611 3276 Vere
640 3217 1081 3276 etiam'audierat
1124 3219 1376 3275 Socrates
1405 3218 1693 3272 formulam
1742 3217 1864 3272 fidei

262 3293 314 3347 in
345 3292 609 3364 pra-dicto
635 3302 904 3364 conventu
935 3305 965 3345 a
1009 3290 1205 3364 Mach
1224 3289 1524 3364 _Aretltttsio
1561 3288 1818 3364 dictatam
1849 3306 1862 3342 :

263 3360 358 3419 sed
392 3367 498 3420 hoc
522 3364 656 3419 falso
679 3364 746 3420 ad
775 3363 934 3420 fidem
957 3373 1144 3417 contra
1177 3360 1464 3416 Photinum
1494 3360 1751 3429 scriptam
1779 3377 1862 3417 re-

265 3438 407 3503 tulit,
444 3436 498 3490 in
526 3450 631 3506 qua
676 3450 939 3506 nusquam
978 3433 1219 3490 occurrit
1246 3433 1570 3506 primarium
1602 3429 1735 3486 illud
1765 3431 1860 3488 de-

263 3498 498 3574 cretum,
525 3498 740 3563 similem
769 3498 892 3562 esse
922 3522 1012 3576 per
1033 3506 1205 3560 omnia
1237 3498 1388 3559 Patri
1413 3498 1627 3558 Filium.

334 3601 458 3657 Jam
482 3616 612 3656 vero
633 3601 888 3656 convenit
911 3601 1051 3655 inter
1076 3613 1288 3663 omnes,
1313 3606 1640 3653 conventum
1667 3595 1733 3653 de
1757 3611 1867 3668 quo

267 3671 353 3727 hic
381 3675 564 3744 agitur
587 3683 710 3744 post
735 3675 1075 3744 Ancyranam
1104 3671 1370 3744 synodum
1403 3673 1528 3744 anni
1568 3670 1674 3744 558
1698 3669 1866 3744 fuisse

267 3741 539 3816 habitum.
572 3741 756 3816 Neque
777 3741 956 3798 minus
971 3743 1431 3816 constarendebet,
1463 3742 1596 3816 nihil
1625 3741 1678 3795 in
1703 3755 1770 3796 eo
1797 3741 1867 3816 de

265 3815 503 3872 l’hOtino
528 3811 735 3882 actum,
760 3817 853 3872 sed
885 3823 1048 3870 totum
1096 3814 1272 3869 Basilii
1316 3813 1734 3880 disputationem
1773 3811 1868 3866 ad-

264 3903 462 3944 versus
487 3888 801 3944 Sirmiensis
842 3885 1190 3954 blasphemite
1236 3895 1485 3940 unctores
1523 3900 1585 3937 ae
1632 3884 1867 3938 fautores

265 3962 564 4016 eXstitisse.
617 3959 694 4014 Ex
725 3958 865 4014 libro
901 3971 1080 4012 autem
1109 3958 1178 4011 de
1229 3957 1463 4028 Syuodis
1507 3967 1715 4009 certum
1745 3964 1863 4028 est.

265 4031 526 4088 Basilium
553 4032 796 4101 aliosque
821 4029 1126 4101 orientales
1161 4026 1304 4083 anno
1329 4027 1456 4091 358.
1493 4027 1718 4101 AAucyra
1737 4026 1864 4101 Sir-

266 4105 435 4158 mium
488 4098 840 4174 properantes
868 4099 940 4156 ibi
975 4100 1252 4174 Valentem
1295 4114 1357 4153 ac
1393 4098 1862 4174 SllCiOS_CllegiSSC,

267 4183 324 4230 ιιι
355 4169 641 4245 ῐίἀεῖἰιιςῖε
674 4174 962 4244 propositze
995 4171 1392 4245 substriberent
1414 4211 1427 4232 .
1461 4184 1523 4224 ac
1549 4169 1868 4223 damnarent

265 4248 409 4316 quod
437 4243 597 4317 paulo
625 4243 749 4300 ante
772 4247 1027 4300 fecerant.
1059 4243 1209 4309 Quod
1242 4259 1345 4317 non
1371 4245 1503 4317 Asine‘
1525 4255 1724 4317 inagna
1749 4254 1869 4307 par-

269 4310 400 4374 tium
431 4310 784 4374 contentione
812 4317 1008 4370 factum
1039 4331 1198 4370 nemo
1241 4315 1446 4368 inficias
1492 4313 1632 4367 ierit.
1684 4310 1868 4380 Neque

267 4392 487 4462 negabit
517 4392 824 4460 quisquam,
855 4387 1205 4462 BasiliuInac
1233 4387 1411 4462 socios
1431 4427 1443 4445 ,
1490 4400 1610 4462 t'ttm
1639 4382 1868 4454 Ancyrte

267 4454 394 4516 auio
423 4454 630 4516 Pascha
659 4454 1059 4520 convenissent.
1086 4456 1339 4513 Sirmium
1365 4468 1489 4510 ante
1513 4454 1866 4509 Pentecosten

270 4535 558 4600 [term-nire
582 4533 839 4600 potuisse.
877 4530 1140 4597 Quocirca
1163 4528 1304 4598 quod
1327 4526 1469 4596 apud
1509 4525 1868 4600 Epipltattittm

269 4595 404 4660 itaer.
443 4595 632 4669 Lxxtu,
661 4622 714 4657 ιι.
746 4602 842 4667 22.
868 4595 1095 4658 habetur
1115 4595 1602 4668 de‘subscriptione
1630 4595 1870 4669 Valentis

267 4686 418 4730 nocte
457 4667 779 4730 Pentecoste;
813 4676 925 4744 jam
949 4672 1325 4744 illucescentis,
1357 4667 1431 4724 ad
1452 4667 1869 4744 coactatntllam

267 4749 725 4817 subscriptionem
744 4739 1030 4817 commode
1052 4743 1276 4807 referas,
1301 4757 1462 4817 quam
1485 4740 1668 4797 Sirmii
1688 4739 1869 4811 Ancy-

1972 586 2078 643 qua
2117 571 2222 630 fide
2259 573 2338 630 sic
2366 576 2734 647 conscriptum
2777 587 2906 636 est:
2943 577 3143 635 Filium
3180 582 3401 637 similem
3425 583 3576 640 Patri

1975 681 2066 737 per
2097 668 2292 734 omnia,
2321 679 2377 722 ut
2408 680 2599 726 sancta
2625 670 2804 734 dicunt
2824 681 2873 727 et
2903 673 3088 729 docent
3119 674 3411 745 Scriptura:
3433 694 3452 731 :
3483 694 3578 734 cu-

1966 759 2057 830 jus
2089 761 2314 833 integrae
2341 763 2664 834 professioni
2693 767 3069 822 consensimus
3094 782 3307 832 omnes.
3335 770 3500 843 709
3519 781 3573 828 ct

1974 868 2138 909 manu
2170 863 2354 911 nostra
2393 857 2834 927 subscripsimus.
2882 860 2939 916 Si
2980 868 3161 916 autem
3206 875 3348 917 nunc
3374 861 3577 934 aliquid

1971 947 2196 1017 spiritus
2223 946 2383 1018 hujus
2424 948 2608 1004 mundi
2635 950 2895 1022 suggerit,
2931 967 2995 1008 ex
3014 964 3202 1020 aperto
3227 953 3406 1010 adhuc
3435 955 3577 1010 scire

1977 1056 2085 1096 non
2114 1057 2419 1113 possumus.
2447 1042 2579 1098 Nam
2610 1053 2665 1098 ut
2691 1059 2791 1098 nos
2818 1046 3047 1116 professi
3077 1034 3265 1101 sumus
3288 1047 3356 1102 de
3384 1047 3572 1120 Scrip-

1977 1136 2111 1190 turis
2142 1150 2236 1204 per
2262 1136 2441 1190 omnia
2473 1136 2703 1191 similem
2739 1136 2931 1192 Filium
2973 1136 3139 1206 Patri,
3162 1148 3387 1211 excepta
3416 1141 3573 1196 inna-

1976 1225 2221 1292 tivitate;
2259 1241 2531 1299 exponant
2555 1237 2612 1285 et
2651 1228 2730 1285 illi
2762 1229 2831 1286 de
2875 1230 3190 1301 Scripturis,
3223 1233 3577 1304 quemadmo-

1975 1319 2102 1375 dum
2134 1328 2282 1390 parte
2310 1320 2500 1376 similis
2526 1323 2617 1389 sit,
2645 1331 2799 1393 parte
2822 1321 3122 1379 dissimilis.

2041 1411 2098 1467 4.
2132 1412 2202 1468 Et
2228 1413 2370 1480 ideo,
2398 1413 2617 1472 Fratres
2643 1415 3002 1483 dilectissimi,
3034 1417 3152 1474 haec
3183 1419 3577 1493 intrepidanter

1970 1603 2205 1680 quod‘ad
2229 1604 2625 1664 Ariminensem
2649 1609 2913 1680 synodum
2935 1609 3201 1676 deferret;
3230 1612 3571 1671 Arimineuse

1971 1677 2260 1752 concilium
2295 1689 2404 1734 tum
2451 1680 2507 1752 in
2556 1677 2802 1750 proximo
2848 1680 3014 1738 fuisse
3039 1682 3316 1752 significat.
3356 1684 3424 1740 Et
3456 1688 3570 1742 tm-c

1973 1748 2084 1816 ipsn
2119 1749 2337 1828 quidem
2366 1765 2395 1806 a
2445 1748 2672 1828 Valente
2704 1759 2759 1828 et
2783 1753 2944 1828 sociis
2991 1748 3320 1828 Ariittittensi
3361 1757 3571 1828 synodo

1971 1828 2054 1874 est
2081 1825 2383 1898 proposita.
2410 1839 2530 1898 quae
2560 1823 2795 1898 Eusebio
2825 1837 2890 1898 ei
2902 1823 3132 1898 Hypatio
3165 1841 3307 1881 coss.
3357 1823 3571 1898 vulgata

1971 1891 2332 1966 est.A_Detnum
2370 1891 2440 1948 ini
2474 1893 2574 1949 hac
2607 1895 2800 1966 legitur
2840 1891 3039 1950 Filium
3085 1895 3234 1952 Patri
3284 1915 3373 1966 per
3400 1891 3572 1954 omnia

1973 1961 2194 2037 similent
2236 1981 2343 2021 esse
2364 2009 2378 2030 .
2407 1974 2460 2020 ut
2488 1961 2682 2021 sanati
2724 1965 2902 2020 dicunt
2951 1977 2998 2021 et
3041 1967 3225 2023 docent
3252 1961 3565 2037 Scriptum.

1895 2023 1944 2082 Β
1971 2034 2077 2089 Sed
2108 2049 2228 2090 cum
2261 2039 2312 2091 in
2343 2023 2404 2093 ea
2437 2039 2549 2108 ipsa
2581 2040 2742 2093 etiam
2798 2039 3113 2093 substantiae
3163 2023 3569 2098 ειιυὶίιεὲὶιῆἀὶξέ

1965 2117 2247 2179 cernatur;
2283 2125 2427 2179 mgre
2472 2109 2791 2177 intelligitur
2832 2111 2919 2178 qui
2952 2109 3179 2166 Basilius
3210 2113 3334 2168 huic
3376 2115 3570 2169 defini-

1968 2177 2096 2256 tioni
2129 2177 2515 2256 consensisset.
2539 2181 2769 2256 _Reponi
2816 2177 3030 2252 quidem
3057 2192 3262 2256 posset,
3289 2200 3412 2241 cmn
3443 2185 3568 2241 hinc

1969 2248 2251 2306 Valentem
2282 2253 2423 2306 inter
2451 2263 2505 2308 et
2538 2248 2792 2309 Basiliam
2825 2248 2946 2308 nata
2974 2248 3119 2309 ess'et
3157 2248 3526 2312 controversia
3549 2300 3565 2321 ,

1967 2322 2110 2398 quod
2139 2322 2227 2398 ille
2252 2324 2568 2398 subSIantiae
2594 2325 2894 2398 silentium,
2923 2325 3009 2380 hic
3036 2325 3228 2381 Filium
3261 2343 3357 2398 per
3385 2329 3566 2384 omnia

1970 2393 2112 2448 Patri
2143 2394 2376 2450 similem
2402 2396 2600 2462 vellet;
2634 2412 2751 2453 eam
2779 2413 2808 2452 a
2841 2397 3018 2452 Marco
3047 2400 3118 2453 ita
3147 2393 3388 2454 sedatam
3418 2415 3565 2464 esse.

1966 2476 2028 2520 ut
2069 2466 2213 2538 quod
2255 2467 2416 2538 vellet
2444 2479 2690 2535 uterque.
2745 2471 2796 2523 in
2827 2485 2928 2523 una
2976 2472 3332 2538 eamdemque
3361 2471 3568 2527 ecthesi

1967 2537 2258 2606 reperiret.
2287 2537 2394 2596 Sed
2423 2538 2562 2610 apud
2579 2539 2938 2614 Epiphaniutn
2967 2541 3089 2596 loco
3116 2537 3330 2598 laudato
3361 2544 3571 2614 perspi-

1967 2624 2126 2664 cuum
2160 2619 2244 2666 est
2266 2653 2281 2676 ,
2317 2626 2490 2681 neque
2518 2613 2680 2666 etiam
2733 2624 2858 2669 tunc
2888 2612 3142 2668 Basilimn
3187 2612 3564 2678 consensisse,

1969 2691 2027 2735 ut
2058 2683 2371 2737 substantiae
2398 2698 2596 2740 nomen
2628 2693 2922 2749 taceretur.
2953 2686 3091 2740 sicut
3114 2701 3178 2741 ex
3201 2685 3568 2741 Seleuciensis

1969 2753 2161 2828 synodi
2197 2755 2368 2828 gestis
2395 2767 2645 2824 constat,
2676 2772 2801 2812 eum
2850 2757 2978 2812 illud
3021 2767 3206 2828 postea
3250 2768 3568 2813 constanter

1968 2825 2279 2898 retinuisse.
2315 2827 2584 2883 Praeterea
2609 2831 2732 2898 quis
2758 2829 2946 2885 credat
2974 2825 3078 2885 hoc
3105 2845 3301 2888 nomen
3333 2845 3364 2883 a
3390 2828 3571 2885 Marco

1968 2896 2262 2960 Aretltusio
2292 2896 2662 2968 suppressum.
2693 2900 2784 2969 qui
2810 2915 2933 2957 cum
2959 2902 3172 2956 caeteris
3201 2899 3568 2957 Orientalibus

1970 2970 2158 3036 primm
2190 2970 2542 3025 Antiochente
2573 2969 2815 3026 formula:
2865 2972 3212 3036 adhaerebat,
3263 2975 3314 3026 in
3343 2988 3469 3039 qtta,
3513 2983 3570 3027 ut

1968 3040 2496 3108 notatSozomenus,
2527 3042 2622 3098 lib.
2646 3057 2721 3108 tv,
2757 3059 2806 3098 e.
2840 3044 2930 3108 i6.
2961 3045 3256 3099 substantia
3285 3043 3569 3098 assereba-

1970 3120 2058 3166 tur
2083 3112 2105 3166 ?
2135 3114 2470 3184 Quamquam
2517 3130 2623 3169 non
2649 3115 2782 3169 Satis
2830 3116 2934 3170 sibi
2963 3125 3175 3174 constat
3196 3118 3532 3170 Sozomenus
3551 3156 3567 3176 .

1968 3197 2090 3237 cum
2125 3185 2219 3255 lib.
2264 3200 2336 3246 tv,
2367 3200 2418 3240 c.
2453 3184 2542 3251 16,
2574 3187 2748 3240 innuit
2770 3228 2784 3250 ,
2815 3186 2964 3242 solos
2993 3189 3384 3243 Anommorum
3416 3187 3568 3255 prin-

1969 3255 2119 3328 cipes
2171 3253 2420 3328 formula:
2464 3257 2580 3328 ejus
2609 3267 2860 3313 auctores
2906 3272 3048 3328 esse,
3095 3274 3216 3328 quae
3259 3253 3440 3313 Sirmii
3473 3272 3562 3311 an.

1969 3325 2098 3392 359,
2126 3327 2272 3383 edita
2299 3337 2418 3391 est;
2461 3325 2516 3383 et
2565 3338 2742 3384 tamen
2771 3343 2892 3398 cap.
2923 3327 2996 3384 22
3015 3369 3031 3396 ,
3083 3325 3362 3398 conceptis
3393 3328 3570 3384 verbis

1893 3412 1939 3476 ρ
1971 3404 2201 3476 testatur
2226 3414 2357 3476 eos,
2401 3400 2596 3471 quibus
2627 3401 2678 3455 in
2711 3400 3042 3476 Seleuciensi
3087 3401 3296 3474 synodo
3326 3400 3570 3476 placebat

1972 3481 2028 3541 ut
2057 3471 2374 3526 substantiae
2400 3487 2600 3526 nomen
2629 3486 2660 3527 e
2688 3471 2867 3528 medio
2889 3471 3189 3538 tolleretur,
3219 3471 3570 3541 prmtendisse

1970 3539 2253 3597 formulam
2286 3541 2436 3608 fidei,
2465 3559 2617 3613 quam
2659 3545 2812 3612 paulo
2841 3555 2958 3598 ante
2981 3543 3191 3599 Marcus
3222 3539 3402 3600 Sirmii
3431 3558 3570 3596 com-

1969 3623 2416 3688 posuerannquam
2445 3624 2555 3668 tum
2584 3615 2703 3688 alii_
2715 3626 3046 3688 susceperant
3076 3617 3305 3688 episcopi
3332 3615 3419 3686 qui
3449 3625 3571 3668 tum:

1968 3696 2114 3759 erant
2140 3686 2193 3759 in
2223 3685 2501 3759 Comitatu,
2528 3697 2636 3759 tum
2664 3685 2890 3741 Basilius
2921 3685 3191 3759 episcopus
3221 3685 3457 3758 Ancyrae.

2042 3756 2119 3812 De
2143 3757 2531 3828 Sirmiensibus
2558 3757 2806 3813 formulis
2831 3756 3000 3815 restat
3027 3756 3399 3828 quaerendum.
3422 3772 3571 3827 qum-

1972 3842 2094 3882 natn
2139 3827 2440 3885 Constantii
2471 3830 2649 3885 edicto
2695 3843 2982 3899 sitppressa
3012 3827 3100 3886 sit.
3137 3829 3284 3884 Multi
3315 3844 3436 3882 cum
3469 3827 3570 3899 So-

1968 3909 2138 3963 crate,
2171 3900 2261 3954 lib.
2299 3917 2354 3966 u,
2383 3916 2431 3956 c.
2467 3900 2556 3960 50.
2587 3915 2651 3955 ac
2681 3898 3006 3966 Sozdmeno,
3044 3902 3134 3955 lib.
3160 3917 3235 3969 tv,
3276 3916 3327 3955 c.
3376 3899 3441 3959 6.
3465 3898 3570 3953 hoc

1968 3969 2038 4025 ad
2067 3971 2359 4026 secundam
2391 3970 2735 4027 referendum
2764 3988 2885 4027 esse
2921 3975 3254 4028 existimant.
3296 3972 3343 4028 A
3371 3971 3567 4041 quibus

1971 4046 2277 4112 percontari
2304 4045 2462 4102 libet.
2493 4044 2710 4114 quando
2742 4051 2932 4114 putent
2962 4045 3107 4100 illius
3137 4056 3385 4099 auctores
3413 4042 3563 4096 labo-

1971 4129 2124 4169 rasse
2153 4127 2210 4169 ut
2234 4114 2379 4170 illius
2401 4115 2728 4186 exemplaria
2760 4131 2826 4171 ex
2848 4117 3088 4171 omnimn
3114 4117 3360 4169 manibus
3385 4114 3564 4186 eripe-

1972 4187 2136 4241 rent?
2161 4201 2227 4241 an
2269 4188 2448 4241 statim
2492 4183 2654 4254 atque
2698 4188 2840 4242 edita
2871 4188 2999 4242 est?
3025 4186 3130 4243 Sed
3169 4187 3328 4241 etiam
3363 4193 3484 4310 gost
3510 4183 3564 4238 in

1972 4256 2176 4310 Gallias
2201 4258 2362 4310 missa
2393 4268 2496 4310 est.
2528 4263 2608 4310 An
2643 4269 2762 4310 post
2789 4273 2950 4310 uuam
2992 4258 3246 4310 Ursacius
3283 4272 3344 4310 ac
3415 4256 3564 4310 alens

1970 4256 2176 4328 Gallias
2201 4258 2362 4313 missa
2393 4268 2496 4313 est.
2528 4263 2608 4312 An
2643 4269 2762 4328 post
2789 4273 2950 4328 quam
2992 4258 3246 4315 Ursacius
3283 4272 3344 4312 ac
3370 4256 3568 4310 Valens

1970 4327 2277 4402 Ancyra-nae
2297 4329 2489 4402 synodi
2511 4327 2744 4402 decretis
2765 4327 3108 4386 subscribere
3128 4330 3301 4402 coacti
3323 4329 3479 4402 sint}
3497 4327 3568 4382 At.

1975 4403 2078 4456 hoc
2094 4399 2249 4456 certe
2297 4399 2532 4457 Hilarius
2577 4401 2796 4457 silentio
2843 4418 2948 4456 non
2983 4401 3314 4469 prreterisset
3343 4401 3395 4455 in
3429 4399 3568 4455 libro

1971 4471 2041 4528 de
2063 4471 2326 4545 Synodis,
2356 4489 2515 4542 quem
2551 4484 2606 4529 et
2637 4483 2756 4545 post
2787 4471 3224 4545 formttlrehujus
3246 4473 3566 4545 editionem.

1971 4555 2027 4599 et
2053 4543 2174 4614 post
2199 4553 2442 4600 coactam
2493 4545 2637 4600 illam
2667 4544 2876 4601 Ursacii
2920 4559 2983 4601 ac
3012 4543 3258 4601 Valentis
3288 4543 3568 4610 subscrip-

1975 4617 2176 4671 tionem
2223 4616 2548 4684 composuit.
2604 4615 2790 4682 Neque
2826 4631 2957 4670 vero
2991 4615 3094 4671 hoc
3123 4615 3332 4670 consilii
3365 4614 3569 4669 Arimi-

1975 4689 2160 4742 nensis
2185 4696 2428 4758 tempore
2459 4688 2654 4743 factum
2679 4689 2940 4742 dixerint:
2966 4703 3072 4758 quo
3094 4686 3349 4742 nimirum
3376 4685 3572 4741 Valens

1973 4774 2038 4815 ac
2067 4759 2198 4814 socii
2247 4759 2548 4814 doctrinam
2580 4760 2632 4814 in
2664 4760 2752 4813 illa
2781 4767 3089 4815 contentam
3121 4773 3381 4813 revocare
3409 4769 3571 4826 atque

270 4835 421 4874 rana:
451 4811 640 4890 synodi
682 4820 836 4901 togati
881 4832 930 4901 ελ
938 4815 1165 4898 Valente
1203 4829 1266 4901 ac
1293 4811 1456 4901 sociis
1497 4822 1868 4901 cxtorsermit‘;

1975 4811 2300 4885 asininis;
2328 4811 2677 4899 agitabam:
2697 4811 2901 4884 vasus
2916 4811 3111 4900 ius...
3125 4811 3284 4901 ista
3328 4811 3573 4882 Athana;

270 4891 431 4959 Quod
464 4881 506 4944 si
537 4892 606 4945 ita
640 4881 757 4950 est:
772 4888 859 4943 hic
889 4887 1199 4959 Germinius
1225 4884 1295 4959 de
1315 4883 1542 4959 formula
1575 4897 1717 4959 anno
1765 4881 1871 4937 558

271 4954 418 5016 Edita
451 4976 756 5016 sermonem
802 4960 982 5016 habet.
1020 4956 1349 5028 Epiphanius
1379 4957 1521 5010 enim
1547 4954 1695 5028 quod
1727 4965 1875 5008 nocte

261 5035 382 5104 jam
426 5033 762 5088 illucesceutis
793 5025 1136 5104 Pentecostes,
1169 5027 1271 5082 hoc
1297 5025 1642 5104 item__t_t_arrat
1674 5025 1870 5104 factum

273 5095 424 5170 esse,
459 5105 673 5174 quando
701 5103 823 5158 fidei
868 5102 1233 5174 subscriptum
1259 5115 1358 5168 qua
1384 5095 1558 5152 Filius
1588 5113 1677 5165 per
1702 5097 1874 5150 omnia

271 5176 431 5231 Patri
458 5171 638 5231 similis
664 5192 770 5230 esse
799 5174 1064 5243 deﬁnitur.
1109 5171 1226 5242 Alia
1256 5180 1516 5240 praeterea
1554 5176 1876 5224 succurrunt

271 5248 328 5303 in
362 5249 526 5318 hujus
553 5247 823 5318 opiniOttis
848 5245 1096 5316 gratiam.

347 5342 514 5398 Plura
543 5353 721 5397 tamen
767 5341 946 5394 favent
974 5339 1257 5393 sententiae
1303 5335 1509 5393 Nicolai
1559 5335 1737 5401 Fabri.
1774 5351 1878 5405 qua

274 5415 559 5469 existimat
599 5428 719 5468 eam
750 5431 776 5463 ιι
809 5410 1087 5467 Germinio
1136 5409 1356 5464 indicari
1405 5407 1718 5472 formulam,
1755 5424 1877 5476 qua:

276 5485 492 5549 Sirmii,
521 5486 844 5552 imperatore
872 5491 1158 5552 praesente,
1188 5497 1240 5535 ιιι
1274 5479 1394 5552 ίιωι.
1417 5479 1530 5549 jttn.
1566 5479 1803 5552 Eusebio
1822 5491 1877 5535 et

277 5556 518 5628 Hypatio
536 5551 710 5628 coss..
741 5551 885 5610 edita
905 5563 1008 5628 est.
1031 5563 1086 5608 et
1113 5551 1534 5628 aIrAtbanasio.
1564 5551 1656 5608 lib.
1690 5551 1759 5628 de
1775 5551 1877 5628 _S_y-

277 5621 414 5684 nod.
439 5643 490 5696 p.
522 5627 651 5690 875,
678 5628 900 5681 inserta.
924 5624 1102 5680 Primo
1116 5626 1256 5678 enim
1281 5622 1334 5678 in
1357 5621 1746 5696 eatncmtvenit
1763 5621 1880 5678 dies

280 5701 352 5755 ab
368 5693 676 5770 Epiphanio
694 5707 931 5753 notatus.
960 5696 1091 5750 Nam
1111 5695 1340 5750 Eusebio
1357 5705 1412 5750 et
1438 5693 1673 5770 Hypatio
1698 5709 1878 5770 _co_ss.,

284 5771 395 5834 hoc
423 5764 520 5826 'est
545 5771 653 5828 359
695 5785 867 5837 anno,
916 5770 1263 5823 Pentecostes
1293 5782 1397 5821 nox
1437 5764 1504 5820 ιη’
1530 5782 1581 5820 xt
1611 5764 1731 5837 Hkal.
1760 5765 1878 5832 jun.

288 5841 584 5899 incidebat.
617 5840 821 5897 Deinde
847 5836 969 5895 eum
997 5839 1185 5895 scribit
1217 5837 1567 5909 Epiphanius,
1607 5836 1883 5894 Valentem

289 5914 652 5985 professionis
699 5913 772 5970 ibi
823 5911 985 5974 editae
1024 5911 1328 5980 exemplum
1377 5909 1578 5965 habere
1622 5909 1883 5977 voluisse,

1974 4903 2138 4968 sium,
2183 4901 2276 4957 lib.
2315 4902 2384 4957 de
2408 4901 2612 4973 Synod.
2665 4917 2717 4970 p.
2765 4901 2892 4967 905,
2933 4900 3165 4963 dixeris.
3195 4900 3484 4973 Valentem
3514 4909 3572 4954 et

1975 4977 2176 5040 socios,
2207 4989 2328 5029 cum
2361 4969 2633 5044 proposita
2655 4969 2984 5029 Ariminensi
3017 4973 3248 5028 concilio
3279 4974 3437 5044 tertia
3461 4969 3570 5044 fore

1980 5048 2122 5100 tnula
2150 5044 2219 5101 ob
2238 5040 2492 5101 consules
2522 5046 2574 5100 in
2602 5061 2664 5100 ea
2698 5054 3030 5115 praenotatos
3057 5045 3124 5098 ab
3153 5044 3403 5098 omnibus
3429 5040 3583 5095 irrisi‘

1978 5126 2180 5176 essent.
2204 5117 2345 5186 apud
2378 5117 2758 5186 imperatorem
2782 5115 3053 5180 effecisse,
3080 5126 3136 5170 ut
3157 5115 3358 5184 ereptis
3387 5126 3575 5186 exem-

1981 5188 2219 5256 plaribus
2244 5183 2441 5244 tollere
2458 5183 2682 5258 possent
2709 5189 2852 5244 unde
2872 5189 3016 5243 omni
3049 5183 3340 5258 probro'ac
3366 5183 3573 5258 pudore

1987 5255 2164 5320 suffici
2189 5265 2403 5340 fuerant
2432 5255 2692 5340 Sublatis
2722 5263 2897 5340 igitur
2917 5255 3200 5340 consulum
3233 5255 3572 5340 nominibus,

1987 5336 2497 5412 necnonjtocabulis
2520 5337 2576 5390 in
2596 5328 2859 5412 omnibus,
2877 5348 2996 5412 qua;
3022 5331 3151 5401 ipsis
3167 5328 3336 5412 .valde
3363 5329 3576 5412 incom-

1985 5408 2167 5473 moda.
2201 5408 2384 5466 Sirmii
2416 5423 2513 5478 pro
2564 5417 2808 5474 tempore
2847 5403 2998 5458 inviti
3028 5403 3577 5478 _t_ergive_rsa_ntesq_ue

1982 5470 2355 5564 susceperant,
2374 5470 2621 5564 eamdem
2649 5470 2935 5564 formulam
2957 5487 3005 5530 et
3023 5470 3221 5564 Nicaeae
3247 5473 3301 5528 in
3317 5470 3576 5564 Thracia,

1983 5560 2040 5608 et
2068 5543 2292 5608 Arimini
2324 5543 2384 5605 ac
2413 5551 2674 5608 Seleuciae
2699 5544 3139 5602 subscribendam
3163 5553 3441 5599 curarunt.
3475 5543 3578 5598 Cui

1984 5624 2270 5680 sententiae
2299 5623 2352 5679 in
2385 5625 2487 5678 hoc
2511 5621 2657 5677 favet
2681 5619 3034 5684 Sozomenus,
3056 5618 3151 5672 lib.
3175 5631 3251 5682 tv.
3277 5632 3329 5670 c.
3353 5618 3405 5676 6.
3429 5612 3579 5685 quod

1987 5712 2091 5751 non
2122 5697 2264 5751 dicat
2292 5706 2541 5750 auctores
2582 5691 2894 5747 Sirmiensis
2924 5688 3167 5745 formulae
3210 5701 3432 5757 operam
3481 5686 3578 5740 de-

1985 5769 2134 5824 disse
2163 5776 2222 5822 ut
2248 5781 2366 5822 eam
2399 5762 3070 5836 prorsus_supprimerent,
3100 5759 3276 5836 sedat
3301 5757 3582 5836 emendan-

1987 5840 2108 5893 dant
2157 5829 2460 5907 reciperent.
2491 5834 2641 5900 Quod
2694 5829 3013 5900 in’tertiam,
3059 5847 3168 5892 non
3201 5831 3253 5887 in
3286 5829 3582 5887 secundam

1985 5926 2190 5966 οοιινθιι
2200 5929 2210 5964 l
2220 5922 2236 5964 Ι.
2247 5947 2256 5963 ι
