4062 6332
553 322 655 375 72":
1791 321 2037 382 SANC'I'I
2091 321 2203 380 IIII.
2217 319 2348 378 ιιιιι
2400 318 2705 377 EPISCON
3727 323 3812 378 τίει

551 451 604 495 et
643 440 760 496 sine
784 456 936 498 mura
967 451 1162 502 vestrm
1186 444 1494 510 dilectionis
1520 448 1588 504 ad
1616 445 2028 509 conscientiam,
2059 457 2153 512 per
2180 449 2231 504 Α
2259 441 2512 510 ignorans
2541 439 2865 508 implicetur.
2916 437 3034 494 Jam
3075 447 3269 494 vestrae
3320 449 3404 495 est
3446 439 3813 509 uuanimitatis,

551 532 835 606 (Syriacum
864 533 1173 604 ofﬁcialem,
1204 540 1357 610 cujus
1381 543 1556 614 prima
1580 540 1800 597 inventa
1826 535 2045 594 occasio
2071 545 2155 598 est
2254 531 2553 588 rescribere
2576 530 2704 586 mihi
2739 530 2864 602 quid
2895 530 3050 587 vobis
3068 542 3285 587 sanctus
3311 529 3543 601 Spiritus
3566 544 3810 604 suggerat.

550 634 674 697 post
703 627 975 690 Carinium
1019 629 1302 690 diaconem
1332 650 1493 706 quem
1522 635 1589 690 ad
1633 649 1729 689 vos
1760 631 1914 697 misi,
1946 627 2155 700 profes—
2257 623 2868 681 SaneintimoCharitati
2887 623 3114 688 Vestras,
3140 640 3225 682 me
3246 625 3374 681 huic
3398 625 3658 696 epistolae,
3682 642 3816 697 prop-

550 720 760 788 sionem
788 722 1076 784 destinavit
1109 744 1123 782 :
1153 727 1317 801 710
1341 738 1398 785 ut
1426 746 1521 801 per
1547 738 1786 788 vestram
1831 740 2044 798 quoque
2072 723 2153 779 vi-

550 815 962 885 gilantissimam
988 818 1337 879 devotionem
1368 823 1511 895 apud
1552 825 1718 879 Deum
1743 821 2010 877 universas
2040 814 2152 872 fra-

2259 729 2404 778 terea
2423 719 2567 792 quod
2584 734 2775 776 manus
2792 718 3057 788 dolerem,
3081 719 3422 776 subscribere
3444 735 3546 775 non
3570 723 3786 791 pomisse
3806 741 3817 778 :

2251 811 2701 868 subscribendum
2743 822 2922 868 autem
2972 810 3263 868 mandasse
3309 813 3564 868 fratribus
3607 823 3660 869 et
3681 828 3817 870 com-

551 909 794 973 teruitati
838 911 1136 982 intimetur,
1170 931 1238 972 ne
1277 917 1400 989 quis
1442 916 1650 972 fallacis
1698 911 1904 971 diaboli
1946 907 2154 982 laqueis
2253 902 2586 974 presbyteris
2613 903 2809 958 nostris
2839 902 3171 970 Innocentio,
3204 901 3427 958 Octavio
3451 901 3730 960 etGatulo.

2224 1030 3813 1056 Μ

1316 1221 1675 1320 711-712
1736 1164 2711 1286 FRAGMENTA

876 1404 1147 1553 EX
1273 1399 1797 1550 ALlIS
1923 1385 2646 1544 SANCTI
2765 1381 3547 1572 HILABII

1792 1635 2680 1782 OPERIBUS

1162 1881 1274 1966 IN
1329 1870 1970 1970 VETEBIBUS
2020 1861 2697 1952 MONIMENTIS
2741 1861 3260 1935 BELICTA.

1645 2066 1824 2079 d—

1493 2071 1644 2086 ρ.-

973 2179 1057 2234 Ea:
1088 2179 1389 2234 tractatibus
1417 2177 1494 2249 (a)
1526 2179 1578 2232 in
1609 2173 1731 2230 Job.

624 2274 668 2331 1.
693 2274 863 2331 Tanta
885 2273 1032 2332 enim
1049 2281 1102 2328 et
1118 2280 1223 2327 tam
1244 2269 1576 2325 admirabilis
1592 2268 1644 2323 in
1663 2280 1760 2324 nos
1775 2259 2165 2322 misericordiae

554 2368 653 2424 Dei
671 2368 884 2423 bonitas
901 2375 1002 2433 est,
1033 2373 1090 2418 ut
1118 2379 1214 2435 per
1242 2378 1401 2433 quem
1426 2363 1478 2416 in
1501 2361 1633 2416 Adae
1653 2356 1860 2415 oll‘ensa
1886 2353 2165 2428 generosi-

555 2470 722 2518 tatem
755 2460 944 2532 primae
967 2465 1022 2513 et
1047 2457 1221 2512 beatae
1247 2456 1391 2510 illius
1416 2453 1706 2509 creationis
1731 2449 2032 2514 amisimus,
2067 2461 2166 2516 per

557 2571 682 2612 eum
715 2569 929 2618 rursum
962 2553 1015 2608 id
1042 2550 1185 2622 quod
1225 2550 1505 2610 amisimus
1550 2547 1798 2602 obtinere
1837 2556 2165 2600 mereamur.

555 2649 709 2705 Tunc
734 2648 878 2704 enim
896 2645 1146 2702 diabolus
1163 2641 1411 2704 invidens
1428 2639 1636 2698 nocuit:
1664 2654 1806 2696 nunc
1822 2643 2026 2701 autem,
2043 2649 2165 2692 cum

558 2753 762 2810 nocere
791 2738 1001 2804 nititur,
1033 2735 1286 2790 vincitur.
1317 2733 1492 2788 Movet
1513 2732 1657 2788 enim
1680 2744 1778 2801 per
1797 2726 2166 2784 inﬁrmitatem

558 2835 739 2904 carnis
763 2841 963 2890 nostra:
982 2830 1162 2898 omnia
1184 2827 1469 2902 potestatis
1491 2842 1604 2882 suae
1628 2823 1755 2892 tela,
1775 2839 1896 2880 cum
1922 2822 1989 2878 ad
2012 2820 2168 2877 Insci-

560 2930 703 2989 viam
726 2925 994 2992 accendit,
1021 2940 1140 2986 eum
1166 2923 1232 2986 ad
1255 2923 1573 2980 ebrietatem
1599 2920 1778 2987 illicit,
1805 2933 1925 2976 cum
1955 2915 2022 2974 ad
2046 2915 2168 2972 odia

561 3023 825 3081 stimulat.
859 3035 980 3077 cum
1013 3019 1079 3075 ad
1103 3018 1386 3074 avaritiam
1421 3025 1713 3087 provocat,
1744 3031 1868 3070 cum
1899 3013 1965 3069 ad
1991 3011 2170 3068 caedes

556 3115 809 3180 instruit,
844 3129 964 3168 cum
996 3111 1062 3166 ad
1095 3111 1380 3167 maledicta
1409 3109 1721 3166 exacerbat.
1769 3106 2020 3164 Sed'cum
2073 3119 2170 3176 per

559 3208 868 3264 firmitatem
885 3206 1046 3266 animi
1070 3203 1522 3272 horumomnium
1537 3201 1882 3272 subrepentia
1899 3198 2168 3256 incentiva

561 3302 952 3370 reprimuntur.
972 3297 1330 3354 emundamur
1347 3311 1375 3350 a
1396 3303 1617 3366 peccato
1636 3308 1730 3364 per
1753 3292 1910 3362 hujus
1932 3290 2170 3346 victoria:

557 3393 821 3464 gloriam;
855 3391 1057 3445 dictum
1085 3390 1228 3466 enim
1253 3389 1324 3444 ita
1354 3395 1438 3442 est
1464 3404 1481 3441 :
1505 3388 1607 3440 Aut
1637 3385 1891 3457 quomodo
1918 3401 1970 3438 se
1992 3400 2168 3438 emuu-

559 3486 702 3540 dabit
720 3496 870 3540 natus
887 3502 950 3540 ex
977 3482 1328 3556 mutiererb
1358 3497 1489 3548 xxv,
1513 3479 1570 3552 4)
1591 3481 1613 3535 ?
1634 3481 1769 3547 Quia
1793 3496 1897 3536 non
1921 3487 2168 3534 exstante

557 3581 738 3646 hoste,
763 3594 868 3634 non
894 3579 994 3633 erit
1011 3579 1210 3634 bellum
1239 3595 1250 3630 :
1275 3585 1524 3633 cessante
1549 3575 1746 3632 deinde
1772 3575 1914 3632 bello
1935 3573 2160 3630 victoria
2190 3575 2236 3641 C

559 3675 753 3730 deerit.
807 3671 1191 3728 Collidentium
1240 3681 1418 3726 autem
1461 3669 1719 3726 adversus
1768 3684 1867 3723 nos
1912 3667 2162 3724 vitiorum

560 3767 788 3838 victoria
831 3782 936 3824 non
965 3765 1187 3840 adepta,
1222 3781 1328 3834 non
1359 3765 1464 3821 erit
1505 3762 1822 3820 cmundatio
1861 3762 1970 3818 ulla
2001 3762 2164 3817 vitio-

559 3878 680 3918 rum
713 3880 727 3917 :
777 3860 902 3932 quia
931 3859 1015 3916 his
1061 3859 1272 3918 insidiis
1301 3859 1547 3931 corporis
1587 3857 1757 3918 nostri
1786 3857 1956 3926 pirata
1988 3855 2162 3922 victo,

562 3953 973 4010 colluctantium
1002 3953 1260 4009 adversus
1289 3967 1390 4008 nos
1423 3951 1734 4024 passionum
1759 3950 2166 4006 concertatione

563 4063 875 4119 purgamur.
901 4047 1166 4106 Memores
1192 4047 1354 4120 igitur
1383 4055 1437 4102 et
1457 4045 1661 4114 conscii
1682 4045 1771 4128 illa
1799 4045 1911 4116 ipsa
1937 4059 2166 4116 corpora

561 4151 749 4200 nostra
789 4141 1031 4200 omnium
1063 4142 1318 4198 vitiorum
1349 4155 1472 4204 esse
1515 4139 1834 4216 materiem,
1881 4153 1979 4210 per
2005 4151 2165 4209 quam

563 4235 755 4306 polluti
780 4243 838 4290 et
874 4234 1101 4300 sordidi,
1137 4235 1269 4290 nihil
1302 4237 1356 4290 in
1389 4233 1546 4288 nobis
1573 4231 1866 4298 mundum,
1917 4230 2048 4286 nihil
2083 4231 2167 4306 in-

565 4341 771 4384 nocens
799 4328 1141 4394 obtinemus;
1175 4327 1503 4400 gaudeamus
1524 4325 1679 4382 nobis
1706 4339 1828 4382 esse
1857 4323 2092 4396 hostem,
2113 4324 2169 4384 in

563 4421 719 4492 cujus
771 4425 1176 4481 concertatione
1219 4421 1458 4493 quodam
1503 4419 1929 4478 concertationis
1969 4430 2170 4482 nostrae

561 4514 710 4592 bello
738 4514 1074 4572 dimicemus.

1236 4607 1370 4664 Item
1413 4607 1512 4682 (ὁ).

637 4723 701 4779 ll.
745 4723 891 4792 Quas
936 4721 1038 4779 Job
1082 4721 1294 4780 litteras
1321 4723 1560 4797 legerat,
1606 4731 1665 4780 ut
1689 4722 1988 4781 abstineret
2014 4739 2074 4781 se
2101 4725 2170 4782 ab

1828 2038 2220 2096 ὦ

2234 2049 2900 2091 Ψ

2186 2166 2237 2228 Β
2264 2161 2413 2222 omni
2443 2176 2503 2218 re
2532 2158 2800 2231 maligna,
2835 2158 2959 2230 quia
3004 2156 3172 2216 Deum
3217 2155 3328 2214 sola
3362 2169 3548 2218 mente
3585 2157 3720 2216 vitiis
3750 2173 3836 2214 non

2267 2254 2505 2311 admixta
2536 2252 2943 2310 venerabatur?
2975 2251 3142 2307 Deum
3186 2261 3365 2307 autem
3395 2250 3586 2308 colere
3607 2293 3622 2320 ,
3650 2251 3836 2323 iustitia

2270 2349 2547 2426 proprium
2574 2346 2811 2403 officium
2844 2355 2945 2403 est.

2449 2483 2534 2540 Es:
2562 2483 2634 2558 (ο)
2674 2482 2935 2538 Prooemio
2962 2482 3301 2554 expositionis
3335 2481 3611 2568 Evangelii
3637 2481 3684 2536 in

2905 2575 2960 2630 Μ
2964 2578 3231 2632 attltceum.

2343 2696 2430 2753 Ill.
2480 2695 2610 2752 Erat
2650 2708 2884 2766 namque
2912 2693 3146 2772 primum
3178 2691 3551 2748 necessarium
3597 2691 3766 2754 nobis,
3791 2697 3835 2743 ut

2271 2792 2580 2862 unigenitus
2603 2783 2748 2852 Deus
2775 2786 2945 2845 nostri
2973 2801 3137 2858 causa
3158 2785 3341 2860 homo,
3372 2783 3423 2841 id
3450 2784 3600 2860 quod
3625 2795 3726 2854 tum
3751 2797 3834 2838 non

2271 2892 2408 2953 erat,
2441 2883 2774 2955 gigneretur.

2842 2973 2978 3030 Item
3004 2989 3069 3029 ea:
3095 2973 3291 3029 eodem.

2345 3091 2436 3154 ιγ.
2469 3091 2710 3150 Tertium
2739 3089 2998 3163 deinceps
3023 3087 3155 3148 illud
3181 3102 3479 3160 congruum
3516 3085 3636 3158 fuit.
3661 3093 3714 3156 ιιι
3739 3087 3835 3158 quia

2273 3186 2417 3241 Deus
2447 3185 2610 3241 homo
2629 3183 2842 3254 genitus
2863 3183 2917 3237 in
2946 3182 3169 3248 mundo,
3199 3191 3298 3237 ste.

2440 3321 2517 3377 De
2544 3322 2621 3395 (ά)
2653 3320 2972 3391 expositione
2996 3318 3228 3390 epistola
3256 3318 3323 3380 ad
3346 3316 3697 3380 Timotheum.

2344 3441 2411 3496 V.
2454 3438 2584 3494 Nam
2630 3447 2683 3500 ct
2711 3453 2833 3492 cum
2865 3435 2994 3490 dicit
3047 3431 3362 3506 Scriptura,
3411 3435 3569 3500 homo
3613 3429 3834 3492 Christus,

2276 3534 2332 3607 (ι
2365 3532 2496 3590 Tim.
2546 3547 2606 3599 ιι,
2658 3529 2742 3604 5),
2787 3536 2840 3585 et
2879 3543 3000 3594 cum
3051 3527 3204 3592 dicit,
3237 3526 3470 3592 Christus
3525 3534 3741 3602 mortuus
3781 3531 3836 3575 est

2269 3626 2449 3696 (Rom.
2483 3640 2600 3690 vtu,
2631 3621 2750 3692 54).
2783 3631 2837 3678 et
2863 3637 2985 3678 cum
3033 3621 3195 3686 dicit,
3253 3617 3472 3674 Verbum
3518 3635 3639 3682 caro
3679 3621 3836 3682 factum

2267 3732 2341 3778 est
2371 3720 2549 3792 (Joan.
2598 3735 2646 3782 ι.
2682 3718 2809 3789 li);
2840 3732 2946 3772 non
2978 3725 3061 3771 est
3087 3713 3403 3784 spoliandus
3428 3727 3533 3785 per
3561 3711 3836 3768 fraudnien-

2264 3817 2396 3876 tiam
2440 3814 2667 3885 legentis
2718 3809 3150 3884 expositionibus
3199 3809 3311 3876 suis
3355 3803 3564 3863 sermo.
3615 3805 3736 3876 Nam
3762 3803 3830 3874 ubi

2270 3911 2421 3967 homo
2445 3907 2680 3966 Christus
2698 3916 2796 3973 est,
2826 3903 3103 3976 prtecedit,
3129 3902 3386 3968 Mediator
3407 3897 3508 3972 Dei
3534 3911 3684 3973 atque
3701 3895 3834 3958 horni-

2272 4019 2394 4058 uum
2421 4018 2438 4055 :
2469 4009 2528 4055 ut
2550 4015 2614 4056 ex
2647 4009 2894 4069 utroque,
2922 3997 3035 4052 Deo
3060 4003 3118 4050 et
3142 3995 3384 4073 homine,
3411 4008 3553 4048 unus
3583 3988 3834 4048 subsistat;

2272 4098 2449 4170 sitque
2475 4096 2614 4151 inter
2660 4092 2937 4148 hominem
2969 4101 3020 4147 et
3047 4091 3216 4146 Deum
3255 4087 3503 4168 medius,
3532 4079 3836 4166 confessione

2273 4194 2328 4251 in
2371 4209 2432 4250 se
2458 4191 2742 4262 utriusque
2773 4199 2999 4246 natum.
3051 4187 3150 4243 Ubi
3181 4201 3311 4242 vero
3364 4181 3605 4242 Christus
3648 4187 3836 4236 ηιοιιιιιη

2273 4296 2366 4354 est,
2401 4285 2709 4357 subjicitur,
2748 4283 2853 4352 Qui
2873 4282 3182 4359 resurrexit,
3208 4281 3296 4354 qui
3331 4279 3488 4335 estin
3516 4277 3719 4332 dextera
3741 4267 3833 4323 Dei.

2275 4383 2334 4442 In
2359 4392 2532 4438 morte
2561 4380 2678 4451 ejus
2698 4379 2877 4436 carnis
2909 4386 3110 4434 nostra:
3139 4361 3427 4431 inﬁrmitas
3465 4379 3572 4438 est,
3607 4371 3658 4428 iu
3684 4378 3833 4423 resur-

2274 4474 2518 4536 rectione
2545 4473 2716 4532 virtus
2738 4472 2880 4544 ejus,
2908 4472 2961 4528 in
2991 4482 3254 4528 consessu
3279 4466 3372 4525 Dei
3401 4464 3654 4539 dignitas.

2345 4612 2508 4685 713
2538 4608 2622 4666 Ea:
2651 4610 2779 4665 libro
2811 4607 2882 4681 (ε)
2910 4607 2977 4664 ad
3013 4604 3368 4663 Constantium
3401 4601 3764 4674 imperatorem.

2345 4726 2434 4782 Vl.
2483 4725 2650 4782 Filius
2693 4725 2785 4804 Dei
2841 4725 3013 4781 factus
3055 4725 3221 4802 homo
3266 4720 3412 4776 Deus
3459 4727 3679 4774 est......
3717 4711 3831 4767 Deus

563 4887 603 4965 1_
639 4883 720 4956 (α)
762 4881 1146 4965 Fragmentum
1189 4880 1505 4965 hoc__laudat
1547 4880 1895 4965 Augustinus,
1937 4888 1994 4965 et
2036 4894 2169 4950 qua-
2192 4881 2246 4944 D
2273 4881 2562 4965 debemus,
2583 4897 2701 4965 quae
2729 4879 2946 4965 quidem
2960 4879 3071 4965 lib.
3101 4895 3174 4936 vn
3199 4877 3412 4935 Incarn.
3446 4893 3496 4935 c.
3541 4876 3614 4932 24
3642 4873 3827 4950 (utinam

569 4951 1039 5025 dam'praetatione
1082 4954 1161 5008 sic
1178 4953 1420 5025 explicat
1451 4952 1540 5025 llb.
1573 4968 1610 5007 ιι
1639 4951 1831 5025 contra
1865 4951 2162 5013 lulianum.

568 5043 619 5083 c.
644 5029 697 5090 8,
725 5023 784 5080 ιι.
812 5025 884 5079 27
913 5041 926 5079 :
966 5023 1273 5092 lnquadani
1312 5039 1429 5078 vero
1479 5024 1698 5078 [comitia
1732 5024 1795 5078 de
1834 5025 1965 5078 libro
2003 5025 2167 5078 sancti

567 5097 688 5166 Job,
732 5096 938 5152 attende
976 5095 1101 5167 quid
1117 5094 1274 5160 dicat,
1304 5095 1735 5167 quemadmodum
1766 5097 1929 5166 ipsius
1972 5094 2166 5150 diaboli

570 5165 816 5225 adversus
838 5184 931 5222 nos
954 5165 1244 5222 iridesiuens
1294 5165 1484 5220 bellum
1538 5183 1601 5220 ea:
1644 5169 1739 5220 hoc
1788 5165 1901 5235 ﬁeri
1947 5175 2162 5234 asserat,

573 5257 690 5295 cum
720 5257 778 5295 en
806 5238 944 5312 maia
973 5254 1089 5310 aute
1117 5239 1168 5312 iu
1201 5237 1361 5312 nobis
1388 5247 1526 5301 sunt,
1572 5240 1755 5312 excitat
1802 5249 1979 5292 contra
2023 5253 2114 5292 nos
2147 5256 2166 5294 :

571 5312 709 5383 quod
735 5313 789 5364 in
820 5307 1045 5383 nostram
1097 5310 1222 5383 fieri
1245 5308 1520 5383 utilitatem
1561 5307 1682 5383 vult
1707 5307 1910 5383 docere,
1956 5323 2167 5383 courier?

573 5378 707 5437 teme
732 5384 919 5462 scilicet
948 5382 1125 5462 divina
1154 5378 1510 5462 misericordia
1560 5381 1812 5462 malitiam
1856 5378 2048 5434 diaboli
2091 5378 2160 5434 ad

574 5449 930 5526 purgationem
950 5449 1200 5526 nostram.
1235 5449 1404 5526 Tanta
1427 5452 1580 5526 enim,
1605 5460 1709 5526 etc.

649 5519 724 5594 (ὗ)
773 5524 848 5578 Ex
879 5524 1071 5578 iisdem
1107 5523 1343 5577 lmmiliis
1396 5524 1448 5577 in
1487 5523 1590 5578 Job
1608 5519 1928 5594 excerptum
1955 5536 2076 5594 esse
2102 5521 2168 5576 li-

577 5592 827 5664 quet'hoc
848 5597 1078 5650 alterum
1118 5594 1497 5665 fragmentum,
1534 5595 1675 5664 quod
1707 5592 1894 5647 Hilarii
1927 5593 2168 5665 nomine,

576 5666 935 5731 tacitoiiperis
953 5667 1126 5729 titulo,
1148 5664 1598 5736 primuslaudavit
1618 5665 1960 5735 Pelagius,ac
1975 5664 2172 5736 deinde

577 5739 1030 5860 (ἐῗιιὲιιιῗιιιοιέἔιι
1058 5747 1108 5792 et
1130 5733 1379 5807 exposuit
1400 5733 1768 5811 Augustinus,
1801 5737 1894 5792 lib.
1924 5736 1994 5791 de
2043 5733 2167 5792 Nat.

729 5822 758 5858 a
790 5846 802 5857 .
835 5821 884 5860 c.
986 5845 999 5859 .

582 5820 638 5858 et
667 5820 802 5874 grat.
835 5821 884 5860 c.
908 5820 999 5860 υτ.

657 5874 730 5945 (c)
779 5875 887 5931 Hoc
927 5875 1280 5946 fragmentum
1325 5895 1447 5938 cum
1497 5881 1859 5963 subsequente
1915 5881 2174 5940 Cassiano

2272 4955 2432 5028 paulo
2465 4951 2720 5028 llts'iora),
2745 4951 2991 5028 inseruit.

2346 5024 2426 5097 (tt)
2470 5021 2681 5084 Titulus
2708 5024 2792 5080 hic
2817 5023 2928 5097 etsi
2948 5024 3243 5092 inauditum
3277 5022 3463 5097 Hilarii
3502 5021 3648 5089 Opus
3674 5023 3827 5097 _notat,

2270 5089 2531 5152 sulittexis
2561 5105 2738 5151 tamen
2787 5089 2963 5150 verbis
3020 5098 3252 5160 donatur
3294 5097 3346 5150 itt
3399 5095 3544 5160 hunc
3571 5089 3767 5160 modum
3801 5099 3822 5137 3

2270 5168 2503 5222 concilio
2531 5161 2775 5236 Spalensi
2800 5183 2849 5222 c.
2886 5167 2989 5222 1‘2:
3026 5157 3254 5236 Sanctus
3283 5183 3401 5236 ergo
3437 5155 3744 5236 Hilarius!!!
3761 5173 3828 5212 εῐο

2271 5185 2503 5222 concute
2532 5185 2775 5236 apatenst
2800 5185 2849 5222 c.
2886 5185 2989 5222 ηε
3026 5185 3254 5224 aaurtus
3283 5185 3334 5222 er
3375 5185 3401 5220 ο
3437 5185 3668 5221 "uanus
3696 5185 3744 5214 ιιι
3761 5185 3824 5212 ιι-

2271 5239 2522 5311 positione
2551 5239 2776 5311 epistola:
2799 5238 2865 5290 ad
2888 5233 3208 5311 Timotheum
3245 5239 3320 5292 sic
3339 5185 3570 5306 ςἶοιιιιῑιιιι·
3599 5227 3766 5290 {Nam
3788 5236 3824 5280 τι

2271 5305 2407 5376 eum,
2434 5321 2539 5366 etc.
2575 5305 2700 5366 Hzcc
2729 5324 2890 5380 porro
2921 5310 3103 5366 Hilarii
3147 5311 3314 5380 nostri
3359 5305 3501 5372 esse,
3559 5313 3697 5378 puto.
3731 5313 3823 5380 Διιοιι

2269 5375 2524 5450 ambiget,
2558 5382 2649 5451 qui
2683 5375 2744 5436 in
2768 5377 2952 5454 ipsius
2993 5383 3231 5454 lectione
3257 5377 3516 5454 prorsus,
3554 5375 3824 5454 peregrinus

2273 5467 2378 5525 non
2406 5441 2530 5519 erit,
2566 5441 2656 5508 aut
2706 5441 2868 5525 etiam
2907 5455 2999 5525 qui
3053 5469 3176 5509 cum
3223 5441 3308 5508 his
3337 5453 3454 5525 alia
3505 5441 3822 5525 ipsius'vﬂilt}

2270 5523 2364 5580 lib.
2398 5541 2430 5578 κ
2459 5511 2529 5579 de
2547 5525 2697 5579 Trin.
2718 5541 2772 5579 ιι.
2802 5519 2893 5589 66,
2924 5511 3273 5595 compararit.
3319 5523 3401 5580 An
3450 5511 3577 5595 vero
3605 5528 3750 5580 tutan
3768 5511 3819 5567 id

2272 5595 2618 5720 :imlotheum
2643 5597 2956 5667 exposuerit
3007 5593 3314 5670 epistolam,
3360 5593 3604 5651 dubitare
3633 5603 3718 5666 per
3744 5598 3822 5642 ιιοε

2297 5682 2372 5720 tcc
2405 5707 2418 5720 .

2297 5677 2418 5722 tcct.

2309 5736 2578 5820 ._(e)_H_re_c
2607 5738 2796 5818 Hilarii
2829 5741 2989 5820 verba
3011 5755 3039 5794 a
3067 5741 3365 5820 Caelestino
3393 5739 3533 5820 Papa
3561 5739 3602 5802 1,
3635 5740 3681 5820 in
3712 5749 3821 5820 gsn-

2275 5808 2407 5865 cilio'
2434 5809 2644 5866 laudata
2676 5808 2798 5868 esse
2829 5815 2981 5869 testis
3009 5824 3093 5870 est
3123 5813 3414 5881 Arnobius,
3446 5808 3534 5868 lib.
3568 5827 3604 5868 ιι
3631 5808 3819 5871 deﬁat.

2275 5882 2424 5954 ﬂictu
2463 5891 2586 5940 cum
2617 5884 2916 5960 Serapione
2936 5928 2950 5955 ,
2987 5887 3076 5944 ubi
3122 5897 3178 5950 et
3203 5886 3396 5948 eadem
3423 5887 3497 5948 sic
3528 5883 3816 5960 adscripsit:
