4062 6332
523 273 626 328 727

526 392 660 448 tanti
705 391 879 448 Patris
903 402 1091 448 contra
1138 392 1514 448 schismaticos
1543 392 1765 450 Grmcos
1817 392 2121 447 doctrinam

525 485 594 539 de
625 482 858 555 Spiritus
889 485 1058 540 sancti
1087 485 1436 556 processione
1464 499 1528 541 ac
1555 484 1712 539 Patre
1743 483 1986 554 Filioque
2008 491 2124 538 tan-

525 593 688 649 quam
730 576 888 634 unico
912 578 1209 649 principio!
1239 578 1359 633 .lam
1392 594 1520 634 vero
1561 587 1806 633 sanctum
1859 577 2121 632 Hilarium

525 671 945 726 commentarios
969 671 1266 742 scripsisse
1282 672 1334 726 in
1358 671 1509 727 Pauli
1529 671 1799 742 Epistolas
1821 669 2126 726 affirmabat

2001 266 2369 326 APPI'INDIX.

2151 527 2201 586 A

3726 267 3820 322 728

2229 377 2547 460 Hispaiensc
2576 388 2862 444 concilium
2891 385 2956 450 ll,
2997 401 3120 442 can.
3168 385 3256 452 l5,
3297 383 3436 458 apud
3479 385 3816 458 Aquirrium.

2229 491 2364 539 tom.
2395 497 2473 546 ιιι.
2510 497 2562 553 p.
2592 479 2738 537 353:
2789 494 2932 535 nunc
2971 494 3097 534 ecce
3140 493 3205 533 cx
3238 493 3306 534 eo
3348 477 3636 550 deperdito
3665 495 3822 550 opere

2230 574 2458 630 frustum
2486 573 2829 645 splendidum
2879 588 2908 629 a
2939 572 3144 629 Graecis
3190 579 3490 628 servatum.
3522 571 3626 644 (Ex
3653 571 3817 644 Spiri-

2231 669 2331 741 leg.
2363 668 2516 723 Rom.
2549 676 2681 724 tom.
2719 683 2790 736 vt,
2817 682 2872 739 p.
2900 664 3016 739 75.)

535 821 3778 864 Μ

1703 999 2656 1106 APPENDIX.

1093 1324 1584 1410 JOANNIS
1664 1324 2508 1412 CHRYSOSTOMI
2581 1317 3265 1408 TROMBELLI

541 1503 713 1624 IN
807 1503 1915 1668 SEQUENTEM
2021 1500 2726 1632 HILARII
2813 1496 3823 1631 EPISTOLAM

1876 1711 2506 1787 PB/EFATIO.

1989 1848 2370 1907 0W9

1049 1982 1278 2041 CAPUT
1318 1980 1602 2038 PRIMUM.

531 2116 595 2172 In
618 2134 838 2188 quonam
875 2120 1050 2175 codice
1078 2132 1312 2193 reperta,
1346 2131 1396 2177 et
1436 2123 1642 2176 cuinam
1681 2123 1886 2195 (nostra
1925 2122 2128 2190 quidem

599 2211 869 2285 sententia)
907 2213 1174 2267 tribuenda
1201 2215 1266 2268 sit
1291 2229 1378 2281 ea,
1411 2230 1562 2285 quam
1605 2231 1740 2269 nunc
1785 2216 2082 2286 evulgnmns
2114 2256 2127 2274 ,

601 2304 836 2376 epistola.

587 2442 641 2496 1.
658 2441 714 2498 Si
728 2457 792 2497 ex
805 2442 1105 2514 diligentia,
1120 2460 1279 2516 quam
1297 2445 1348 2499 in
1369 2444 1760 2515 perlustrandis
1777 2443 2130 2499 Bibliotheca:

527 2544 726 2591 nostra:
751 2535 1034 2592 codicibus
1063 2537 1307 2604 adhibui,
1341 2537 1575 2594 fructum
1605 2555 1711 2592 non
1737 2538 1909 2594 levem
1941 2537 2127 2603 retuli,

522 2643 687 2698 quum
725 2629 1062 2699 superiorem
1110 2629 1351 2686 libellum
1383 2632 1586 2700 reperi,
1621 2631 1794 2685 multo
1822 2630 2127 2685 uberiorem

521 2737 655 2778 sane
682 2739 801 2778 sum
829 2732 1133 2788 assecutus,
1166 2725 1292 2777 dum
1330 2724 1566 2780 nobilem
1608 2725 1919 2794 epistolam,
1965 2737 2127 2794 quam

526 2814 644 2881 tibi,
662 2815 1054 2871 humanissime
1073 2815 1288 2883 Lector,
1317 2816 1570 2884 exhibeo,
1599 2818 1651 2872 in
1667 2818 2016 2872 membraneo
2037 2830 2130 2870 co-

523 2906 644 2964 dice
675 2908 989 2980 Hieronymi
1028 2910 1323 2982 epistolas,
1356 2919 1413 2965 et
1443 2910 1698 2979 opuscula
1731 2910 2130 2979 complectente

523 2999 708 3056 inveni
740 3001 839 3072 (α).
872 3000 1046 3056 Nolim
1094 3014 1270 3057 tamen
1325 3003 1471 3057 illam
1518 3002 1852 3075 Hieronymo
1891 3001 2124 3066 tribuas;

524 3093 700 3166 stylus
747 3095 892 3150 enim
935 3109 1054 3150 eam
1090 3094 1420 3168 Hieronymo
1457 3095 1763 3166 abjudicat,
1796 3103 1962 3166 atque
1991 3094 2129 3150 adeo

526 3186 835 3252 Ambrosio,
863 3198 917 3242 et
935 3187 1258 3256 Augustino,
1279 3202 1414 3258 quos
1443 3201 1640 3257 nempe
1671 3186 1829 3258 longe
1855 3187 2124 3241 diversam

525 3280 797 3336 scribendi
827 3282 1094 3338 rationem
1124 3283 1290 3339 fuisse
1319 3292 1682 3349 consectatos,
1719 3281 2009 3337 manifesta
2040 3297 2127 3336 res

2161 1979 2211 2039 Β
2241 1989 2303 2030 ea
2336 1974 2536 2039 versio,
2572 1988 2691 2044 qum
2715 1975 2768 2028 in
2792 1973 3015 2045 epistola
3041 1973 3142 2027 hac
3181 1971 3465 2042 allegatur.
3515 1969 3671 2024 Przeit
3709 1984 3828 2039 ergo

2237 2067 2496 2121 sa‘culum
2519 2068 2833 2137 septimum,
2860 2081 2968 2137 quo
2992 2067 3199 2121 scilicet
3225 2075 3472 2136 tempore
3495 2066 3546 2120 in
3577 2064 3827 2120 Ecclesiis

2233 2161 2675 2216 Occidentalibus
2724 2161 2838 2216 fere
2879 2160 3133 2216 omnibus
3180 2160 3406 2231 Vulgata
3461 2161 3710 2215 invaluit.
3765 2163 3825 2213 At

2233 2258 2408 2327 quarti
2441 2257 2626 2312 sa-culi
2672 2257 2996 2326 scriptorem
3044 2257 3178 2310 satis
3217 2255 3423 2310 indicat
3472 2269 3682 2310 summa
3713 2253 3825 2308 dili-

2233 2348 2437 2419 gentia,
2467 2358 2523 2404 et
2552 2349 2771 2403 enixum
2805 2348 3041 2403 studium
3065 2389 3078 2413 ,
3112 2362 3219 2418 quo
3265 2345 3428 2402 Verbi
3479 2345 3650 2400 divini
3701 2359 3822 2398 con-

2233 2443 2745 2500 substantialitatem
2778 2452 2940 2516 atque
2984 2443 3346 2498 mternitatem
3371 2440 3619 2496 stabilire
3633 2439 3822 2499 studet,

2233 2547 2289 2594 et
2312 2537 2608 2602 inculcare,
2642 2536 2874 2606 ideoque
2903 2531 3247 2603 Arianos,‘ct
3267 2533 3641 2590 Semiarianos
3669 2532 3824 2587 reiel~

2233 2631 2349 2688 lere
2379 2651 2394 2686 :
2426 2631 2670 2702 praeterit
2700 2645 2828 2687 vero
2849 2631 3086 2686 hatreses
3119 2630 3376 2698 deinceps
3403 2639 3644 2693 exortas,
3675 2637 3826 2698 atque

2233 2725 2370 2782 adeo
2407 2725 2847 2810 Macedonianam
2882 2726 3050 2795 ipsam
3097 2723 3558 2781 Semiarianorutn
3593 2734 3826 2792 tempore

2232 2820 2540 2884 celebrem;
2575 2820 2685 2875 imo
2735 2819 2802 2875 de
2856 2819 3065 2889 Spiritu
3111 2819 3312 2875 Sancto
3358 2819 3589 2887 loquens
3638 2817 3702 2870 iis
3733 2812 3828 2868 uti-

2235 2923 2325 2968 tur
2350 2913 2736 2979 locutionihus,
2763 2929 2883 2984 qum
2916 2925 3202 2984 postquam
3240 2911 3464 2966 heresis
3485 2925 3548 2966 ea
3581 2911 3774 2980 viguit,
3798 2923 3825 2963 a

2233 3008 2350 3062 viro
2379 3005 2683 3072 Catholico,
2719 3007 2897 3078 qualis
2931 3006 3116 3077 procul
3147 3005 3313 3061 dubio
3341 3013 3426 3060 est
3447 3003 3681 3074 scriptor
3709 3017 3828 3056 nos-

2235 3109 2336 3162 ter,
2376 3098 2620 3153 adhiberi
2652 3113 2756 3154 non
2807 3098 3129 3168 potuissent.
3159 3096 3371 3168 Scripta
3400 3096 3582 3166 itaque
3607 3103 3691 3150 est
3719 3094 3829 3165 epi—

2233 3191 2369 3248 stola
2419 3193 2554 3251 hazc.
2609 3200 2898 3262 antequam
2946 3190 3294 3246 Macedonius
3335 3203 3530 3244 novam
3580 3187 3826 3243 haeresim

2232 3283 2511 3338 conderet.
2537 3283 2682 3338 Inter
2709 3298 2803 3338 eos
2831 3299 3014 3354 porro,
3045 3298 3181 3354 quos
3208 3298 3302 3354 per
3332 3297 3394 3338 ea
3426 3291 3668 3353 tempora
3716 3282 3830 3352 epi-

527 3381 630 3428 est.
661 3373 851 3430 Latine
870 3375 1120 3443 primitus
1145 3375 1428 3444 scriptam,
1456 3390 1563 3429 non
1584 3389 1654 3430 ex
1683 3390 1864 3446 grzeco
1894 3391 2130 3431 conver-
2156 3393 2202 3455 ρ
2233 3376 2400 3431 stolas
2427 3376 2712 3446 scripsisse
2735 3375 3002 3441 novimus,
3031 3386 3086 3430 et
3109 3375 3266 3431 Verbi
3293 3373 3632 3430 divinitatem
3673 3383 3830 3444 atque

527 3479 645 3520 sam
676 3466 962 3536 epistolam
994 3465 1160 3530 hanc.
1185 3465 1426 3521 ostendit
1458 3468 1662 3523 locutio
1693 3468 1806 3538 ipsa
1837 3467 1969 3523 nihil
2000 3485 2132 3533 grte-

527 3558 710 3614 citatis
731 3558 935 3614 habens
966 3578 978 3613 :
1013 3561 1234 3615 latinum
1263 3575 1479 3632 quoque
1507 3560 1828 3632 scriptorem
1857 3561 2027 3616 innuit
2065 3577 2128 3616 ea

530 3649 826 3722 Scriptura:
851 3653 1050 3720 versio,
1083 3669 1243 3722 quam
1267 3654 1514 3724 sequitur
1543 3669 1555 3706 :
1588 3653 1788 3724 quippe
1814 3663 1908 3708 aut
1939 3652 2129 3708 Italica

527 3748 641 3819 ipsa
671 3756 755 3803 est
776 3762 804 3801 a
837 3746 1110 3803 veteribus
1141 3763 1285 3820 sa-pe
1313 3747 1548 3812 laudata,
1573 3757 1662 3801 aut
1694 3749 1796 3802 alia
1823 3746 2026 3801 Italica!
2049 3748 2129 3802 af-

527 3842 674 3907 finis,
709 3844 823 3914 ipsa
850 3857 1068 3913 quoque
1108 3857 1139 3897 a
1167 3843 1445 3899 veteribus
1488 3842 1666 3898 latinis
1697 3841 1950 3898 Patribus
1981 3859 2128 3914 stepe

523 3935 789 3992 adhibita.
823 3939 892 3992 At
920 3952 1042 3992 cum
1081 3946 1279 4006 praeter
1302 3935 1713 4008 Hieronymum,
1751 3935 2124 4001 Ambrosium,

521 4039 580 4086 et
605 4030 966 4101 Augustinum
990 4030 1151 4099 (quos
1172 4028 1392 4098 quidem
1421 4029 1643 4098 hujusce
1665 4029 1910 4100 epistolae
1937 4037 2123 4083 auctu-

523 4136 614 4177 res
646 4119 804 4177 fateri
826 4129 992 4187 vetat,
1019 4121 1094 4175 uti
1121 4119 1380 4186 diximus,
1403 4120 1625 4189 scriptio
1652 4120 1816 4190 ipsa),
1837 4121 1989 4174 multi
2007 4119 2124 4176 fue-

523 4215 633 4271 rint
661 4215 810 4269 latini
835 4213 1048 4282 Patres,
1081 4213 1172 4285 qui
1203 4214 1413 4270 litteras
1443 4215 1802 4284 scripserint,
1842 4214 2124 4284 inquiren-

522 4308 650 4364 dum
676 4319 760 4364 est
788 4307 976 4374 nobis,
1005 4307 1093 4362 cui
1119 4305 1408 4376 epistolam
1444 4305 1584 4362 hanc
1614 4307 1938 4364 tribuamus.

593 4488 980 4559 2.Auteqttam
1015 4485 1239 4557 Vulgata
1295 4485 1589 4540 Bibliorum
1634 4487 2013 4558 interpretatio
2056 4489 2125 4544 ab

523 4580 787 4638 Ecclesiis
817 4580 1170 4650 reciperetur,
1202 4592 1320 4631 eam
1354 4575 1522 4632 fuisse
1547 4579 1906 4648 compositam
1931 4623 1944 4646 ,
1972 4597 2123 4636 com-

519 4673 891 4746 pertissimum
921 4680 1052 4742 puto
1085 4687 1099 4726 :
1131 4667 1316 4726 differt
1338 4669 1483 4724 enim
1513 4669 1806 4740 plurimum
1837 4687 1867 4728 a
1894 4672 2119 4745 Vulgata

2234 3471 2592 3525 :eternitatem
2624 3469 2956 3535 vindicasse,
2982 3471 3226 3526 eminent
3271 3469 3507 3524 Hilarius
3529 3468 3835 3525 Pictavien-

2233 3562 2310 3617 sis
2333 3561 2431 3634 (ὁ),
2465 3572 2520 3617 et
2542 3562 2811 3618 Eusebius
2845 3562 3205 3618 Vercellensis
3229 3563 3325 3635 (c).
3365 3565 3436 3619 At
3463 3563 3508 3616 si
3563 3563 3690 3632 quis
3719 3561 3832 3632 epi-

2234 3656 2428 3712 stolam
2459 3655 2597 3709 hanc
2632 3670 2753 3710 cum
2787 3654 2855 3710 iis
2887 3655 3286 3725 comparaverit
3320 3653 3535 3710 Eusebii
3566 3655 3834 3724 epistolis,

2232 3762 2367 3817 quas
2394 3746 2660 3803 Baronius
2690 3746 2986 3817 evulgavit,
3025 3747 3316 3803 manifesto
3349 3744 3587 3813 videbit,
3621 3762 3745 3802 eam
3773 3746 3838 3802 ab

2236 3840 2453 3896 Eusebii
2483 3841 2626 3913 stylo
2669 3841 2860 3896 abesse
2889 3841 3218 3907 plurimum,
3254 3839 3515 3895 accedere
3559 3850 3747 3895 autem
3773 3840 3840 3894 ad

2233 3948 2353 3989 eam
2381 3934 2635 4004 loquendi
2663 3937 2968 4001 rationem,
3002 3950 3163 4005 quant
3190 3933 3430 3990 Hilarius
3462 3935 3514 3988 in
3540 3934 3697 3990 libris
3728 3936 3839 3989 suis

2233 4036 2576 4083 consectatus
2601 4038 2686 4083 est
2719 4047 2731 4082 ε
2765 4039 2925 4098 atque
2949 4029 3088 4084 adeo
3115 4030 3166 4083 in
3189 4045 3255 4085 eo
3282 4029 3658 4085 tantummodo
3675 4029 3748 4085 ab
3777 4029 3840 4085 iis

2233 4119 2474 4185 diti'erre,
2503 4121 2647 4191 quod
2679 4121 2712 4176 ii
2742 4131 2928 4192 utpote
2948 4122 3192 4178 oratorio
3213 4124 3354 4195 stylo
3382 4123 3697 4192 compositi,
3725 4123 3838 4179 ela-

2234 4214 2399 4268 tiores
2423 4213 2553 4280 sint,
2593 4229 2656 4270 ac
2683 4215 3061 4279 sublimiores;
3093 4217 3318 4287 epistola
3347 4231 3480 4273 vero
3512 4219 3628 4273 lucc
3657 4217 3837 4273 humi-

2232 4304 2290 4371 li,
2327 4305 2536 4360 tametsi
2561 4316 2776 4372 ornato,
2800 4321 2862 4362 ac
2892 4307 3124 4363 multum’
3141 4310 3358 4365 exculto
3379 4311 3692 4380 conscripta
3721 4312 3787 4365 sit
3819 4329 3829 4361 :

2229 4396 2373 4468 quod
2402 4398 2596 4453 mirum
2629 4415 2736 4453 non
2769 4407 2884 4465 est;
2917 4398 3077 4472 hujus
3107 4401 3249 4456 modi
3281 4402 3425 4457 enim
3456 4403 3717 4472 loquendi
3743 4419 3829 4474 ge-

2229 4506 2331 4545 nus
2358 4491 2603 4561 epistola:
2629 4492 2708 4548 illi
2733 4496 3010 4564 congruit,
3052 4511 3174 4566 qua:
3205 4496 3257 4550 in
3289 4496 3678 4554 Ecclesiastico
3703 4514 3825 4554 con-

2227 4591 2388 4637 ventu
2419 4583 2483 4636 ad
2519 4584 2872 4654 plurimorum
2901 4587 3266 4644 eruditionem
3299 4589 3524 4662 legenda
3555 4590 3696 4647 foret
3723 4593 3819 4662 (ά).

2225 4676 2412 4750 Neque
2437 4695 2568 4736 sane
2589 4693 2810 4738 auctore
2839 4682 2930 4738 illo
2952 4684 3170 4757 indigna
3195 4696 3300 4754 est,
3328 4688 3397 4744 de
3423 4703 3532 4760 quo
3559 4688 3675 4746 haec
3699 4688 3817 4746 Hie-

595 4857 684 4934 (a)_
702 4854 889 4912 Codex
922 4855 1022 4910 iste
1051 4853 1104 4934 in
1136 4859 1348 4934 vetusto
1375 4850 1676 4934 inventario
1702 4861 1784 4934 est
1817 4852 2022 4921 positus
2053 4870 2107 4908 n.
2140 4865 2193 4925 1)
2220 4873 2274 4911 ιι.
2309 4858 2450 4934 92g
2473 4872 2721 4930 sequent.
2752 4873 2808 4919 et
2838 4863 3208 4933 praefationem
3242 4866 3307 4922 ad
3328 4867 3628 4927 editionem
3653 4868 3811 4926 Vero-

518 4923 615 4988 2ιῖ
639 4923 792 4984 Nunc
824 4942 950 4980 vero
975 4934 1059 4981 est
1087 4923 1137 4978 in
1163 4925 1346 4995 pluteo
1370 4939 1421 4978 iV
1441 4924 1506 4978 ad
1537 4926 1721 4980 laevam
1753 4926 1802 4978 in
1834 4935 1985 4993 parte
2018 4942 2105 4978 sn-

518 5004 735 5075 periore
753 4997 942 5075 plutei.
967 4995 1160 5075 incipit
1179 5009 1306 5075 vero
1326 5010 1368 5075 a_
1385 4995 1541 5075 libro,
1565 5011 1724 5067 quem
1751 4995 2112 5075 Hieropymns

519 5067 766 5130 adversus
802 5068 1139 5123 Iovinianum
1183 5067 1416 5136 scripsit.
1451 5068 1600 5122 Hanc
1623 5109 1636 5130 ,
1674 5083 1833 5137 quam
1865 5067 2109 5136 edimus,

519 5144 801 5217 epistulam
832 5139 1020 5205 habes,
1052 5154 1172 5210 pag.
1206 5137 1327 5192 118.

589 5237 666 5306 (b)
681 5231 976 5306 Nonnullas
991 5230 1247 5306 epistolas
1270 5229 1432 5306 fuisse
1448 5231 1515 5306 ab
1537 5231 1736 5306 Hilario
1752 5233 2112 5306 conscriptas,

513 5299 676 5366 docet
697 5305 1073 5374 Hieronymus,
1088 5301 1186 5374 lib.
1207 5301 1270 5353 de
1298 5299 1436 5354 Viris
1452 5301 1890 5374 illtr_stribus,cap.
1921 5299 2005 5370 10,
2029 5303 2112 5360 his

518 5379 718 5442 verbis,
748 5371 1094 5430 nonnidlazad
1116 5371 1342 5442 diuersos
1371 5371 1635 5441 epistolw;
1677 5371 1860 5427 Hilarii
1885 5377 2028 5429 enim
2059 5384 2113 5429 et

518 5450 739 5506 Eusebii
773 5445 1129 5500 Vercellensis
1163 5441 1431 5512 Epistolas
1478 5444 1545 5497 de
1588 5443 1942 5511 scriptoribus
1990 5446 2112 5499 illo-

517 5537 637 5575 rum
672 5515 1288 5586 temporumdisserens
1318 5554 1333 5576 ,
1393 5516 1766 5586 tantummodo
1805 5526 2108 5570 memorat:

517 5593 612 5644 sed
628 5583 883 5655 expresse
906 5586 954 5638 id
971 5585 1126 5655 ducet
1144 5583 1413 5655 Sulpicius
1435 5585 1691 5648 Severus,
1710 5586 1849 5640 libro
1873 5601 1909 5640 ιι
1925 5587 2110 5655 histo.,

516 5676 637 5729 cap.
663 5653 730 5713 57
763 5677 775 5711 :
810 5656 1004 5729 Hosius
1027 5653 1240 5729 (inquit)
1263 5657 1557 5729 centenario
1579 5659 1744 5729 major
1767 5657 1844 5729 (nt
1869 5657 1929 5709 8.
1953 5653 2110 5712 Hila-L

519 5724 625 5783 rins
651 5734 705 5795 in
725 5726 955 5795 epistolis
985 5729 1162 5795 refert)
1189 5724 1443 5779 deliravit.

589 5795 664 5866 (ιτ)
691 5793 824 5852 Vide
841 5812 960 5864 qua:
983 5793 1140 5850 docet
1165 5795 1426 5851 Baronius
1449 5797 1515 5855 ad
1539 5813 1740 5854 annum
1758 5796 1960 5854 Chriin
1978 5800 2107 5868 356,

2219 4946 2344 4984 nen.
2372 4931 2556 4986 Hilarii
2585 4949 2701 5004 pag.
2726 4935 2780 5001 8,
2807 4931 2861 4990 ιι.
2890 4935 2980 4992 24.

2286 5025 2369 5108 id)
2401 5026 2619 5110 Humile
2656 5030 2924 5110 scribendi
2952 5046 3142 5110 geuus
3175 5033 3444 5110 interdum
3499 5036 3813 5110 iuepistolis

2218 5101 2331 5151 suis
2374 5108 2719 5164 persecutqu
2767 5101 2932 5156 fuisse
2962 5101 3272 5168 ’l-Iilariutn,
3325 5108 3488 5163 tradit
3526 5101 3812 5164 his-verbis

2220 5167 2850 5249 Haronius,_de_e_p_i3tola
2880 5173 3064 5249 Hilarii
3097 5177 3161 5230 ad
3187 5167 3348 5231 filiam
3381 5177 3612 5249 loquens
3629 5181 3693 5235 ad
3720 5196 3803 5236 an.

2220 5239 2344 5304 555,
2370 5258 2428 5322 ιι.
2461 5241 2521 5294 7i
2545 5240 2786 5322 :_Videas
2822 5245 2873 5297 in
2898 5261 2955 5322 ea
2979 5246 3148 5299 virum
3168 5239 3569 5316 sanctissim'mn,
3607 5255 3814 5322 pariter-

2219 5327 2316 5385 que
2334 5311 2824 5382 eloquentissimum,
2849 5317 3040 5385 stylnm
3061 5335 3212 5372 suum
3235 5331 3420 5375 natura
3448 5311 3714 5379 sublimem
3734 5326 3808 5378 in.

2220 5383 2415 5465 clinare
2444 5385 2648 5465 puellis,
2682 5397 2728 5440 et
2757 5383 3102 5465 dein—dustria
3131 5393 3372 5465 humilem
3405 5393 3640 5465 reddere,
3664 5401 3810 5465 atque

2217 5453 2287 5535 ad
2307 5456 2712 5535 persuadendum
2739 5459 2968 5535 faciiein,
2997 5463 3420 5532 simplicibusque
3455 5453 3684 5535 Virginis
3716 5453 3806 5520 ἆιι-

2218 5527 2358 5606 ζὶὸιιδ
2400 5527 2808 5606 accommodare.
2843 5529 2968 5606 Illas
3000 5527 3131 5586 vero
3159 5527 3420 5604 epistulas
3450 5527 3573 5606 quae
3599 5539 3665 5592 ad
3691 5553 3804 5592 eum

2219 5595 2377 5649 finem
2407 5599 2781 5656 scribebantur
2806 5643 2820 5662 .
2857 5613 2912 5656 tit
2957 5604 3006 5657 itt
3038 5595 3425 5660 ecclesiasticis
3455 5595 3804 5664 conventibus

2218 5667 2427 5749 publice
2455 5671 2785 5749 legerentur,
2810 5683 3032 5749 ornatas
3065 5678 3246 5742 fuisse,
3280 5691 3444 5747 atque
3470 5683 3733 5740 excultas,
3763 5680 3804 5733 is

2217 5736 2374 5824 [it-ile
2397 5736 2666 5824 fatebitur,
2697 5745 2786 5813 qui
2815 5750 2878 5824 ad
2919 5736 3244 5824 ltujustnodi'
3264 5736 3471 5806 litteras
3504 5751 3596 5824 (de
3621 5736 3801 5823 quibus

2215 5808 2394 5879 aliqua
2424 5827 2545 5867 mox
2573 5808 2838 5887 dicetittts)
2867 5808 3106 5876 animum
3127 5819 3399 5878 advertet.
