4062 6332
187 347 272 405 799
911 342 976 400 IN
1036 341 1291 400 HILARH
1333 341 1714 404 EPISTULAM
1753 341 1886 401 ΞΕῐῖ
1928 344 2269 401 “BELLUM
2316 343 2705 404 PHEFATIO.

3467 128 3544 195 Γξ

3358 343 3462 402 7ἑο

192 478 420 538 ronymtts
450 461 610 518 tradit
639 462 750 535 (a):
784 484 802 515 ι
835 463 893 519 S.
926 464 1160 520 Hilarius
1177 465 1462 522 Gallieano
1490 467 1760 522 cothurno
1784 468 1840 530 Α
1935 466 2158 524 Accedit
2183 467 2252 523 ad
2276 468 2389 523 haec
2411 466 2647 522 affinitas
2671 463 2929 521 nonnulla
2948 462 3226 519 nominum
3251 463 3458 531 Hilarii,

193 560 453 622 attollitur,
485 568 537 613 et
559 573 724 629 quum
754 557 978 614 Graeciae
1010 557 1232 616 floribus
1251 558 1569 627 adornetnr,
1591 560 1764 631 longis

195 655 440 714 interdum
466 651 704 722 periodis
726 653 1046 721 inVolvitur,
1079 662 1135 710 et
1163 669 1192 709 a
1216 654 1450 711 lectione
1469 654 1767 722 simplicio-

195 767 304 810 rum
335 750 550 805 fratrum
576 749 765 818 procul
791 757 895 803 est.
936 767 955 802 ι
990 747 1176 816 Neque
1217 749 1268 804 in
1298 763 1361 804 ea
1391 747 1766 804 desideramus

190 847 490 905 ubertatem,
540 855 604 896 ac
643 842 897 909 nitorem,
935 855 1094 912 quem
1123 842 1174 896 in
1205 841 1484 898 Gallorum
1516 841 1766 910 Scripto-

187 953 295 996 rum
345 933 842 992 elucnbrationibus
897 933 1108 989 enitere
1153 931 1284 988 alibi
1332 941 1563 988 testatur
1621 932 1765 988 idem

189 1029 532 1100 Hieronymus
559 1026 662 1097 (li).
693 1025 955 1097 Denique,
985 1040 1052 1080 ne
1073 1024 1241 1080 multa
1269 1024 1562 1095 proferam,
1589 1025 1640 1080 in
1664 1024 1767 1081 hac

185 1136 307 1179 sane
332 1120 556 1190 epistola
583 1133 643 1175 se
671 1117 849 1189 prodit
873 1118 940 1186 is,
971 1133 1132 1190 quem
1155 1117 1576 1174 disertissimum
1600 1116 1767 1174 fuisse

183 1217 422 1274 evincunt
473 1212 562 1268 illa
592 1211 836 1284 ejusdem
869 1212 1075 1284 pariter
1115 1212 1428 1286 Hieronymi
1456 1212 1618 1270 verba
1647 1210 1718 1287 (ο)
1749 1231 1763 1268 :

183 1309 286 1365 Nec
308 1306 600 1364 disertiores
627 1323 803 1362 smnus
835 1305 1042 1362 Hilario
1074 1323 1093 1362 :
1121 1307 1325 1378 quippe
1368 1307 1486 1377 qui,
1521 1315 1658 1362 teste
1681 1307 1768 1363 hic

179 1417 382 1474 quoque
404 1400 735 1473 Hieronymo
761 1401 864 1472 (ά),
899 1418 918 1453 ι
952 1400 1242 1458 Duodecim
1265 1399 1580 1467 Quintiliani
1601 1400 1769 1455 libros

184 1507 234 1554 et
261 1496 400 1569 stylo
422 1496 662 1551 imitatus
693 1505 797 1557 est.
831 1505 887 1551 et
929 1506 1159 1552 numero
1187 1493 1294 1565 (e),
1324 1493 1587 1564 brevique
1616 1494 1769 1550 libel-

186 1591 255 1656 lo,
279 1605 436 1660 quem
465 1589 684 1659 scripsit
727 1599 921 1644 contra
954 1589 1272 1645 Dioscorum
1319 1587 1609 1653 medicum,
1641 1588 1768 1659 quid

180 1684 230 1740 in
260 1683 452 1738 litteris
485 1683 681 1754 possit,
712 1681 968 1737 ostendit.
1009 1699 1028 1734 ι
1059 1680 1276 1736 Initium
1318 1680 1560 1752 profecto
1609 1680 1770 1750 hujus

175 1777 412 1849 epistolae
433 1775 796 1832 valdenobile
823 1784 930 1842 est,
964 1790 1064 1832 nec
1092 1774 1274 1831 minus
1302 1777 1614 1844 prieslantia
1648 1790 1768 1844 qua:

1864 570 1917 617 et
1949 560 2300 633 Hieronymi;
2333 561 2523 616 iisdem
2546 560 2690 616 enim
2722 559 2916 614 litteris
2947 567 3238 630 utrumque
3266 571 3460 615 nomen

1864 655 2074 726 incipit.
2104 653 2241 710 Hinc
2283 655 2528 725 suspicor
2555 653 2745 709 Hilarii
2789 668 2986 709 nomen
3014 651 3223 709 duabus
3253 660 3460 707 tantum

1867 748 2135 818 prioribus
2162 747 2356 803 litteris
2387 747 2680 802 iudicatum
2711 745 2732 818 (
2755 741 2828 800 Hi
2854 745 2874 817 )
2901 764 2915 799 :
2947 756 3002 801 et
3051 745 3174 801 huic
3217 744 3463 814 epistola:

1866 843 2214 914 praepositum
2268 839 2524 896 inducere
2571 839 2727 896 facile
2777 840 3018 910 potuisse
3075 854 3461 894 amanuensem

1867 943 2111 991 nostrum
2143 949 2247 991 non
2271 933 2562 990 admodum
2587 932 2821 989 fortasse
2852 933 3079 1004 peritum
3108 975 3125 1001 ,
3169 943 3228 988 ut
3269 931 3463 990 Hiero-

1868 1044 2032 1101 nymo
2060 1029 2326 1084 tribueret
2380 1026 2625 1083 libellum
2667 1027 2864 1093 istum,
2907 1025 2997 1096 qui
3035 1024 3239 1081 Hilario
3282 1025 3465 1097 utique

1870 1122 2045 1179 fuerat
2072 1121 2413 1179 tribuendus.

1941 1217 1996 1273 4.
2030 1216 2205 1288 Atque
2235 1215 2318 1272 bis
2343 1214 2562 1289 quidem
2593 1213 2923 1286 coniecturis
2951 1214 3140 1282 ducor,
3177 1223 3235 1272 ut
3260 1213 3465 1272 Hilario

1868 1311 2218 1377 Pictaviensi,
2251 1311 2478 1382 ideoque
2505 1309 2920 1381 praeclarissimo
2937 1351 2950 1374 ,
2978 1319 3034 1364 et
3057 1309 3214 1366 valde
3237 1318 3450 1365 vetusto

1869 1405 2120 1474 scriptori
2142 1404 2424 1474 epistolam
2453 1403 2592 1458 lianc
2615 1402 2940 1459 adscribam.
2968 1403 3102 1457 Nolo
3135 1411 3313 1457 tamen
3345 1400 3460 1456 dis-

1869 1498 2132 1555 simulare
2158 1513 2272 1564 eas,
2298 1512 2432 1569 quas
2460 1497 2595 1552 milii
2623 1497 2702 1551 vir
2733 1495 3093 1561 clarissimus,
3126 1495 3326 1566 quique
3355 1495 3465 1565 pri-

1872 1605 1990 1647 mas
2018 1591 2070 1645 in
2094 1590 2356 1646 litteraria
2397 1590 2675 1661 republica
2708 1598 2897 1646 tenere
2915 1590 3060 1644 visus
3087 1597 3174 1645 est
3201 1589 3304 1660 (g),
3337 1586 3467 1642 mihi

1870 1683 2070 1753 olijecit
2099 1681 2467 1738 difficultates.
2517 1681 2780 1737 Nimirum
2827 1680 2882 1735 1°
2904 1682 2972 1736 ad
3000 1680 3317 1752 martyrium
3347 1679 3467 1735 vult

1871 1778 2105 1848 scriptor
2133 1778 2231 1833 iste
2255 1785 2474 1848 paratos
2498 1791 2614 1843 eos,
2639 1776 2835 1846 quibus
2853 1775 3084 1846 epistola
3100 1775 3216 1832 haec
3243 1774 3468 1847 legenda

171 1881 484 1943 sequuntur,
507 1871 586 1926 sic
610 1869 1070 1925 utsublimitatem
1095 1869 1266 1936 illam,
1295 1878 1350 1924 et
1373 1867 1765 1938 eloquentiam,
1798 1866 1844 1926 B
1872 1880 2010 1926 erat.
2037 1869 2326 1941 Antiquior
2354 1884 2484 1941 ergo
2507 1868 2709 1924 Hilario
2732 1879 2924 1924 auctor
2955 1867 3100 1923 illius
3125 1877 3242 1934 est;
3271 1867 3473 1939 quippe

171 1979 320 2035 quam
354 1963 407 2019 in
439 1962 651 2020 Hilario
679 1962 1064 2021 commendant
1094 1972 1328 2030 veteres,
1370 1962 1424 2018 in
1461 1976 1523 2019 ea
1554 1976 1770 2034 quoque

173 2055 321 2112 facile
347 2055 602 2126 detegas.

237 2149 457 2207 5.1llud
504 2152 670 2208 etiam
716 2152 767 2207 in
820 2151 1022 2208 Hilario
1071 2160 1328 2210 notarunt
1372 2151 1596 2220 Critici,
1627 2151 1771 2224 quod

170 2259 325 2302 voces
350 2245 650 2302 admodum
673 2243 1043 2317 infrequentes
1061 2245 1278 2317 scriptis
1294 2247 1407 2302 suis
1429 2247 1632 2302 inserat
1660 2244 1732 2318 (ί)
1759 2263 1771 2299 :

170 2345 324 2409 atque
355 2337 408 2392 id
441 2336 666 2408 quidem
698 2338 750 2392 in
785 2337 884 2392 hac
924 2338 1038 2407 ipsa
1089 2339 1317 2408 epistola
1352 2340 1609 2395 occurrit.
1643 2339 1775 2406 Quis

171 2433 307 2487 enim
366 2446 536 2488 voces
587 2432 706 2498 has,
756 2432 946 2499 initiat,
978 2433 1378 2503 ιριςηιιὶβεανε,
1429 2432 1771 2499 διιεενάοιανε,

169 2525 454 2596 confuerit,
511 2540 648 2596 quas
699 2525 785 2580 hic
815 2525 1096 2590 invenies,
1147 2526 1214 2581 iis
1265 2528 1488 2582 vocibus
1515 2542 1780 2584 annume-

171 2615 326 2683 rabit,
359 2632 503 2688 quas
529 2617 728 2673 crebro
754 2617 1108 2674 adhibemus?
1127 2618 1281 2687 Quod
1306 2619 1350 2673 si
1374 2604 1776 2690 explicationis,

171 2713 350 2783 reique
383 2712 596 2769 clarius
627 2711 964 2770 illustrandae
993 2726 1154 2768 causa
1186 2727 1389 2783 graecas
1417 2727 1579 2768 voces
1623 2726 1779 2767 usur-

168 2814 256 2875 pat
301 2804 356 2860 in
391 2806 515 2860 suis
568 2804 721 2860 libris
773 2804 1050 2860 Hilarius:
1081 2821 1158 2860 cm
1185 2819 1402 2875 quoque
1450 2805 1500 2860 in
1533 2804 1777 2875 Epistola

167 2899 261 2954 hac
282 2907 610 2957 occurrunt.
645 2899 703 2955 Si
749 2914 778 2954 a
810 2914 942 2954 voce
975 2898 1277 2953 Iiomousion
1308 2899 1374 2953 ad
1407 2899 1775 2954 consubstan-

167 2990 458 3047 tialitatem
514 2989 680 3046 Verbi
711 2989 1089 3059 explicandam
1139 2989 1317 3060 quoad
1371 2998 1578 3058 potest,
1625 2998 1780 3045 cavet

163 3083 402 3140 Hilarius
425 3126 441 3149 ,
505 3083 762 3155 illiusque
793 3083 913 3140 loco
961 3083 1351 3155 explicationes
1381 3084 1514 3139 alias
1544 3085 1594 3138 in
1628 3083 1778 3139 libris

163 3179 272 3232 suis
301 3177 625 3242 substituit,
653 3191 719 3232 ne
764 3177 971 3233 scilicet
1012 3178 1081 3232 de
1120 3177 1323 3231 nomine
1348 3219 1361 3243 ,
1397 3192 1503 3231 non
1549 3176 1618 3232 de
1662 3177 1776 3246 ipsa

1873 1960 1965 2032 qui
2017 1960 2400 2031 imperatorum
2464 1960 2760 2017 Ecclesiam
2820 1961 3259 2032 persequentium
3313 1969 3473 2016 aetate

1875 2055 2028 2110 vixit.
2051 2055 2108 2109 ﬁ“
2128 2054 2348 2111 Fatetur
2375 2055 2618 2126 cpistolm
2651 2054 2809 2125 hujus
2837 2055 3094 2126 scriptor,
3123 2053 3283 2110 ﬁdem
3317 2067 3470 2108 suam

1877 2148 2041 2204 fuisse
2071 2148 2122 2202 in
2154 2148 2374 2204 dubium
2406 2157 2732 2204 revocatam.
2769 2165 2786 2199 ι
2824 2147 2893 2202 Et
2933 2147 3106 2203 sciant
3137 2147 3318 2202 annuli
3348 2145 3473 2202 lidci

1878 2257 2012 2297 mea:
2039 2241 2332 2312 priestitam
2358 2243 2644 2310 rationem,
2676 2253 2728 2298 et
2754 2244 3050 2299 convenire
3078 2257 3199 2298 cum
3230 2241 3471 2298 Ecclesia
3566 2287 3577 2292 -

1879 2345 2287 2406 recognoscant.
2333 2357 2352 2390 ›
2391 2338 2458 2391 At
2481 2337 2603 2408 quis
2636 2337 2688 2392 id
2717 2337 2784 2392 de
2815 2336 3018 2391 Hilario
3040 2336 3237 2392 audeat
3257 2333 3473 2392 dicere?

1877 2429 1990 2498 qui,
2022 2437 2079 2482 nt
2105 2429 2388 2498 Augustini
2421 2429 2602 2484 verbis
2631 2439 2751 2484 utar
2787 2427 2892 2501 (Ii),
2934 2449 2953 2482 ι
2981 2429 3238 2484 Ecclesiae
3281 2427 3472 2484 catho-

1879 2520 1994 2576 licie
2020 2520 2280 2576 adversus
2310 2521 2593 2576 luereticos
2613 2523 2913 2576 acerrimus
2938 2520 3215 2584 defensor;
3244 2520 3474 2578 catholi-

1877 2627 1973 2667 cus
1995 2623 2049 2668 et
2075 2614 2300 2683 insignis
2316 2612 2575 2669 Ecclesiae
2603 2613 2882 2669 catholicm
2906 2612 3129 2679 doctor;
3156 2624 3336 2670 etnon
3359 2627 3474 2668 me-

1878 2707 2078 2763 diocris
2105 2707 2440 2763 auctoritatis
2462 2707 2514 2763 in
2546 2710 2867 2764 tractatione
2900 2708 3396 2778 Scripturarnm,et
3424 2708 3474 2764 in

1877 2801 2184 2856 assertione
2210 2799 2335 2855 fidei
2378 2801 2461 2856 vir
2487 2801 2792 2872 appellatus
2834 2809 2940 2856 est.
2978 2821 2998 2854 ›
3033 2801 3127 2856 His
3158 2801 3370 2857 scilicet
3407 2801 3474 2855 ad

1879 2893 2020 2951 hunc
2053 2895 2273 2951 modum
2317 2910 2570 2952 occurro.
2596 2895 2899 2952 Constantii
2932 2906 3174 2967 tempore
3200 2897 3475 2954 exstitisse

1878 2990 2080 3046 multos
2106 3031 2122 3056 ,
2174 2991 2267 3062 qui
2317 3001 2540 3061 propter
2587 2990 2915 3046 Orthodoxze
2946 2990 3070 3047 fidei
3100 2990 3473 3048 defensionem

1880 3101 1988 3142 non
2020 3084 2182 3141 modo
2212 3084 2266 3140 in
2296 3085 2548 3141 exsilium
2578 3086 2749 3150 missi,
2780 3101 2967 3141 verum
2993 3086 3156 3140 etiam
3207 3087 3471 3158 martyrio

1883 3178 2048 3234 functi
2079 3178 2208 3246 sint,
2238 3177 2554 3234 indubitatis
2581 3179 2945 3234 monumentis
2971 3167 3333 3251 assequiinur.
3366 3179 3476 3239 Mc-

163 3271 321 3326 Verbi
351 3269 949 3335 consubstantialitate,
975 3279 1137 3340 atque
1163 3270 1486 3338 :eternitate,
1538 3284 1602 3325 ac
1639 3286 1778 3341 prm-
1805 3259 1850 3322 C
1882 3271 1988 3326 rito
2012 3271 2193 3342 itaque
2222 3270 2288 3326 ad
2317 3270 2636 3342 martyrium
2660 3282 2876 3341 paratos
2914 3286 3036 3326 esse
3062 3271 3312 3342 cupiebat
3339 3273 3492 3336 fides

163 3365 356 3417 stantia
379 3363 676 3418 decertare
705 3362 983 3427 videatur;
1015 3361 1066 3416 id
1099 3377 1314 3433 quoque
1345 3362 1432 3418 hic
1462 3363 1687 3432 peragit.
1720 3362 1773 3416 Id

161 3454 364 3524 pariter
393 3455 710 3526 inepistola
737 3455 836 3510 hac
858 3455 1180 3520 observans,
1210 3455 1352 3526 quod
1377 3455 1430 3512 in
1456 3456 1681 3526 reliquis
1713 3455 1778 3510 li-

158 3548 268 3604 bris
289 3550 412 3604 snis
435 3549 711 3604 adversus
739 3548 970 3604 Arianos
1005 3548 1284 3618 disputans
1311 3549 1565 3620 religiose
1589 3548 1779 3604 obser-

157 3651 343 3698 varat:
382 3652 447 3698 ut
473 3643 688 3700 scilicet
717 3658 905 3699 eorum
936 3642 1152 3713 quidem
1177 3657 1396 3699 errores
1425 3643 1778 3700 vehementer

156 3738 482 3808 redargnat,
529 3745 589 3791 at
618 3737 891 3793 neminem
935 3737 1154 3792 nomine
1198 3737 1434 3808 appellet
1463 3754 1478 3797 :
1508 3747 1670 3810 atque
1709 3739 1777 3794 ab

151 3832 346 3888 odioso
372 3833 708 3887 Arianorum
743 3842 797 3888 et
829 3831 1276 3887 Semiarianorum
1321 3833 1584 3889 vocabulo
1623 3848 1778 3902 pror-

150 3943 245 3984 sus
261 3929 558 3984 abstineat
587 3944 599 3980 :
624 3942 783 3998 quam
810 3927 1026 3996 quidem
1057 3925 1126 3980 ob
1154 3941 1267 3982 rem
1296 3924 1546 3983 Lucifero
1568 3926 1776 3982 Calari-

147 4032 278 4078 tano
320 4021 662 4094 displicuit,
695 4031 746 4075 et
767 4021 888 4091 plus
925 4034 1082 4090 :equo
1125 4019 1272 4074 initis
1301 4020 1571 4090 apparuit.
1601 4018 1778 4086 Quid?

147 4119 292 4188 quod
312 4117 544 4175 easdem
563 4115 725 4186 paulo
753 4114 1039 4170 liberiores
1053 4113 1301 4184 phrases,
1329 4114 1629 4183 praesertim
1654 4128 1777 4168 cum

143 4213 214 4270 de
241 4214 469 4286 Spiritu
503 4209 734 4274 Sancto,
768 4208 836 4264 de
865 4207 1260 4263 incarnationis
1303 4206 1562 4278 mysterio
1586 4247 1602 4273 ,
1631 4216 1686 4263 et
1713 4207 1782 4262 de

144 4321 332 4362 rerum
364 4304 668 4361 creatione
695 4301 937 4367 disserit,
961 4315 1082 4370 quae
1106 4299 1157 4352 in
1191 4298 1343 4353 libris
1357 4298 1544 4354 Hilarii
1575 4299 1638 4353 de
1661 4297 1781 4353 Tri-

141 4401 308 4455 nitate
357 4406 726 4460 occurrunt,
772 4401 1066 4450 occurrunt
1118 4393 1318 4463 pariter
1363 4393 1415 4447 in
1474 4407 1568 4455 ea,
1621 4409 1781 4464 quam

142 4494 520 4564 evnlgamus,
536 4489 792 4560 epistola;
806 4487 1088 4543 sententiae
1101 4503 1314 4559 quoque
1327 4483 1531 4542 eadem
1547 4494 1780 4551 exstant;

138 4606 244 4646 nec
270 4586 614 4650 dissimilis,
634 4585 712 4639 uti
737 4583 994 4650 diximus,
1021 4597 1202 4638 sermo
1229 4592 1314 4637 est
1345 4600 1357 4636 :
1385 4591 1547 4650 atque
1575 4580 1627 4635 id
1651 4596 1783 4636 sane

1881 3364 1960 3423 les
1987 3373 2175 3421 noster
2193 3365 2440 3437 egregius
2467 3365 2730 3435 Scriptor,
2758 3365 2824 3420 ad
2856 3365 3244 3421 tcstiticandam
3268 3366 3478 3422 scilicet

1881 3461 2144 3531 sanguine
2171 3475 2271 3516 suo
2299 3458 2628 3517 Orthodoxre
2658 3463 3014 3518 confessionis
3045 3470 3351 3517 veritatem.
3393 3463 3476 3516 An

1883 3568 1992 3608 non
2023 3553 2183 3608 etiam
2216 3550 2450 3608 dubitari
2493 3555 2689 3608 merito
2720 3564 2951 3624 poterat,
2993 3570 3061 3608 ne
3096 3564 3311 3607 mortuo
3335 3551 3480 3610 Con-

1882 3647 2084 3702 stantio
2110 3644 2178 3702 ad
2211 3645 2486 3702 hominem
2521 3656 2749 3702 vetusta:
2786 3646 3158 3718 superstitioni
3203 3645 3476 3701 addictum

1884 3739 2270 3795 transferretur
2293 3741 2604 3810 imperium,
2645 3756 2821 3810 eoque
2845 3750 3104 3808 regnante
3129 3740 3324 3793 iterum
3352 3754 3479 3793 exa-

1881 3837 2146 3905 gitaretur
2171 3835 2450 3891 Ecclesia?
2474 3835 2624 3903 Quod
2651 3837 2694 3890 si
2719 3845 2978 3904 regnante
2995 3834 3211 3890 Juliano
3239 3833 3319 3888 vis
3363 3833 3480 3903 epi-

1882 3930 2077 3985 smlam
2106 3929 2243 3985 hanc
2266 3931 2653 4000 conscriptam,
2677 3944 2836 4000 quam
2863 3937 3010 3984 recte
3036 3928 3103 3981 ad
3134 3927 3475 3982 subeundum

1885 4023 2201 4095 martyrium
2235 4029 2453 4092 paratos
2511 4020 2698 4076 fideles
2739 4020 2994 4090 cupiebat
3044 4018 3312 4082 Hilarius,
3343 4033 3479 4087 quos

1884 4132 2152 4172 summum
2186 4115 2238 4170 in
2271 4115 2488 4170 modum
2533 4130 2563 4169 a
2593 4113 2915 4178 Gentilibus,
2949 4111 3142 4182 quibus
3171 4112 3344 4183 palam
3374 4111 3479 4165 im-

1887 4222 2103 4282 perator
2133 4210 2248 4280 ipse
2287 4208 2526 4272 favebat,
2551 4215 2774 4264 vexatos
2804 4205 3089 4262 novimus?

1957 4301 2009 4357 5.
2040 4302 2375 4373 Quamquam
2410 4316 2570 4370 porro
2599 4316 2690 4356 eas
2714 4301 2896 4354 Iaudes
2927 4297 3186 4354 meruerit
3212 4295 3445 4352 Hilarius
3465 4337 3481 4362 ,

1885 4401 2084 4472 quibus
2109 4401 2176 4457 ab
2205 4399 2520 4472 Augustino,
2547 4399 2899 4469 Hieronymo,
2931 4396 3212 4460 Cassiano,
3257 4393 3484 4463 aliisque

1889 4492 2330 4549 celebratissimis
2361 4493 2490 4547 viris
2517 4503 2739 4546 ornatus
2767 4501 2848 4544 est
2870 4531 2884 4554 ,
2920 4488 3273 4544 indubitatum
3299 4497 3384 4541 est
3408 4497 3485 4540 ta-

1890 4604 2037 4656 men,
2065 4588 2135 4645 de
2159 4588 2302 4644 illius
2331 4585 2436 4642 ﬁde
2462 4587 2625 4642 fuisse
2655 4586 2723 4641 ab
2750 4584 3015 4655 aliquibus
3051 4581 3219 4636 nimio
3254 4581 3376 4652 plus
3403 4594 3487 4634 se-

140 4684 444 4750 fatebitur,
469 4680 574 4753 qui
593 4679 993 4746 annotationcs,
1025 4694 1156 4746 quas
1177 4679 1354 4732 eidem
1377 4677 1620 4746 epistola:
1649 4677 1784 4749 adji-
1810 4663 1864 4724 Ῐ)
1890 4683 2030 4738 veris
2082 4683 2422 4750 austerisque
2447 4679 2770 4735 dubitatum.
2810 4677 2864 4731 ld
2897 4676 3050 4730 facile
3077 4673 3355 4737 fatebitur,
3397 4671 3484 4739 qui

135 4781 385 4842 ciemus,
415 4771 712 4845 exirendet
742 4788 754 4824 :
784 4787 849 4826 eo
868 4776 1011 4826 enim
1040 4787 1144 4825 non
1180 4770 1389 4825 modica
1421 4770 1630 4826 illarum
1659 4787 1773 4842 pars

1888 4775 1957 4832 ad
1989 4774 2182 4830 librum
2207 4775 2273 4829 ab
2304 4773 2506 4829 Hilario
2528 4771 2592 4826 ad
2613 4787 2722 4826 sua:
2753 4770 2872 4825 fidei
2895 4768 3272 4824 defensionem
3295 4763 3488 4819 adver-

139 4873 436 4944 respiciet,
480 4875 552 4924 ut.
579 4865 827 4921 adductis
861 4864 1049 4920 Hilarii
1083 4863 1262 4919 verbis
1292 4864 1629 4929 ostendatur,
1658 4880 1782 4919 cum
1891 4883 1984 4924 sus
2027 4866 2261 4923 Luciferi
2313 4864 2605 4921 Calai-inani
2653 4863 3026 4918 accusaiio..es
3081 4858 3442 4928 compositum
3468 4896 3483 4921 ,

133 4967 378 5039 reliquis
410 4963 582 5018 illius
604 4958 755 5014 libris
783 4956 1070 5029 epistolam
1099 4955 1240 5010 hanc
1262 4971 1369 5010 non
1390 4955 1550 5010 modo
1573 4957 1624 5010 in
1655 4955 1784 5010 doc-
1890 4963 2127 5018 animum
2159 4959 2475 5017 advel-lem,
2508 4958 2682 5026 Legas
2725 4958 2873 5011 mum
2922 4955 3151 5012 obsecro
3178 4995 3192 5018 ,
3236 4961 3287 5007 ει
3318 4950 3489 5005 mani-

135 5062 309 5124 trina,
341 5071 563 5114 verum
593 5052 758 5110 etiam
798 5049 1069 5106 interdum
1103 5050 1155 5104 in
1189 5047 1462 5104 locutione
1495 5051 1633 5118 ipsa,
1662 5065 1787 5105 ver-
1890 5055 2030 5110 festo
2061 5053 2362 5124 conspicies
2391 5062 2633 5107 coactum
2672 5049 2837 5104 fuisse
2887 5046 3181 5112 Hilarium,
3239 5053 3296 5097 ut
3327 5042 3485 5096 fidem

129 5155 471 5224 horumque
504 5145 889 5218 diSpositione,
917 5158 980 5199 ac
1010 5143 1236 5199 circuitu
1260 5143 1573 5198 convenire.
1891 5162 2042 5202 suam
2066 5139 3066 5213 acriminationibushujusceepiscOpi
3085 5135 3380 5190 vindicaret
3400 5131 3485 5203 (ἰ).

205 5295 293 5369 (α)
335 5292 545 5364 Epist.
609 5285 676 5343 ad
718 5284 1006 5369 Paulinum
1037 5283 1186 5338 olim.
1242 5297 1363 5348 χιιι,
1397 5282 1449 5337 in
1480 5281 1783 5340 Veronensi

127 5359 604 5426 edi‘tibnc'nvm.
629 5375 681 5414 n.
711 5359 798 5416 10.

207 5439 291 5513 (ὁ)
329 5437 393 5491 In
446 5433 626 5503 epist.
659 5431 727 5513 ad
755 5429 1042 5513 Hosticum
1068 5425 1200 5509 olim.
1227 5425 1400 5513 iv,.in
1422 5423 1624 5513 Veneti.
1657 5425 1784 5513 Vetti-

124 5495 287 5569 tioiie
313 5495 512 5568 cxxv',
575 5519 630 5558 ιι.
663 5505 714 5558 6.
754 5501 822 5558 Ut
849 5501 1144 5563 ubertatem,
1190 5498 1383 5568 inquit,
1429 5495 1624 5568 gallici,
1650 5497 1785 5551 nito-

127 5599 357 5657 remque
374 5575 816 5657 serntonis,_e't‘c.
859 5647 862 5650 ἢ
987 5643 1000 5657 1
1025 5643 1038 5656 ο
1129 5650 1142 5657 Δ
1173 5639 1215 5657 Λ
1731 5639 1743 5652 ,

205 5639 284 5728 (c')
317 5653 382 5707 ιιι
413 5650 599 5728 epist.
651 5639 716 5700 ad
733 5643 1061 5728 Pani'macbi.
1094 5650 1148 5698 et
1172 5639 1372 5697 Ocean.
1412 5640 1541 5696 olim
1575 5655 1702 5706 va,
1731 5639 1785 5696 in

127 5715 352 5782 vehi...
392 5715 579 5777 editi.
605 5732 825 5782 cxxxiv,
857 5732 914 5771 ιι.
948 5715 1000 5769 7.

205 5797 294 5870 (ιι)
331 5795 398 5850 In
455 5787 641 5870 epist:
671 5789 739 5845 ad
791 5785 1180 5860 Magnumolim
1214 5801 1430 5854 Lxxxiv,
1473 5785 1526 5842 in
1575 5783 1776 5841 Veron.

126 5861 285 5928 edit.’
316 5880 471 5934 ιιι,
514 5877 583 5916 ιι.
608 5861 661 5917 5.

1963 5287 2032 5361 (e)
2064 5289 2351 5346 Duodecim
2384 5289 2556 5361 silicet
2582 5303 2808 5344 numero
2838 5296 2962 5342 sunt
2983 5285 3104 5340 libri
3129 5285 3193 5338 de
3211 5281 3484 5348 Trinitate,

1887 5359 1955 5414 ad
1971 5354 2118 5431 'q'nos
2141 5363 2362 5432 respicit
2383 5360 2468 5416 hic
2491 5354 2867 5433 Hieronymus.

1960 5450 2320 5525 (Dilirasmus
2349 5455 2401 5509 in
2427 5455 2742 5524 prtefatione
2775 5451 3058 5522 praiposita
3087 5448 3313 5504 editioni
3351 5462 3482 5518 ope.

1888 5524 2088 5581 rum'S.
2121 5525 2328 5582 Hilarii.

1962 5619 2042 5694 (g)
2065 5620 2322 5676 Ludovic.
2359 5619 2680 5676 Huratorius
2705 5619 2757 5672 in
2786 5617 3017 5686 epistola
3053 5615 3118 5670 ad
3145 5629 3233 5670 me
3258 5616 3481 5684 scripta.

1959 5710 2038 5783 (Ii)
2069 5711 2188 5766 Lib.
2213 5727 2234 5783 ι
2260 5723 2447 5767 contra
2483 5712 2708 5780 Julian.,
2741 5725 2860 5779 cap.
2896 5710 2952 5775 5;
2977 5708 3071 5765 lib.
3103 5724 3171 5777 ιι,
3205 5725 3324 5781 cap.
3349 5709 3400 5772 ’ῖς
3432 5718 3487 5764 et

1885 5781 1981 5839 lib.
2009 5781 2062 5854 vi
2095 5782 2163 5838 de
2193 5782 2414 5849 Trinit.,
2445 5800 2564 5854 cap.
2594 5783 2681 5837 10.

1973 5852 2037 5926 (i)
2064 5854 2246 5912 Tomo
2274 5871 2310 5912 ιι
2339 5852 2702 5928 Ορει.ἨὶΙιιι.
2734 5867 2853 5927 pag.
2885 5852 3009 5911 59.1.
