4062 6332
660 347 755 405 75!

1253 455 1508 516 CAPUT
1547 459 1613 516 ll.

660 601 742 658 Ad
779 617 1052 672 quemnam
1095 601 1272 658 eadem
1324 602 1540 674 epistola
1581 601 1741 658 missa
1793 603 1858 658 sit
1885 617 1904 657 :
1928 603 2082 678 quale
2118 602 2259 660 illius

696 677 1091 772 argumentum;
1131 704 1180 750 et
1215 710 1436 788 quonam
1475 705 1700 768 tempore
1727 696 2019 772 conscripta
2047 697 2220 770 fuerit.

733 833 786 890 l.
815 833 886 892 At
911 833 1156 895 imminet
1195 834 1424 906 quaestio
1457 833 1628 892 altera
1661 853 1676 891 :
1711 833 1801 891 cui
1842 835 2052 893 scilicet
2094 839 2260 898 missa

664 927 737 985 sit
761 927 880 987 hac
904 929 1156 1001 epistola.
1185 928 1358 994 Abest
1385 929 1528 986 enim
1558 929 1608 986 id
1627 945 1658 986 a
1687 939 1876 987 nostro
1896 931 2108 989 codice.
2139 932 2263 1004 Epi-

665 1038 894 1096 scopum
919 1064 935 1090 ,
976 1025 1068 1094 qui
1108 1025 1367 1096 populum
1408 1024 1703 1097 regendum
1737 1025 1900 1097 paulo
1927 1036 2052 1084 ante
2072 1043 2258 1084 susce-

664 1126 840 1190 perat,
865 1119 1227 1191 eumdemque
1241 1119 1592 1189 catholicum,
1620 1122 1708 1192 qui
1733 1123 2143 1180 instructionem
2165 1139 2261 1179 co-

663 1227 777 1271 ram
799 1213 998 1284 populo
1015 1213 1300 1284 legendam
1315 1214 1387 1271 ab
1412 1214 1618 1271 Hilario
1642 1219 1990 1287 poposcerat,
2025 1216 2266 1274 indicant

659 1319 726 1362 ea
747 1305 932 1372 verba,
960 1320 1082 1375 quae
1104 1306 1204 1364 sub
1224 1305 1448 1377 hujusce
1462 1307 1708 1378 epistolae
1736 1309 1900 1366 linem
1931 1320 2222 1367 occurrunt
2245 1329 2262 1368 :

671 1415 689 1452 ‹
703 1395 924 1458 Veniam
937 1406 1066 1456 ante
1082 1412 1270 1456 omnes
1288 1400 1528 1470 (fortasse
1539 1401 1748 1473 omnia)
1760 1417 1790 1456 a
1807 1403 1878 1458 tui
1895 1403 2076 1474 populi
2089 1403 2267 1460 since-

666 1489 881 1552 rissima
904 1489 1194 1552 sanctitate
1219 1506 1407 1558 orans,
1429 1503 1485 1546 ut
1512 1501 1600 1549 tua
1621 1492 1917 1562 Sanctitas,
1933 1495 2022 1550 cui
2041 1496 2267 1568 peritior

670 1583 756 1641 via
786 1599 816 1638 a
851 1582 986 1651 Deo,
1016 1592 1072 1640 et
1116 1584 1355 1640 sanctior
1379 1586 1728 1657 comprobata
1759 1597 1864 1655 est,
1895 1586 1948 1643 in
1977 1589 2265 1658 omnibus,

667 1676 943 1748 inquibus
972 1675 1320 1736 mediocritas
1351 1692 1470 1734 mea
1503 1679 1588 1734 vel
1638 1681 2016 1749 praetermisit,
2067 1683 2151 1738 vel
2186 1683 2268 1738 in-

666 1781 828 1831 venta
855 1771 1056 1830 melius
1084 1772 1379 1842 explanare
1418 1789 1526 1831 non
1556 1776 1764 1846 potuit,
1798 1786 2042 1832 correcta
2092 1778 2267 1834 refor-

665 1879 836 1938 mare,
861 1873 916 1922 et
940 1865 1194 1937 supplere
1218 1865 1474 1937 dignetur
1501 1885 1516 1922 :
1547 1877 1641 1924 aut
1659 1870 1706 1926 si
1733 1869 2070 1942 probaveris,
2094 1881 2152 1928 ut
2179 1882 2265 1930 est

665 1973 694 2013 a
729 1955 882 2014 nobis
907 1958 1226 2028 opusculum
1261 1970 1521 2031 coeptum,
1545 1970 1599 2018 te
1628 1971 1866 2034 petente,
1895 1973 1950 2020 et
1977 1965 2086 2021 Deo
2109 1966 2267 2038 adju-

667 2059 830 2109 vante
859 2049 1180 2122 perfectum,
1213 2068 1317 2110 non
1349 2052 1550 2110 habere
1575 2055 1716 2128 quod
1743 2055 1904 2126 desit,
1938 2058 1989 2113 in
2013 2059 2268 2116 orationi-

667 2145 768 2204 bus
799 2155 906 2202 tam
933 2147 1038 2202 tuis
1059 2147 1290 2216 sanctis,
1320 2164 1481 2220 quam
1509 2151 1751 2206 omnium
1782 2151 2012 2208 fratrum
2057 2169 2266 2210 memo-

667 2240 802 2296 riam
839 2243 944 2297 mei
985 2239 1207 2298 habeas.
1246 2261 1266 2296 ι
1302 2243 1479 2314 Atque
1505 2258 1569 2300 ea
1590 2259 1722 2302 sane
1751 2246 1914 2302 verba
1947 2265 1962 2303 :
1998 2266 2018 2300 ‹
2055 2249 2139 2304 cui
2171 2265 2266 2320 pe-

667 2334 820 2391 ritior
851 2335 938 2392 via
969 2351 999 2391 a
1031 2334 1166 2404 Deo,
1208 2345 1264 2391 et
1289 2336 1528 2394 sanctior
1563 2341 1912 2411 comprobata
1939 2350 2046 2408 est,
2087 2361 2106 2397 ι
2142 2359 2267 2416 pro-

667 2427 793 2484 bum
815 2429 1064 2496 innnunt;
1098 2429 1319 2498 doctum
1345 2446 1577 2502 quoque,
1609 2443 1701 2488 aut
1727 2445 1876 2491 certe
1913 2435 1966 2491 in
1994 2435 2263 2507 dicendo,

667 2523 1064 2594 scribendoque
1101 2523 1392 2595 aliquoties
1440 2527 1832 2596 exercitatum,
1881 2530 1971 2600 qui
2023 2531 2112 2587 vel
2162 2531 2264 2588 sibi

670 2618 847 2674 minus
871 2617 1064 2684 ﬁdens,
1095 2619 1181 2676 vel
1203 2620 1269 2675 ad
1298 2623 1693 2678 conciliandam
1719 2622 1842 2679 fidei
1875 2640 2008 2693 suae,
2055 2626 2266 2699 sibique

671 2709 776 2778 ipsi
800 2711 1206 2780 auctoritatem,
1249 2713 1336 2767 vel
1366 2714 1528 2769 etiam
1561 2723 1621 2769 ut
1659 2715 2140 2773 cumulatissimam
2179 2721 2269 2775 ha~

671 2799 844 2868 heret,
873 2816 1032 2872 quam
1054 2804 1253 2875 populo
1273 2819 1373 2860 suo
1401 2805 1657 2875 traderet,
1689 2807 2122 2876 instructionem,
2145 2825 2264 2867 eam

669 2893 738 2949 ab
769 2893 975 2952 llilario
1021 2907 1344 2968 poposcerat
1367 2898 1674 2970 epistolam,
1705 2901 1757 2956 in
1777 2917 1880 2972 qua
1904 2911 1958 2956 et
1980 2901 2103 2960 lldei
2133 2903 2267 2975 dog-

667 2997 811 3046 mata
839 2991 1150 3046 summatim
1183 3001 1614 3062 proponerentur
1639 3035 1653 3062 ,
1708 3002 1764 3051 et
1805 2994 2169 3066 dirigerentur
2199 2998 2264 3054 ad

667 3084 920 3154 pietatem
953 3099 1156 3143 mores.
1174 3085 1328 3156 Quod
1347 3087 1564 3158 quidem
1587 3090 1782 3145 mirum
1803 3106 1908 3146 non
1933 3101 2046 3158 est;
2078 3093 2130 3148 in
2154 3108 2267 3147 ma-

666 3193 769 3250 gna
803 3181 948 3235 enim
971 3180 1115 3251 apud
1137 3196 1326 3238 omnes
1353 3182 1712 3240 aestimatione
1749 3193 1866 3240 erat
1897 3185 2132 3242 Hilarius
2158 3187 2260 3258 (a),

666 3288 828 3342 quem
881 3273 1079 3334 eximia
1134 3274 1394 3346 probitas,
1453 3276 1712 3332 miracula
1775 3277 1964 3346 edita,
2015 3278 2262 3335 doctrina

667 3381 773 3422 non
805 3367 1041 3439 vulgaris
1061 3409 1074 3434 ,
1106 3369 1354 3425 exsilium
1383 3369 1525 3439 quod
1570 3371 1886 3441 pertulerat,
1918 3373 2261 3446 laboresque,

667 3474 805 3526 quos
831 3475 929 3530 pro
948 3461 1211 3517 catholica
1239 3463 1342 3518 tide
1375 3462 1731 3529 toleraverat,
1765 3475 1820 3521 et
1848 3468 1982 3522 mira
2005 3469 2265 3525 adversus

667 3550 950 3607 catholica:
1009 3553 1270 3609 Ecclesia:
1331 3553 1517 3612 hostes
1558 3558 1860 3615 constantia
1920 3576 2266 3633 summopere

668 3643 1140 3700 commendabant.
1191 3644 1422 3702 Aliunde
1468 3648 1632 3703 etiam
1663 3650 1912 3707 novimus
1937 3653 2266 3710 celebriores

669 3735 953 3812 Antistites
984 3738 1056 3795 ab
1085 3739 1356 3810 episcopis
1383 3755 1559 3812 nuper
1599 3743 1790 3800 electis
1818 3756 2074 3802 exoralos
2124 3747 2267 3803 litte-

668 3845 758 3888 ras
787 3810 852 3887 ad
883 3847 978 3888 eos
1006 3833 1242 3900 misisse,
1271 3834 1467 3906 quihus
1490 3837 1670 3909 pepuli
1699 3838 2097 3897 instruerenlur
2127 3859 2140 3898 :
2174 3859 2267 3899 eu-

661 3926 751 3998 jus
779 3927 994 3997 quidem
1043 3930 1119 3985 rei
1174 3931 1478 4000 exemplum
1524 3932 1618 3988 tibi
1663 3933 1870 4004 praebet
1918 3936 2144 4006 cpistola
2177 3953 2262 4005 ea,

666 4038 827 4094 quam
879 4024 1200 4093 Ambrosius
1250 4027 1669 4084 Mediolanensis
1731 4030 2018 4101 episcopus
2066 4029 2265 4101 Vigilio

666 4116 924 4188 episcopo
947 4133 1119 4190 nuper
1147 4120 1322 4176 electo
1343 4119 1493 4176 dedit
1521 4121 1595 4194 (ὁ)
1632 4139 1644 4176 :
1678 4123 1730 4178 in
1768 4139 1870 4193 qua
1891 4126 2268 4197 complectitur

667 4223 730 4264 ea
762 4209 874 4266 fere
896 4212 1096 4276 omnia,
1119 4227 1243 4284 qua:
1273 4223 1363 4269 aut
1387 4215 1721 4287 perquirere,
1752 4226 1844 4271 aut
1879 4217 2117 4289 ellugere
2152 4220 2267 4290 epi-

667 4317 864 4374 scopus
892 4303 1074 4360 debet.
1093 4303 1429 4361 Nobiliorum
1459 4321 1619 4378 porro
1648 4310 2023 4380 episcoporum
2055 4311 2265 4369 litteras

662 4395 722 4460 in
761 4396 932 4450 sacris
964 4396 1202 4452 fidelium
1226 4401 1585 4456 conventibus
1630 4400 1797 4458 fuisse
1847 4403 2115 4472 perlectas
2140 4421 2263 4461 eum

669 4486 774 4541 alia
804 4490 967 4543 multa
1011 4499 1296 4559 testentur,
1339 4501 1452 4548 tum
1492 4493 1543 4548 id
1573 4509 1703 4550 sane
1751 4495 1952 4567 liquido
1978 4498 2214 4554 ostendit
2248 4541 2264 4568 ,

668 4580 811 4649 quod
839 4579 1143 4654 Cyprianus
1179 4583 1432 4642 Cornelio
1471 4601 1622 4658 papae
1670 4590 1913 4646 scribens
1957 4591 2042 4649 his
2087 4595 2266 4651 verbis

667 4672 828 4730 docet
857 4675 930 4747 (ε)
964 4694 978 4731 :
1017 4695 1036 4730 r
1076 4679 1141 4733 Et
1161 4695 1486 4751 quamquam
1515 4682 1713 4749 sciam,
1744 4685 1907 4742 frater
1935 4688 2218 4747 carissime
2245 4735 2258 4761 ,

668 4781 768 4836 pro
817 4777 1000 4826 mutua
1028 4771 1314 4828 dilectione
1341 4789 1500 4843 quam
1537 4774 1797 4833 debemus
1820 4819 1836 4846 ,
1868 4789 1921 4836 et
1947 4782 2266 4840 exhibemus

649 4862 898 4919 invicem
926 4865 1103 4932 nobis,
1132 4865 1515 4924 ﬂorentissimo
1546 4869 1656 4926 illic
1685 4871 1834 4929 clero
1859 4884 2035 4930 tecum
2069 4879 2265 4948 praesi-

667 4959 841 5028 denti,
869 4970 924 5018 et
960 4963 1317 5021 sanctissimas
1342 4973 1504 5038 atque
1533 4968 1880 5040 amplissima)
1909 4971 2051 5043 plebi
2083 4972 2265 5043 legere

741 5103 820 5187 (α)
845 5102 1051 5187 Quanta
1083 5101 1225 5187 apud
1247 5103 2151 5187 veteresjnmstimatioue__fuerit_
2176 5109 2268 5187 Hi-

668 5171 855 5241 larius,
884 5171 1041 5231 facile
1060 5171 1326 5249 discimus
1347 5191 1420 5249 Δεχ
1452 5174 1516 5230 iis
1550 5171 1834 5245 laudibus,
1862 5171 2056 5249 quibus
2103 5181 2172 5235 ab
2205 5171 2267 5237 iis

667 5258 889 5322 ornatus
909 5254 1012 5304 est.
1047 5245 1544 5322 Consule_o_bse_cr0
1571 5266 1692 5322 qua:
1721 5250 1822 5304 hoc
1852 5245 1920 5305 de
1947 5263 2267 5322 argumento

669 5265 746 5304 ort
771 5265 889 5312 atus
909 5265 1012 5304 est.
1047 5265 1281 5312 UQHSUIC
1311 5265 1544 5302 onsecro
1571 5266 1692 5319 qua:
1721 5265 1822 5304 ttoc
1852 5265 1920 5305 ac
1947 5265 2267 5322 argumento

669 5265 892 5374 exhibet
919 5311 1532 5404 postﬂemaueditiohgilla
1558 5319 1749 5404 scilicet
1772 5337 1924 5403 quam
1952 5323 2268 5404 recedimus)

671 5405 895 5461 operum
1037 5389 1260 5453 Hilarii,
1312 5388 1463 5444 initio
1496 5391 1824 5466 Aprmfationis
1871 5388 2162 5466 generalis:
2218 5388 2273 5450 et

670 5460 875 5534 rursus
905 5460 1111 5534 selecto,
1137 5470 1358 5514 veterum
1392 5460 1679 5515 testimonia
1706 5462 1844 5518 deS.
1871 5460 2111 5534 Hilario,
2139 5483 2260 5534 qua:

604 5561 611 5564 -
670 5532 1003 5588 clarissimus
1031 5531 1206 5602 editor
1232 5546 1298 5584 ex
1333 5534 1750 5602 congregatione
1795 5535 1851 5590 S.
1885 5531 2053 5590 Mauri
2089 5531 2257 5592 edidit

676 5606 959 5678 (V._tor_n.t
985 5601 1101 5678 il.
1130 5601 1260 5678 (In,
1275 5601 1555 5678 ξομ-205,
1573 5615 1708 5678 nost.
1733 5606 1902 5678 edit.).

750 5675 827 5751 (ὁ)
863 5674 926 5751 In
951 5673 1334 5751 editinne_PP_.
1383 5673 1872 5751 Benetlietinorutn
1897 5677 2016 5738 XIX
2054 5694 2116 5734 ea
2145 5691 2264 5742 est:

689 5743 993 5820 Poposfisti
1016 5760 1050 5820 ξι
1077 5759 1157 5820 _me
1195 5745 1526 5820 institutionis
1555 5751 1655 5812 tum
1679 5747 1924 5820 insignia,
1955 5762 2056 5805 etc.

689 5767 778 5800 ΓΟ
821 5767 993 5800 osusu
1019 5767 1050 5796 tt
1077 5767 1157 5797 me
1195 5767 1526 5800 Instuuttoms
1555 5767 1655 5812 tua;
1679 5767 1924 5820 msrgma,
1955 5767 2056 5805 CIC.

684 5767 854 5940 Μζξζ
884 5813 1198 5876 “editione
1229 5813 1429 5900 Balutii
1465 5821 1619 5913 ¢Pi§l~
1651 5835 1716 5901 et
1752 5859 1770 5902 ι,
1801 5837 1917 5896 pas
1964 5820 2090 5901 186.
2140 5823 2271 5900 ςεάίιρ

732 5894 876 5943 enet.
1241 5893 1672 5913 '

1422 344 1488 403 IN
1530 341 1784 402 HILARII
1825 341 2211 401 EPISTOLAM
2236 339 2367 402 SEU
2419 341 2766 401 “BELLUM
2806 340 3197 400 ΡΙΑΞΡΛΤΙΟ.

3779 354 3853 406 ῗῦὲ

2281 458 2336 523 Δ
2361 468 2413 515 ιε
2442 475 2658 531 semper
2676 459 2878 516 litteras
2916 471 3163 526 nostras;
3198 470 3377 518 tamen
3403 478 3537 520 nunc
3560 475 3609 520 et
3633 465 3852 534 admoneo,

2361 562 2418 610 et
2448 563 2596 625 peto,
2628 563 2687 608 ut
2707 552 2851 623 quod
2873 553 3007 608 alias
3031 562 3249 624 sponte,
3274 564 3438 626 atque
3465 555 3858 618 humanissimah-

2360 647 2462 716 cis,
2487 649 2651 705 etiam
2681 657 2896 720 petente
2916 664 3003 706 me
3025 648 3212 716 facias,
3237 658 3297 705 ut
3318 640 3419 705 hac
3445 652 3652 722 epistola
3677 668 3769 710 mea
3788 655 3862 712 lec-

2364 752 2442 810 ta,
2483 745 2530 800 si
2573 745 2716 816 quod
2767 744 2878 801 illic
2922 749 3230 817 contagium
3281 748 3528 803 venenati
3567 751 3802 817 sermonis,
3829 764 3865 808 et

2365 837 2632 907 pestiferae
2647 838 3020 894 seminationis
3042 839 3354 910 irrepserat,
3379 841 3446 895 de
3472 840 3671 896 fratrum
3688 844 3866 910 auribus,

2363 938 2420 986 et
2441 930 2748 1000 pectoribus
2777 940 3026 998 exuatur,
3057 939 3114 986 et
3138 930 3406 988 bonorum
3453 932 3674 1004 integra,
3713 951 3765 992 ac
3788 937 3864 992 sia-

2365 1041 2491 1082 cera
2518 1025 2736 1082 dilectio
2761 1026 2830 1082 ab
2853 1026 3103 1082 omnibus
3130 1026 3400 1085 haeretica:
3418 1026 3774 1085 detrectationis
3789 1046 3867 1086 sor-

2366 1120 2524 1176 dibus
2555 1131 2896 1192 repurgetur.
2940 1142 2960 1175 ι

2438 1215 2494 1270 3.
2525 1214 2700 1283 Atque
2731 1211 2847 1272 haec
2875 1212 3090 1284 quidem
3113 1213 3340 1284 epistola
3364 1224 3638 1285 propterea
3661 1218 3810 1288 maiori
3832 1219 3867 1274 in

2367 1306 2542 1379 pretio
2581 1306 2826 1362 habenda
2857 1305 2962 1374 est,
2996 1307 3138 1377 quod
3167 1314 3221 1364 et
3249 1322 3491 1378 perrarze
3530 1303 3872 1366 inveniunturin

2369 1400 2500 1471 ipsis
2521 1410 2763 1456 veterum
2791 1401 2944 1456 libris
2985 1399 3150 1470 hujus
3170 1401 3386 1471 generis
3415 1401 3605 1459 litterae
3637 1401 3706 1474 (Δ)
3727 1445 3738 1467 ,
3761 1413 3802 1458 et
3822 1419 3874 1458 eo

2369 1494 2486 1564 ipse
2513 1509 2630 1565 quae
2659 1493 2948 1560 habentur,
2979 1493 3325 1550 incitamenta
3349 1493 3563 1566 quidem
3587 1493 3648 1550 ad
3673 1495 3871 1565 pietatem,

2369 1590 2734 1659 virtutemque
2765 1589 2985 1655 habent,
3032 1598 3087 1643 at
3116 1589 3376 1660 mysteria
3405 1587 3527 1644 lidei
3557 1627 3572 1653 ,
3621 1597 3669 1644 et
3693 1588 3873 1659 dogmata

2370 1694 2462 1739 aut
2493 1697 2711 1754 prorsus
2749 1690 3111 1753 praetereunt,
3159 1689 3255 1735 aut
3306 1680 3616 1736 brevissime
3662 1680 3874 1750 attingunt.

2370 1775 2568 1833 Contra
2604 1774 2721 1829 haec
2749 1782 3038 1844 utrumque
3063 1772 3466 1843 complectitur,
3499 1770 3709 1842 fideique
3735 1782 3876 1844 myste-

2294 1873 2342 1936 B
2369 1873 2448 1928 ria
2479 1870 2762 1940 diligenter
2786 1868 3018 1940 explicat
3047 1884 3065 1924 :
3096 1869 3162 1923 ad
3187 1868 3414 1923 virtutes
3437 1881 3642 1939 quoque
3663 1881 3878 1939 assequen-

2367 1965 2466 2021 das
2497 1965 2797 2020 luculenter
2825 1963 3095 2029 hortatur,
3123 1971 3180 2018 et
3208 1962 3416 2017 incitat.

2440 2059 2492 2114 5.
2535 2057 2688 2125 Quod
2719 2071 2881 2127 porro
2902 2054 3044 2112 absit
3066 2070 3096 2110 a
3121 2053 3325 2110 Codice
3369 2063 3558 2110 nostro
3600 2066 3767 2110 nomen
3798 2051 3878 2122 Epi-

2367 2154 2519 2225 scopi
2550 2152 2614 2208 ad
2643 2167 2806 2224 quem
2822 2149 3011 2206 eadem
3033 2149 3258 2222 epistola
3283 2149 3450 2205 missa
3481 2147 3773 2217 est,facit,nt
3794 2157 3880 2200 tem-

2369 2262 2468 2320 pus
2516 2247 2847 2318 ignorantis,
2895 2259 3005 2316 quo
3035 2259 3098 2298 ea
3153 2242 3465 2314 conscripta
3512 2243 3580 2297 sit
3617 2241 3678 2297 ab
3702 2239 3877 2294 Hilario:

2367 2339 2508 2412 quod
2554 2339 2772 2409 quidem
2817 2346 3030 2408 tempus
3059 2334 3218 2391 facile
3267 2335 3620 2396 innotuissct,
3669 2333 3706 2386 si
3748 2345 3880 2388 nomen

2368 2433 2617 2504 Episcopi
2649 2431 2793 2487 illius
2825 2430 3181 2497 haberemus;
3213 2429 3466 2484 novimus
3495 2428 3682 2499 quippe
3709 2440 3879 2490 annum,

2369 2543 2475 2600 quo
2527 2527 2935 2599 prtestantiores
2987 2526 3181 2581 saltem
3227 2539 3324 2594 per
3383 2538 3506 2579 eam
3556 2531 3742 2580 aetatem
3785 2520 3882 2576 latini

2369 2621 2624 2693 EpiscOpi
2656 2620 2744 2685 (ad
2776 2634 3002 2690 quorum
3044 2618 3276 2689 aliquem
3304 2615 3537 2687 epistola
3577 2615 3658 2670 illa
3689 2615 3814 2669 missa
3835 2612 3884 2663 vi-

2367 2715 2546 2787 detur)
2572 2715 2928 2772 Ecclesiarum
2955 2727 3174 2769 suarum
3202 2711 3444 2782 regimen
3471 2710 3791 2781 susceperint.

2439 2810 2495 2864 4.
2539 2807 2812 2863 Extremis
2843 2817 3055 2873 tamen,
3107 2804 3302 2876 quibus
3343 2803 3579 2859 Hilarius
3613 2802 3729 2857 vixit
3750 2799 3882 2862 annis,

2369 2902 2614 2958 eamdem
2642 2901 2923 2970 epistolam
2947 2899 3310 2970 conscriptam
3337 2897 3590 2952 arbitror.
3622 2895 3797 2951 Etenim
3813 2902 3886 2947 stu-

2369 2996 2514 3052 dium
2549 2994 2701 3059 illud,
2730 3009 2792 3048 ac
2818 2992 3090 3064 diligentia
3114 3032 3130 3057 ,
3165 3006 3326 3062 quam
3358 2991 3403 3045 is
3432 2989 3685 3062 impendit
3719 2989 3762 3041 in
3788 2986 3884 3039 illus-

2371 3089 2590 3154 trando,
2620 3097 2674 3144 et
2703 3086 3007 3143 luculenter
3039 3084 3359 3156 exponendo
3382 3082 3650 3140 catholico
3675 3081 3884 3151 dogmale.

2368 3200 2476 3254 quo
2503 3181 2620 3238 Filii
2648 3180 2903 3236 divinitas
2930 3179 3085 3234 nobis
3110 3176 3382 3233 credenda
3419 3175 3743 3248 proponitur,
3769 3183 3886 3238 etque

2291 3281 2336 3346 C
2373 3274 2693 3331 vindicando
2722 3291 2750 3328 ε
2776 3271 3021 3329 subdolis
3038 3271 3366 3328 Arianorum
3386 3312 3400 3337 ,
3427 3285 3490 3325 ac
3509 3268 3884 3325 Semiarianorum

2367 3367 2835 3439 explicationibus,
2866 3381 2984 3421 eam
3014 3374 3228 3420 (etatem
3261 3363 3459 3428 innuit,
3487 3378 3606 3434 quae
3633 3373 3792 3416 omnes
3810 3355 3880 3408 Vn-

2369 3464 2526 3518 lentis
2550 3505 2563 3528 ,
2597 3461 2823 3525 Ursacii,
2857 3459 3197 3530 aliorumque
3221 3456 3304 3511 his
3334 3455 3580 3512 affinium
3609 3449 3887 3510 machinatio-

2368 3573 2484 3621 nes,
2516 3569 2569 3612 et
2593 3556 2763 3611 malos
2787 3554 2942 3609 dolos
2965 3553 3075 3623 jam
3103 3551 3404 3608 detexerat.
3436 3551 3611 3621 Atque
3630 3549 3676 3603 in
3702 3546 3784 3600 bac
3805 3541 3882 3611 qni-

2367 3651 2489 3706 dem
2524 3649 2777 3719 Opinione
2817 3645 3126 3706 conlirmOr.
3173 3660 3339 3716 quum
3383 3643 3623 3698 animum
3652 3632 3888 3696 intendam!

2369 3761 2461 3802 eas
2505 3744 2803 3800 locutiones
2832 3783 2846 3808 ,
2899 3738 3395 3810 eXplicationesque
3419 3778 3434 3802 ,
3465 3751 3587 3806 quae
3631 3748 3689 3788 ex
3716 3727 3830 3784 libris
3851 3724 3888 3774 de

2369 3839 2621 3893 Trinitate
2641 3879 2654 3904 ,
2685 3846 2739 3890 ει
2766 3852 2830 3890 ex
2867 3829 3286 3888 Commentariis
3316 3829 3368 3884 in
3402 3827 3644 3884 Psalmos
3670 3823 3890 3886 desumpta

2367 3931 2621 3987 videntur
2651 3949 2664 3982 :
2705 3927 2977 4000 conjicere
3016 3925 3216 3996 quippe
3241 3938 3304 3978 ex
3351 3937 3414 3976 ea
3446 3936 3506 3984 ro
3533 3912 3788 3976 commode

2369 4041 2573 4089 sumus,
2623 4021 2943 4093 conscriptis
2978 4019 3090 4090 jam
3134 4016 3509 4087 evnlgatisque
3540 4013 3624 4076 iis,
3666 4022 3780 4080 quos
3800 4003 3891 4057 (ιίςίο

2369 4140 2510 4188 inus,
2545 4119 2715 4184 lilii-is,
2744 4116 3031 4188 epistolam
3061 4112 3200 4168 hanc
3231 4109 3393 4165 fuisse
3427 4109 3498 4162 ab
3538 4104 3724 4195 Hilario
3741 4107 3890 4195 cottth

2368 4219 2548 4273 sitam.
2583 4217 2756 4284 Atque
2799 4213 2937 4266 hanc
2983 4207 3346 4278 suapicionem
3397 4218 3575 4258 meam
3603 4191 3891 4284 comprobaui

2368 4311 2530 4369 verba
2555 4309 2645 4365 illa
2673 4281 2772 4363 sub
2800 4305 3042 4377 epistolae
3065 4301 3228 4357 linem
3256 4299 3428 4370 posita
3457 4315 3471 4352 :
3507 4295 3578 4351 Et
3609 4295 3755 4350 sciant
3774 4281 3889 4340 mitti

2371 4407 2490 4478 ﬁdei
2518 4418 2645 4458 ureae
2668 4401 2950 4475 prmstilam
2968 4396 3243 4462 rationem,
3267 4403 3315 4448 et
3343 4391 3616 4446 conuenire
3643 4401 3744 4440 cum
3767 4376 3890 4433 Eccle-

2369 4506 2446 4558 sia
2469 4507 2827 4571 recognoscant
2859 4513 2876 4552 :
2906 4495 3106 4550 etenim
3139 4490 3270 4547 satis
3299 4488 3547 4545 indicant
3565 4480 3806 4540 dissidium

2370 4608 2454 4653 tea
2499 4605 2747 4651 exortum
2794 4590 3054 4646 llilarium
3098 4588 3260 4655 inter,
3289 4597 3344 4642 et
3375 4583 3677 4640 Luciferum
3701 4573 3892 4630 Calariu'

2287 4689 2343 4750 Ι)
2369 4706 2516 4753 num,
2549 4694 2900 4756 vocatamqne
2926 4685 2996 4740 ab
3020 4696 3086 4736 eo
3116 4681 3172 4736 in
3202 4679 3426 4736 dubium
3464 4675 3648 4733 Hilarii
3685 4671 3888 4765 pietate".

2375 4799 2438 4839 ac
2455 4781 2798 4853 religionem,
2841 4776 2977 4832 adeo
3009 4784 3066 4830 ut
3109 4784 3330 4829 coactus
3371 4772 3443 4827 sit
3477 4769 3700 4826 Hilarius
3721 4758 3890 4827 θιριὶρι·

2374 4876 2576 4931 tionem
2610 4873 2871 4927 librorum
2905 4883 3126 4923 suorum
3177 4875 3396 4928 texere,
3448 4864 3692 4931 illiusque
3730 4859 3889 4946 ιιι-εὐεξ-

2375 4973 2492 5038 ιίηι,
2523 4967 2613 5040 qui
2655 4965 2718 5019 ἀρ
2748 4962 2977 5035 Synodis
2997 5002 3010 5027 ,
3043 4976 3138 5015 seu
3167 4959 3232 5014 de
3257 4960 3360 5029 [ide
3411 4953 3738 5011 Orientalium
3762 4951 3891 5002 inscrl-
3952 5025 3953 5028 η

2445 5104 2524 5179 (d)
2565 5103 2708 5160 Inter
2741 5098 3010 5180 Ambrosii
3034 5097 3314 5180 epistolas.
3339 5096 3474 5174 ditas
3500 5079 3890 5180 ιίιηιυπῐῙἮἯῇῖῖξ

2373 5155 2722 5245 Vallem-illiut
2748 5155 2941 5226 adhoc
2960 5155 3131 5242 genus
3151 5155 3405 5240 spectent.
3434 5169 3447 5222 Ξ
3471 5179 3660 5245 nempe
3673 5155 3889 5245 secundat“

2373 5224 2854 5324 έιῖξ-ίίῖιῖίδίδίιζίιιᾶιξ
2893 5224 3112 5324 θύιιέειᾴιιι,
3141 5224 3299 5324 “quin
3333 5255 3512 5322 nuper
3533 5224 3889 5324 adligati.

2375 5305 2601 5392 gilium-3
2637 5305 3547 5392 nullam‘verojutei"Hieriiuvnii,
3582 5305 3890 5392 titﬂlfim‘imﬁ
3952 5305 3953 5370 ξ

2377 5363 2665 5466 λέξις(ίὲιί
2677 5363 3080 5466 ‘s,'.ig,'.j..l;.;."e;;
3093 5363 3313 5466 pugni;
3335 5363 3449 5466 (illi:
3481 5363 3558 5466 at}
3583 5363 3888 5466 Aiunbrqgig'jf
3952 5367 3953 5454 ,

2371 5439 2985 5526 ziz;.:2;1:.'.';au;;.aram
3008 5439 3258 5529 εειςρίῖέ
3275 5439 3498 5529 iam
3533 5439 3888 5529 instrueth
3952 5439 3953 5508 ξ

2374 5517 2568 5592 retorta
2595 5517 2701 5596 est,
2749 5539 2804 5583 at
2844 5517 3260 5602 paucissin'ia'r'de
3300 5517 3558 5602 Ecclesia!
3605 5517 3888 5602 βςιηίἕτξξνχῗ

2373 5583 2876 5682 εῖιῖνῖίιίξιῖειυβιὲ
2897 5600 2968 5682 ts
2991 5601 3212 5682 ranis
3236 5614 3366 5660 vero
3398 5587 3522 5670 σειεί
3547 5583 3891 5682 "eteius?

2375 5651 2813 5734 ll'léll'l-l-(lllelll'
2829 5651 3215 5752 ιῑίιέιῖειξξίιίἸ
3258 5663 3424 5736 γεω(
3453 5655 3573 5744 tulit!
3599 5651 3881 5752 $952.ij?

2374 5760 2496 5816 est,
2555 5765 2761 5826 morum
2820 5743 3229 5828 instructionem
3269 5734 3890 5870 ⁷ιὲιιιιιῃιήιοόο.τεθριριι,Σ

2376 5821 2627 5870 damnata
2701 5834 2831 5870 vero
2878 5827 2933 5870 et
2988 5829 3247 5870 mvstcrta
3341 5815 3422 5870 det
3473 5827 3542 5870 ne
3597 5805 3781 5870 attingit
3815 5807 3872 5868 qm

2376 5805 2628 5895 dogmata
2701 5805 2833 5878 vet‘d
2878 5805 2933 5877 et
2988 5805 3248 5891 titySth‘ia
3302 5805 3554 5893 [idaltid
3597 5805 3781 5895 δῑιῐῐιείί
3815 5807 3872 5868 ί1¹²¹

2377 5894 2521 5950 dem.
