4062 6332
681 377 787 436 735

1898 376 1976 432 SA
1987 371 2142 431 NCT!
2184 366 2443 427 lllIJtRll
2485 367 2790 428 EPISCOPI
3825 380 3898 435 77.6

677 497 871 554 similis
900 505 955 553 et
985 494 1210 568 aequalis
1245 504 1300 552 et
1341 494 1574 562 caeteris,
1605 495 1698 566 qni
1730 492 1855 550 facti
1881 501 2009 550 sunt
2039 491 2128 561 55,
2155 493 2279 562 jun-
2307 489 2359 548 Α
2385 495 2518 542 torte
2547 502 2658 543 8th
2687 488 2825 544 idem
2869 488 3161 545 nativitatis
3192 489 3404 544 initium
3448 491 3690 562 sumpsit.
3715 503 3790 548 aut
3811 511 3898 550 ees-

676 600 930 666 geretur:
958 589 1056 648 sed
1078 590 1237 647 sicuti
1265 590 1382 661 ipse
1405 590 1507 646 scit
1529 587 1623 661 qui
1655 602 1945 660 generans,
1971 595 2028 643 et
2053 587 2169 656 ipse
2189 586 2278 658 qui

675 693 969 758 generatus
1006 694 1090 740 est
1139 701 1153 737 :
1202 683 1320 751 ipso
1368 683 1596 738 Domino
1625 682 1678 736 in
1702 680 1984 753 evangelio
2027 680 2280 735 dicente:

678 778 850 834 Nemo
888 779 1028 834 novit
1079 777 1284 832 Patrem
1333 777 1433 831 nisi
1481 775 1652 830 Filius
1681 790 1701 830 :
1727 790 1886 845 neque
1929 772 2126 828 Filium
2169 773 2285 843 quis

673 873 812 928 novit
839 873 940 927 nisi
989 869 1383 945 Pater(1l!atth.
1418 868 1634 938 xt,27).
1690 867 1822 923 Item
1873 868 1926 922 in
1989 865 2286 937 Scripturis

678 965 908 1036 legimus
963 982 978 1019 :
1011 963 1319 1036 Mysteriunt
1346 979 1515 1019 meum
1555 963 1680 1016 mihi
1719 978 1738 1016 :
1774 961 2076 1032 mysterium
2116 976 2285 1014 meum

675 1058 804 1114 mihi
843 1056 990 1132 (lsa.
1032 1071 1182 1123 xstv,
1227 1054 1337 1127 16)
1372 1054 1464 1110 51.
1519 1053 1588 1110 Et
1627 1069 1686 1110 re
1730 1067 1864 1109 vera
1910 1051 2286 1108 absconditum

674 1166 800 1208 esse
830 1151 988 1206 decet
1034 1148 1104 1205 de
1152 1148 1504 1220 generatione
1542 1147 1654 1212 illa,
1689 1147 1741 1203 in
1769 1161 1870 1218 qua
1903 1145 2082 1202 nullus
2112 1146 2285 1200 inter-

673 1242 777 1299 fuit
802 1262 816 1298 :
849 1257 949 1298 nec
977 1249 1308 1296 momentum
1337 1239 1553 1310 quidem
1579 1241 1846 1311 temporis
1874 1240 1966 1296 55.
2002 1239 2144 1296 Ante
2183 1254 2286 1294 ειυ-

675 1337 797 1393 cnla
821 1337 991 1400 enim.
1019 1345 1379 1408 etanteqnam
1408 1337 1671 1408 suspicari
1693 1336 1816 1406 quis
1843 1335 2092 1402 auderet,
2124 1343 2283 1391 natus

677 1439 760 1486 est
788 1429 931 1485 ﬁlius
961 1430 1054 1486 Dei
1085 1431 1208 1486 sine
1234 1429 1572 1500 temporibus
1595 1428 1703 1486 56:
1728 1431 1870 1500 quod
1900 1444 2074 1501 grteca
2105 1430 2282 1500 lingua

677 1521 944 1577 Achronos
965 1523 1154 1578 dicunt
1180 1523 1282 1587 57;
1309 1537 1524 1593 semper
1553 1522 1697 1578 enim
1724 1522 1888 1591 filius,
1915 1523 2038 1594 quia
2065 1537 2285 1592 semper

679 1627 832 1688 pater
849 1618 918 1674 58
948 1635 961 1672 :
987 1618 1140 1676 nefas
1161 1627 1249 1674 est
1267 1618 1412 1674 enim
1455 1618 1564 1674 Deo
1586 1619 1789 1689 aliquid
1819 1621 2098 1691 assignare
2127 1629 2281 1691 post-

678 1709 922 1775 modum,
953 1709 1096 1780 quod
1120 1717 1246 1764 ante
1277 1725 1382 1766 non
1408 1711 1657 1767 habuerit
1691 1729 1705 1766 :
1745 1726 1868 1768 cum
1897 1713 2039 1768 Deus
2065 1727 2284 1783 semper

678 1801 952 1872 perfectus
979 1803 1050 1858 sit
1079 1803 1168 1859 59.
1203 1803 1270 1860 Ut
1291 1804 1454 1859 ctiam
1486 1805 1629 1869 quod
1659 1813 1880 1877 propter
1909 1821 2008 1862 nos
2037 1816 2278 1876 postmo-

2387 595 2538 638 sasse
2563 590 2618 637 et
2637 581 2865 639 desiisse
2883 582 3209 640 credendum
3225 592 3308 639 est
3323 592 3442 654 post
3467 584 3641 640 mundi
3666 585 3867 645 fabricam
3889 608 3899 646 :

2385 687 2509 730 cum
2539 673 2802 731 Dominus
2823 676 3073 747 loquatur
3095 686 3148 733 et
3177 675 3321 731 dicat
3351 693 3364 729 :
3395 694 3414 726 ι
3450 675 3602 732 Pater
3627 693 3758 734 meus
3777 695 3901 751 usque

2385 783 2529 822 nunc
2557 776 2811 837 operatur
2840 767 3019 838 (Joan.
3049 785 3103 835 v,
3147 767 3238 840 17)
3269 768 3355 823 76.
3389 767 3562 823 Otium
3588 769 3654 823 illi
3675 770 3750 826 vel
3767 782 3899 837 antea,

2386 862 2470 914 vel
2507 860 2848 930 postmodum
2881 861 3119 932 requiem
3168 860 3245 914 illi
3290 860 3525 930 assignat
3550 861 3765 930 quisquis
3794 862 3900 918 illum

2388 952 2773 1024 infatigabilem
2798 955 2970 1010 nescit
2997 971 3012 1007 :
3038 963 3091 1008 et
3115 953 3327 1024 ignorat
3349 953 3490 1023 quod
3519 953 3642 1008 nihil
3660 954 3903 1025 illisemper

2388 1044 2668 1108 acciderit,
2713 1045 2807 1101 sed
2862 1060 3078 1116 semper
3117 1047 3186 1100 sit
3234 1044 3340 1100 77:
3389 1044 3530 1114 quod
3577 1059 3733 1117 grwca
3773 1049 3900 1120 lingua

2387 1141 2652 1196 ἀναστιτεν
2677 1148 2829 1194 vocat
2862 1158 2878 1193 :
2911 1149 2966 1196 et
3001 1141 3053 1195 in
3084 1139 3335 1195 omnibus
3383 1151 3594 1210 semper
3637 1141 3700 1197 sit
3738 1142 3903 1212 spiritus

2389 1231 2658 1300 perfectus
2696 1232 2784 1288 78.
3131 1307 3134 1311 ἢ

2464 1324 2526 1380 V.
2559 1324 2693 1381 Esse
2732 1326 2890 1397 igitur
2910 1325 3138 1398 plurima
3164 1342 3284 1397 qua:
3318 1340 3412 1398 per
3436 1325 3627 1382 Filium
3653 1325 3810 1384 fecerit
3829 1328 3901 1385 79:

2387 1433 2610 1489 quorum
2650 1429 2742 1475 aut
2769 1421 2882 1476 sola
2915 1422 3070 1477 nobis
3124 1429 3249 1476 nota
3300 1429 3423 1476 sunt
3468 1423 3696 1486 nomina,
3735 1433 3808 1476 aut
3833 1439 3901 1478 nec

2389 1513 2506 1583 ipsa
2533 1521 2660 1567 sunt
2686 1513 2923 1584 cognita.
2951 1513 3146 1581 Quanti
3177 1513 3320 1569 enim
3352 1522 3476 1569 sunt
3516 1513 3718 1568 throni?
3752 1522 3904 1585 quanta

2387 1605 2721 1675 potes'tates?
2763 1615 2975 1675 quantae
3024 1604 3458 1661 dominationes?
3502 1606 3676 1675 quanti
3696 1605 3897 1674 principa-

2388 1698 2509 1752 tus?
2536 1699 2718 1768 quanti
2748 1699 3007 1769 spiritus?
3026 1701 3209 1769 quanti
3242 1699 3427 1770 Angeli
3448 1698 3474 1750 ἲ
3518 1713 3635 1768 qua:
3658 1713 3745 1753 nec
3767 1696 3902 1752 oculus

2385 1790 2537 1855 vidit,
2563 1805 2662 1846 nec
2689 1792 2836 1846 auris
2883 1791 3108 1859 audivit,
3153 1807 3251 1848 nec
3281 1790 3334 1846 in
3357 1806 3452 1846 cor
3493 1789 3713 1845 hominis
3739 1790 3904 1845 adscen-

676 1896 804 1952 dum
835 1897 999 1954 fuerit
1022 1897 1342 1954 fabricatum
1375 1898 1467 1965 60,
1497 1899 1638 1970 apud
1663 1899 1814 1956 illum
1839 1901 1950 1970 jam
1974 1899 2137 1957 fuerit
2161 1903 2281 1958 etsi

2387 1884 2465 1939 dit
2483 1883 2593 1940 80?
2616 1885 2884 1954 Quantam
2915 1885 3080 1941 etiam
3125 1885 3428 1940 claritatem
3472 1893 3713 1955 putamus
3749 1897 3842 1940 esse
3870 1884 3903 1937 in

679 1990 865 2046 nonin
897 1991 1222 2059 substantia,
1253 1991 1412 2063 plena
1436 1992 1797 2062 dispositione
1825 1993 1891 2050 61
1925 2011 1938 2048 :
1966 1992 2083 2050 Non
2108 1996 2286 2052 minus

681 2085 825 2142 enim
871 2095 989 2142 erat
1033 2087 1304 2155 impotens
1343 2085 1506 2143 simul
1535 2087 1718 2143 omnia
1767 2090 1943 2144 facere
1990 2088 2083 2156 62,
2106 2087 2200 2144 sed
2231 2098 2288 2144 ut

680 2178 929 2234 ordinata
951 2189 1004 2234 et
1024 2179 1288 2250 gradatim
1313 2178 1576 2250 disposita
1606 2181 1856 2236 universa
1880 2195 1978 2252 pro
1995 2194 2095 2236 suo
2117 2179 2284 2251 gradu

681 2282 738 2329 et
766 2273 973 2330 honore
1000 2273 1462 2345 obsequerentur;
1495 2281 1548 2330 et
1573 2288 1640 2329 ne
1665 2274 1873 2344 passiva
1900 2282 1956 2329 et
1981 2273 2124 2329 nulla
2148 2272 2288 2328 inter

681 2380 742 2420 se
768 2366 1070 2435 antiquiora
1105 2365 1463 2423 inhonorifiea
1495 2377 1879 2438 permanerent
1928 2367 2018 2424 65.
2059 2366 2190 2422 Nam
2241 2367 2285 2422 si

685 2476 809 2531 qua:
837 2462 1006 2515 nostri
1031 2476 1192 2516 causa
1243 2477 1274 2516 a
1320 2460 1455 2516 Filio
1487 2461 1578 2517 Dei
1612 2462 1864 2517 nativitas
1901 2473 2152 2533 suscepta
2181 2471 2298 2530 est,

687 2551 1257 2625 incomprehensibilis
1313 2564 1434 2622 est,
1507 2569 1613 2610 non
1669 2555 1867 2610 nudata
1929 2555 2282 2619 mortalibus;

683 2656 886 2718 quanto
917 2649 1088 2718 magis
1121 2647 1189 2705 6t
1219 2648 1330 2714 illa,
1361 2665 1481 2720 qua:
1512 2648 1640 2704 nulli
1673 2649 1774 2704 nisi
1801 2649 1910 2706 Deo
1935 2647 2080 2704 Patri
2106 2660 2161 2704 et
2184 2650 2286 2705 sibi

682 2742 787 2798 soli
809 2751 893 2799 est
913 2742 1174 2813 cognita?
1200 2741 1332 2798 Nam
1356 2742 1577 2800 Gabriel
1605 2743 1827 2814 angelus
1855 2743 1923 2799 ad
1947 2743 2166 2799 Mariam
2215 2743 2288 2797 ita

684 2836 925 2907 loquitur
967 2837 1124 2891 sicuti
1180 2835 1530 2909 Evangelista
1571 2848 1800 2895 testatur
1830 2857 1843 2895 :
1869 2840 2120 2910 Spiritus
2172 2837 2283 2891 Do~

673 2931 812 2984 σπιξηί
841 2931 1160 2999 superveniet
1194 2931 1246 2986 in
1277 2941 1324 2986 te
1374 2949 1393 2986 :
1438 2946 1485 2988 et
1514 2935 1676 2988 virtus
1720 2933 1972 2988 Altissimi
2013 2933 2289 2987 obumbra-

683 3026 754 3081 bit
775 3024 864 3079 tibi
892 3027 911 3097 (
936 3024 1063 3080 Luc.
1090 3042 1128 3092 ι,
1151 3025 1267 3098 55).
1302 3025 1453 3095 Quod
1477 3027 1853 3094 obumbratur,
1887 3026 2239 3081 absconditur
2272 3043 2283 3079 :

683 3134 784 3176 nec
805 3119 1059 3175 omnibus
1091 3128 1275 3176 notum
1321 3133 1427 3176 est.
1473 3121 1615 3192 Ergo
1647 3122 1689 3177 si
1721 3122 1835 3176 lucc
1866 3120 2137 3184 nativitas,
2169 3135 2288 3190 qua:

683 3213 855 3268 nostri
879 3221 964 3268 est
987 3227 1148 3269 causa
1176 3213 1415 3284 deposita
1459 3215 1478 3289 (
1505 3213 1798 3286 Legendnm
1836 3216 2035 3269 videtur
2055 3231 2074 3269 :
2098 3215 2286 3285 dispo-

2387 1978 2783 2044 invisibilibns,
2849 1994 2948 2035 nec
2975 1980 3238 2035 extimare
3270 1993 3577 2049 possumus,
3626 1993 3734 2034 cum
3778 1977 3818 2032 in
3854 1977 3905 2031 his

2389 2087 2509 2142 qua:
2537 2071 2814 2126 nobiscum
2842 2081 2989 2139 sunt,
3020 2071 3335 2127 admiranda
3362 2072 3470 2126 sint
3502 2071 3676 2126 omnia
3697 2069 3776 2127 81.
3806 2069 3905 2124 later

2387 2165 2567 2219 omnia
2599 2166 2740 2219 enim
2769 2165 2929 2220 etiam
2963 2165 3219 2231 mundus,
3249 2179 3408 2235 quem
3449 2163 3807 2234 conspicimus,
3845 2175 3906 2230 per

2390 2255 2583 2311 Filium
2610 2255 2900 2312 fabricatus
2930 2266 3015 2311 est
3041 2255 3132 2313 82.
3170 2255 3234 2310 Et
3257 2254 3479 2326 quidem
3526 2255 3710 2320 lucem,
3740 2268 3820 2323 qua
3839 2266 3907 2304 re-

2395 2357 2506 2405 tera
2555 2349 2750 2405 fierent
2795 2349 3099 2422 perSpicna,
3150 2363 3272 2405 esse
3319 2347 3507 2418 jussit,
3559 2357 3614 2402 et
3661 2347 3767 2402 fecit
3804 2364 3815 2400 :
3855 2344 3909 2398 cui

2390 2443 2524 2497 diem
2551 2456 2744 2497 nomen
2787 2441 3041 2512 imposuit
3069 2438 3223 2512 (Gen.
3256 2457 3296 2508 ι,
3329 2441 3385 2506 5,
3422 2437 3506 2513 4).
3542 2437 3777 2495 Tenebris
3799 2438 3909 2490 north

2389 2536 2591 2591 addidit
2612 2552 2806 2592 ttotnen
2834 2534 2988 2609 (Gen.
3017 2552 3054 2603 ι,
3085 2534 3164 2607 5).
3195 2533 3400 2590 Deinde
3421 2530 3910 2604 ﬁrmamentumquotl

2391 2632 2530 2686 inter
2551 2645 2717 2701 aquas
2746 2630 3079 2701 dcpulsaret,
3109 2628 3348 2685 ostendit
3380 2647 3394 2682 :
3427 2631 3574 2700 quod
3605 2626 3776 2683 Caelum
3794 2625 3912 2679 voluit

2391 2727 2685 2795 nuncupari
2715 2724 2867 2796 (Gen.
2899 2741 2937 2790 ι,
2971 2725 3025 2790 6,
3050 2725 3110 2795 7)
3143 2740 3158 2779 :
3190 2738 3326 2780 neve
3377 2732 3596 2780 terrena
3623 2723 3687 2778 85
3711 2721 3809 2776 visu
3841 2733 3912 2773 coe-

2392 2819 2617 2874 lestibus
2648 2820 3008 2875 miscerentur
3040 2837 3053 2873 :
3098 2817 3194 2874 sed
3234 2825 3381 2874 esset
3406 2815 3557 2887 quod
3581 2817 3711 2871 inter
3745 2815 3910 2868 humana
3982 2807 3983 2856 ξ

2391 2922 2446 2968 et
2467 2914 2647 2968 divina
2674 2913 3028 2968 discerneret.
3080 2911 3198 2966 lam
3237 2913 3382 2980 enim
3422 2925 3497 2966 ex
3534 2909 3695 2966 nihilo
3729 2905 3913 2964 materias
3982 2905 3983 2954 ξ

2392 3007 2559 3077 ipsas,
2584 3023 2649 3062 ex
2679 3007 2873 3078 quibus
2899 3007 3080 3061 omnia
3115 3008 3306 3062 tierent
3334 3006 3628 3069 elementa,
3652 3001 3910 3058 condiderat.

2392 3101 2518 3155 Post
2548 3100 2662 3156 haec
2689 3117 2857 3172 aquas
2909 3102 2961 3156 in
3013 3116 3179 3156 unum
3237 3099 3561 3171 congregari
3610 3106 3662 3153 et
3701 3094 3914 3152 convenire

2394 3198 2694 3265 praecepit:
2726 3206 2783 3249 ut
2827 3196 2988 3249 Arida
3027 3203 3425 3250 monstraretur
3480 3191 3631 3262 (Gen.
3668 3207 3702 3258 ι,
3741 3188 3802 3260 9).
3843 3185 3913 3242 Nec

592 3331 604 3340 -
685 3304 852 3377 sita),
906 3305 1064 3360 nobis
1098 3308 1364 3378 incognita
1399 3279 1481 3362 est
1513 3324 1526 3362 :
1559 3316 1760 3378 quanto
1805 3309 1973 3378 magis
2005 3307 2090 3362 illa
2117 3322 2236 3377 quzn
2258 3322 2285 3360 a

2392 3304 2619 3360 quaeque
2665 3299 2789 3345 sunt
2833 3290 3038 3361 privata
3087 3289 3419 3344 nominibus.
3467 3287 3602 3343 Nam
3643 3291 3913 3355 congregatas

685 3401 840 3457 nobis
868 3403 1025 3471 longe
1055 3410 1262 3456 remota
1287 3411 1370 3457 est
1400 3401 1513 3458 65?
1542 3400 1610 3456 Et
1629 3402 1755 3472 quid
1787 3403 1908 3457 dico
1946 3417 1977 3456 a
2017 3402 2194 3468 nobis,
2237 3411 2291 3455 ct

685 3510 792 3550 non
840 3494 909 3549 ab
943 3495 1088 3550 omni
1117 3495 1323 3550 cmlesti
1353 3503 1600 3549 creatura
1629 3494 1734 3550 66?
1765 3494 1976 3550 Suflicit
2005 3510 2134 3565 ergo
2162 3495 2284 3560 huc,

685 3587 830 3662 quod
856 3588 1112 3654 vidimus,
1151 3589 1298 3660 quod
1343 3588 1600 3644 divinitas
1635 3603 1796 3644 nosse
1838 3603 1937 3645 nos
1963 3588 2150 3644 voluit.
2181 3588 2289 3645 Nec

686 3684 825 3740 ultra
859 3682 1096 3755 cognitio
1125 3683 1444 3756 porrigenda
1460 3690 1567 3745 est,
1588 3697 1655 3738 ne
1682 3681 1976 3754 sacrilegus
2001 3684 2290 3753 unusquis-

684 3794 791 3850 que
823 3787 1100 3843 teneatur,
1155 3777 1401 3849 quisquis
1430 3789 1722 3842 concessos
1771 3773 1977 3845 (Codex
2012 3793 2106 3831 ms.
2142 3777 2289 3830 habet

683 3872 1004 3945 concussus)
1035 3873 1292 3927 terminos
1323 3872 1485 3926 fuerit
1503 3870 1828 3942 cognitionis
1849 3885 2100 3942 egressus
2127 3869 2215 3926 67.

760 3965 847 4022 IV.
879 3965 1156 4022 Christum
1178 3966 1338 4038 igitur
1363 3965 1670 4036 accepimus
1695 3963 1764 4018 68
1796 3963 1886 4019 Dei
1911 3961 2102 4018 Filium
2137 3963 2290 4018 initio

577 4087 580 4092 -
685 4061 754 4117 69
784 4061 1115 4132 Sapientiam
1141 4059 1184 4133 (Ι
1210 4060 1331 4116 Cor.
1377 4076 1414 4126 l,
1437 4060 1529 4127 24,
1564 4058 1661 4114 Dei
1692 4060 1946 4124 virtutem,
2002 4068 2050 4114 et
2083 4057 2176 4113 Dei
2207 4075 2290 4114 sa-

686 4153 959 4226 pientium)
987 4169 1168 4210 veram
1199 4155 1300 4217 70;
1334 4153 1676 4220 Sermonem,
1721 4153 1770 4210 id
1795 4163 1876 4210 est
1905 4155 2168 4210 rationem
2197 4155 2286 4217 71,

684 4251 932 4319 spiritum
963 4249 1140 4322 (Joan.
1175 4265 1250 4316 tv,
1278 4246 1370 4314 24,
1401 4248 1632 4318 Spiritus
1659 4260 1733 4306 est
1755 4248 1918 4316 Deus,
1943 4248 2074 4321 etc.)
2097 4293 2112 4318 ,
2149 4249 2290 4305 viam

687 4339 868 4412 (Joon.
917 4355 1035 4404 xtv,
1067 4342 1145 4413 6),
1176 4341 1350 4396 lucem
1388 4339 1588 4408 (Joan.
1616 4357 1654 4408 ι,
1683 4340 1737 4408 9,
1765 4352 1814 4396 et
1840 4359 2021 4398 rursus
2049 4357 2126 4411 tu,
2173 4343 2288 4416 l9),

687 4433 966 4488 brachium
1000 4431 1102 4506 (Is.
1133 4449 1247 4498 LIII,
1281 4434 1332 4496 1,
1355 4442 1402 4487 et
1446 4433 1600 4488 Joan.
1635 4448 1733 4501 xu,
1780 4434 1871 4501 58,
1918 4433 1986 4490 Et
2029 4435 2291 4490 brachium

687 4525 982 4598 Domini(a)
999 4527 1082 4580 cui
1092 4528 1372 4580 revelatum
1391 4527 1529 4598 est?)
1548 4526 2021 4599 fortitudinem,(b)
2036 4531 2290 4585 virtutem

687 4619 864 4695 (ICar.
893 4617 1062 4689 1,24),
1095 4617 1565 4690 veritaternann.
1589 4635 1696 4685 xiv,
1717 4619 1798 4691 6),
1818 4621 2289 4694 panem(loan.vt,

686 4713 778 4777 35,
809 4712 938 4777 48),
973 4713 1151 4767 vintnn
1185 4709 1408 4782 (Matth.
1439 4728 1514 4780 rx,
1559 4712 1646 4778 17,
1680 4721 1728 4766 et
1756 4710 2011 4780 Joan.xv,
2063 4717 2118 4781 1,
2167 4725 2289 4778 etc.,

689 4807 803 4879 Ego
832 4824 947 4862 sum
975 4808 1092 4862 ritis
1131 4806 1296 4878 vera),
1329 4805 1505 4862 Vitam
1540 4807 1792 4882 (Joan.t,
1824 4807 1880 4876 4,
1911 4819 1960 4864 et
1986 4823 2095 4876 xtv,
2150 4809 2206 4875 6,
2245 4823 2291 4864 et

687 4901 812 4955 alibi
863 4900 1042 4972 sirpe),
1094 4899 1303 4956 Ostium
1353 4899 1531 4974 (Joan.
1565 4917 1618 4966 x,
1653 4902 1704 4967 1,
1733 4901 1790 4968 2,
1822 4901 1876 4968 7,
1905 4900 1984 4973 9),
2021 4912 2290 4972 pastorem

687 4995 884 5069 (lbid.,
918 4998 1004 5061 11,
1036 4997 1162 5067 etc.)
1188 5038 1204 5063 ,
1264 5006 1318 5050 et
1363 4997 1465 5051 alia
1497 4997 1728 5067 plurima
1757 4998 1825 5052 72
1852 5039 1866 5065 ,
1896 5013 2017 5069 qua:
2071 5007 2293 5070 propter

689 5091 937 5145 homines
964 5097 1091 5145 sunt
1118 5091 1186 5146 75
1217 5108 1228 5143 :
1259 5099 1315 5146 et
1337 5105 1526 5147 omnes
1569 5092 1620 5146 in
1665 5091 1758 5148 illo
1803 5092 1992 5146 vivunt
2029 5093 2098 5148 74
2127 5110 2141 5148 :
2172 5108 2291 5162 quae

688 5183 1060 5256 unusquisque
1109 5199 1368 5254 processu
1399 5185 1657 5254 temporis
1711 5184 1992 5255 Scriptura
2032 5186 2292 5242 educente

690 5278 962 5348 perdiscet
987 5278 1078 5332 75.
1115 5277 1172 5334 Si
1205 5277 1366 5348 igitur
1405 5278 1496 5332 Dei
1530 5277 1721 5332 Filium
1753 5280 2027 5350 cognitum
2059 5281 2292 5336 confite-

690 5386 810 5425 mur
841 5387 855 5426 :
880 5385 974 5440 per
997 5370 1172 5440 ipsum
1204 5369 1370 5423 Deum
1389 5369 1606 5425 Patrem
1645 5370 1846 5426 scimus
1873 5374 2137 5428 etsaecula
2163 5374 2292 5429 visi-

692 5461 844 5530 bilia,
873 5473 930 5517 et
960 5462 1248 5518 invisibilia
1285 5461 1594 5517 condidisse
1630 5480 1642 5516 :
1675 5462 1791 5518 Non
1833 5465 1976 5519 enim
2010 5465 2091 5521 fas
2120 5475 2295 5523 estex

724 5569 760 5611 ο
791 5556 958 5612 Deum
997 5565 1280 5627 operatum
1327 5555 1573 5622 credere,
1623 5571 1690 5612 ex
1734 5571 1842 5628 quo
1886 5559 2117 5614 mundus
2146 5561 2294 5632 geni-

768 5748 848 5822 (a)
886 5746 1039 5815 Quod
1068 5745 1284 5818 plurimi
1312 5745 1380 5800 ad
1413 5743 1686 5802 Christum
1719 5741 1979 5800 referunt.
2009 5742 2147 5802 Vide
2165 5742 2292 5802 Cal-

703 5849 820 5896 met
843 5840 896 5894 in
922 5838 1098 5894 locum
1122 5837 1284 5892 hunc.

787 5907 864 5978 (b)
903 5907 1040 5963 Vide
1067 5908 1278 5964 Calmet
1325 5909 1378 5964 in
1424 5908 1757 5978 superiorem
1783 5907 1984 5966 locum.

2391 3397 2560 3453 aquas
2582 3382 2798 3438 vocavit
2826 3399 2964 3438 mare
3009 3381 3162 3454 (Gen.
3195 3398 3234 3449 ι,
3268 3381 3382 3453 10),
3433 3388 3729 3450 separatam
3771 3377 3910 3430 aridam

2391 3483 2540 3528 teme
2563 3475 2882 3530 vocabulum
2939 3474 3109 3531 voluit
3153 3473 3434 3544 possidere
3486 3473 3641 3547 (Gen.
3672 3488 3706 3540 ι,
3734 3465 3913 3539 1013εά

2392 3567 2509 3624 haec
2547 3569 2724 3625 minus
2766 3570 3029 3626 instructa
3075 3569 3415 3625 videbantur.
3469 3567 3747 3638 Benignant
3785 3566 3906 3628 itaque
3982 3597 3983 3638 1

2391 3661 2794 3718 facunditatem
2821 3662 2900 3718 his
2918 3662 3147 3730 addidit,
3168 3661 3490 3718 etdccorem
3517 3660 3662 3736 (Gen.
3688 3676 3719 3714 t.
3742 3659 3789 3714 11
3810 3655 3912 3723 seq).
3982 3679 3983 3736 ξ

2393 3754 2458 3809 Ει
2491 3755 2629 3810 miro
2659 3754 2819 3810 modo
2847 3753 2993 3810 illam
3025 3754 3197 3826 primo
3221 3771 3487 3827 generare
3517 3754 3914 3826 pracipieas,qum

2395 3848 2686 3904 novissime
2715 3849 2888 3904 fuerat
2917 3849 3171 3904 fabricata
3191 3849 3285 3917 84,
3316 3849 3432 3905 Non
3465 3850 3708 3904 ordinem
3743 3844 3912 3899 turbans.

2392 3954 2483 3997 aut
2499 3945 2718 4014 ignarus
2737 3945 2955 3999 facturae
2969 3960 3081 4000 sua:
3108 3963 3120 3998 :
3149 3944 3244 4000 sed
3262 3945 3433 3999 voluit
3446 3957 3762 4015 postremum
3778 3938 3912 3994 habere

2394 4039 2623 4108 primum
2647 4037 2870 4108 aliquid,
2926 4055 2993 4095 ne
3049 4039 3102 4095 in
3147 4029 3912 4110 omnibusjacerctextrcmatS.

2393 4139 2449 4184 ct
2481 4129 2668 4201 primis
2692 4132 2929 4186 secunda
2953 4132 3256 4202 conjunxit,
3288 4147 3355 4187 ne
3387 4133 3560 4203 prima
3593 4129 3811 4186 inferiora
3832 4139 3912 4178 coa-

2396 4234 2698 4280 temnerent
2729 4225 2819 4280 86.
2852 4225 2942 4281 Sic
2987 4226 3081 4282 Dei
3129 4227 3272 4283 filius
3315 4227 3458 4283 Deus
3488 4227 3682 4284 artifex
3714 4224 3837 4279 Patre
3863 4219 3914 4286 ju

2394 4321 2557 4376 bente
2585 4321 2896 4378 moderatus
2926 4331 3012 4378 est
3042 4323 3134 4390 87,
3165 4331 3224 4378 ut
3250 4323 3498 4380 ordinem
3541 4319 3807 4380 mutando,
3844 4312 3911 4366 dis-

2395 4415 2716 4486 positionem
2751 4416 2941 4472 melius
2970 4416 3270 4473 ordinaret.
3297 4417 3545 4489 Namque
3590 4427 3749 4473 terras
3791 4406 3912 4466 omnia

2395 4509 2611 4580 pabula,
2651 4509 2900 4581 lignaque
2924 4524 3046 4565 cum
3076 4511 3188 4566 suis
3210 4510 3519 4566 seminibus
3544 4506 3774 4566 redivivis
3797 4503 3912 4568 impe-

2395 4602 2533 4660 ravit
2569 4603 2801 4658 educere
2830 4602 2983 4676 (Gen.
3016 4620 3053 4670 I,
3085 4607 3175 4672 11,
3209 4604 3324 4675 12),
3374 4605 3676 4675 οωιυηιίιυθ
3715 4593 3914 4656 luminari-

2317 4679 2372 4740 Β
2397 4697 2519 4763 bus,
2553 4695 2604 4751 id
2627 4706 2710 4752 est
2735 4696 2878 4762 Sole,
2920 4707 2976 4754 et
3007 4698 3180 4766 Luna,
3211 4711 3266 4755 et
3294 4699 3485 4755 Stellis
3515 4699 3722 4756 ornavit
3757 4691 3869 4766 (Gen.
3890 4703 3910 4746 ι,

2399 4785 2513 4860 11),
2542 4788 2738 4861 quibus
2764 4798 2854 4844 aut
2883 4788 3011 4864 diej,
3056 4801 3147 4845 aut
3182 4793 3355 4847 noctis
3387 4793 3523 4848 lines
3551 4788 3839 4846 ostenderet,
3857 4787 3915 4832 aut

2396 4882 2563 4952 signis
2591 4883 2841 4949 rusticos,
2870 4891 2964 4938 aut
2989 4885 3236 4940 nauticos
3260 4883 3502 4941 erudiret
3526 4884 3630 4957 (Ib.
3656 4890 3702 4938 et
3721 4869 3908 4937 vers“??-

2397 4976 2561 5032 Maria
2579 4991 2800 5048 quzeque
2831 4976 3037 5032 inclusa
3055 4979 3106 5032 in
3132 4986 3292 5033 terra:
3312 4977 3576 5033 limitibus
3603 4974 3732 5049 (Job.
3753 4978 3911 5025 xxxvm.

2398 5072 2451 5140 8,
2482 5071 2605 5145 etc.)
2638 5087 2731 5127 sua
2759 5071 3010 5127 animalia
3043 5086 3331 5142 procreare
3359 5070 3633 5127 mandavit
3655 5066 3786 5141 (Gen.
3807 5075 3836 5124 1,
3853 5055 3908 5110 ὶθι

2397 5167 2490 5240 21)
2519 5185 2532 5222 :
2557 5168 2735 5222 anima
2782 5167 3032 5223 videlicet
3078 5168 3225 5236 ipsas
3267 5165 3523 5222 materias
3556 5157 3910 5220 animarentvl

2397 5259 2742 5317 nascentibus
2774 5259 3114 5330 postmodum
3137 5259 3501 5314 animantibus
3523 5256 3720 5312 animas
3739 5259 3905 5307 comma-

2396 5355 2589 5411 darent
2615 5355 2702 5410 88.
2746 5355 2852 5410 Sed
2875 5369 2982 5424 quo
3010 5351 3406 5411 ftecundiorum
3437 5352 3634 5408 faceret
3660 5345 3824 5422 (Codex
3847 5350 3909 5388 πίει

2401 5448 2547 5502 habet
2592 5444 2820 5517 fecerat)
2868 5456 3066 5503 terram
3088 5444 3240 5520 (Gen.
3268 5463 3306 5509 ι,
3328 5445 3418 5509 24,
3446 5443 3574 5514 25),
3613 5449 3722 5512 post
3759 5433 3906 5506 pabuli.

2403 5550 2524 5613 post
2573 5541 2711 5612 ligna
2758 5539 3055 5605 fructifera,
3111 5551 3234 5612 post
3277 5541 3526 5595 universa
3579 5535 3783 5596 semina,
3821 5537 3908 5621 (μὴ’

2401 5633 2702 5706 dmpedum
2724 5648 2916 5705 genus,
2946 5632 3210 5698 ferarum,
3234 5643 3287 5688 et
3313 5631 3644 5702 serpentium
3667 5625 3767 5680 viva
3789 5626 3908 5712 omttJ

2402 5739 2456 5782 et
2477 5727 2711 5783 animata
2738 5725 2900 5796 jussit
2925 5724 3122 5796 ejicere
3153 5723 3343 5802 (Ibid)
3374 5723 3461 5780 89.
3506 5721 3613 5777 Nec
3639 5732 3772 5776 mors
3795 5716 3833 5766 in

2404 5818 2652 5875 omnibus
2683 5837 2696 5873 :
2725 5818 2797 5875 90
2826 5818 3025 5892 quippe
3065 5796 3235 5889 quum
3267 5819 3406 5874 Deus
3435 5816 3595 5872 Pater
3615 5812 3830 5884 jusserat.
3853 5796 3908 5852 ΡΙ·

2405 5911 2510 5968 lius
2537 5913 2708 5970 virtus
2738 5913 2852 5983 ipsa
2879 5912 2999 5969 sine
3020 5912 3468 5970 recrastinatione
3497 5907 3758 5980 imperium
3777 5907 3905 5966 cape?
