4062 6332
133 261 235 318 757

1349 255 1686 316 EPISTOLA
1722 255 1854 318 SEU
1895 256 2244 317 LIBELLUS.

3326 263 3434 323 758

131 375 322 429 si-hat:
357 389 478 430 nam
504 387 628 430 cum
649 371 894 444 iussione
932 379 990 429 et
1030 383 1169 442 opus
1197 370 1446 429 adstabat
1487 373 1578 429 91.
1618 371 1723 429 Sed
1751 372 1804 436 Α
1829 384 2218 443 generaverat,
2262 373 2570 430 universum
2618 372 2897 430 hominum
2939 389 3113 445 genus
3155 391 3338 434 secum
3367 379 3436 437 ad

128 467 382 538 quoniam
412 465 637 522 multum
665 463 928 522 intererat
947 463 1364 521 subl‘mcundare
1396 476 1610 520 terrena
1631 465 1726 533 92,

128 569 182 615 et
207 570 334 631 post
354 559 560 626 divina,
589 559 823 614 humana
853 557 1116 625 deerant;
1157 557 1430 614 hominem
1461 559 1609 624 fecit,
1637 559 1727 629 qui

129 668 235 708 non
265 662 410 709 totus
433 661 581 710 esset
605 669 635 708 e
665 652 829 717 cosio,
862 667 964 708 nec
994 661 1173 708 tamen
1197 651 1264 710 de
1297 660 1438 708 terra
1482 661 1626 708 totus
1658 651 1729 708 95

127 745 324 801 iterum
353 753 668 802 nasceretur
697 744 768 802 94
802 762 815 798 :
861 745 1059 817 quippe
1101 760 1300 817 corpus
1325 760 1394 802 ex
1423 747 1571 802 omni
1601 747 1730 803 limo

127 845 291 895 terra:
315 837 570 895 formavit
601 837 755 914 (Gen.
787 855 846 904 tt,
875 836 932 910 7)
957 840 1060 907 95,
1083 841 1334 910 Spiritum
1371 855 1730 898 concessurus

126 946 158 988 e
197 931 706 1006 emlo(1bidem)96
739 950 754 986 :
782 943 834 988 et
875 948 998 989 cum
1044 934 1229 989 omnia
1269 935 1516 1004 jussione
1554 933 1731 991 Patris

120 1027 387 1083 Sermone
409 1026 745 1098 obsequente
774 1025 1000 1083 formata
1028 1026 1140 1083 sint
1168 1027 1258 1093 97,
1287 1026 1342 1083 iu
1374 1027 1608 1084 hominis
1636 1027 1731 1084 lic-

123 1118 275 1176 tione
298 1120 464 1176 etiam
489 1119 606 1190 ipse
634 1119 796 1176 Pater
829 1119 1120 1176 iahricator
1147 1122 1380 1178 accessit
1423 1121 1515 1189 98,
1559 1130 1619 1177 ut
1663 1119 1732 1177 ad

123 1213 589 1270 immortalitatem
620 1230 728 1269 non
751 1214 1133 1284 praescriberet
1159 1224 1303 1271 terra
1326 1257 1343 1284 ,
1375 1216 1420 1271 si
1453 1217 1732 1273 immorta-

122 1307 206 1362 les
226 1321 419 1363 manus
437 1308 836 1362 constituerent
857 1307 1131 1363 hominem
1150 1307 1239 1364 99.
1265 1306 1548 1365 Concessit
1569 1311 1730 1366 etiam

121 1410 184 1454 ut
209 1398 375 1455 homo
401 1399 495 1456 Dei
517 1398 806 1469 imaginem
827 1407 1071 1471 portaret
1093 1399 1148 1456 in
1173 1401 1332 1457 terris
1357 1400 1480 1468 100,
1507 1401 1734 1459 daturus

121 1491 471 1563 postmodum
494 1492 926 1559 similitudinem,
956 1494 1002 1549 si
1030 1493 1208 1566 imago
1231 1505 1539 1551 servaretur
1561 1495 1733 1552 illaesa

122 1585 254 1641 101.
289 1583 373 1640 Ad
392 1583 684 1657 imaginem
710 1601 816 1641 non
849 1595 1005 1656 putes
1041 1600 1164 1641 esse
1189 1585 1417 1642 formam
1451 1587 1589 1642 hanc
1631 1587 1728 1644 ho-

122 1679 290 1736 minis
338 1681 664 1737 exteriorem
714 1680 930 1737 factam.
979 1681 1157 1737 Absit.
1191 1681 1323 1751 Quis
1365 1682 1511 1740 enim
1547 1684 1734 1740 credat

1831 471 2063 519 mortem
2107 480 2279 536 usque
2323 466 2574 536 perduxit
2603 466 2727 520 112.
2781 465 2898 522 Non
2929 466 3211 524 defuturus
3255 477 3436 526 tamen

1832 557 2028 626 bonus,
2058 559 2142 614 vel
2167 559 2347 629 justus
2375 577 2387 613 :
2421 560 2676 632 quoniam
2704 559 2921 632 quidem
2963 561 3193 626 liberum
3223 573 3342 620 erat
3382 572 3440 620 et

1834 652 2174 721 postmodum
2207 653 2348 708 natis
2370 669 2477 710 non
2504 654 2844 727 delinquere,
2865 664 2920 711 et
2950 654 3098 712 Deus
3124 671 3231 711 non
3259 671 3441 714 cessa-

1833 745 1926 802 bat
1949 745 2194 817 quotidie
2216 760 2566 804 commonere
2589 747 2712 804 115.
2731 747 2882 803 Tunc
2910 747 3093 804 divina
3124 748 3358 818 bonitas,
3385 759 3442 808 et

1831 847 2055 911 paterna
2106 839 2278 910 pietas
2347 839 2497 911 larga
2545 840 2914 911 multipliciter
2958 841 3274 912 providebat
3319 860 3332 897 :
3386 851 3444 900 et

1834 931 2010 1002 primo
2051 932 2271 1004 quidem
2323 945 2419 1002 per
2460 931 2646 988 Justus
2691 931 3031 989 Patriarebas
3060 949 3074 987 :
3105 933 3302 991 deinde
3345 951 3441 1006 per

1832 1025 2056 1100 Moysen
2077 1068 2094 1095 ,
2123 1036 2178 1082 et
2220 1025 2522 1098 Pr0phetas
2552 1027 2677 1084 tu.
2713 1025 2820 1084 Sed
2850 1043 3041 1084 omnes
3080 1028 3134 1084 hi
3185 1028 3240 1084 in
3269 1029 3440 1086 Adam

1835 1121 2204 1178 moriebantur
2231 1121 2356 1179 115.
2384 1120 2440 1178 in
2465 1121 2772 1178 novissimis
2801 1122 3152 1192 temporibus,
3186 1140 3253 1180 ne
3276 1124 3327 1179 in
3361 1133 3442 1180 too

1836 1224 1946 1272 tum
1977 1215 2235 1274 Diabolus
2263 1216 2622 1286 triumpharet
2661 1216 2950 1286 (namhoc
2988 1216 3067 1272 illi
3103 1233 3296 1274 nomen
3323 1226 3436 1285 est,

1835 1321 2118 1383 postquam
2145 1310 2352 1368 homini
2375 1308 2603 1383 invidit)
2631 1311 2756 1375 116.
2787 1321 2840 1369 et
2868 1328 2937 1368 ne
2961 1312 3123 1368 homo
3155 1321 3275 1383 post
3303 1322 3441 1370 tem-

1836 1419 1967 1475 pora
1999 1403 2364 1460 damnationis
2394 1404 2613 1474 impleta
2654 1413 2840 1460 contra
2888 1404 3318 1460 misericordiam
3346 1405 3440 1461 Dei

1835 1498 1930 1554 diu
1961 1507 2240 1556 teneretur
2265 1499 2320 1554 in
2351 1514 2546 1570 pinna;
2579 1499 2810 1554 salutem
2832 1540 2850 1567 ,
2879 1515 3037 1569 quam
3068 1500 3182 1558 sola
3211 1500 3441 1558 misera-

1838 1590 1984 1648 tione
2038 1590 2367 1659 merebatur,
2409 1591 2620 1662 accepit
2661 1591 2785 1647 117.
2831 1591 2974 1647 Deus
3019 1607 3252 1663 namque
3288 1600 3444 1663 pater

1837 1687 2180 1756 omnipotens
2205 1683 2400 1744 Filium
2444 1700 2599 1741 suum
2629 1684 2813 1742 Jesum
2853 1685 3128 1742 Christum
3170 1686 3337 1742 Deum
3379 1701 3445 1742 ac

123 1776 322 1843 Deum,
349 1774 417 1831 ad
441 1774 597 1846 cujus
621 1775 910 1847 imaginem
962 1774 1134 1832 factus
1173 1785 1258 1833 est
1306 1779 1490 1847 homo,
1536 1777 1736 1834 habere
1766 1779 1814 1840 B
1833 1768 2127 1836 Dominum
2157 1787 2403 1836 nostrum
2434 1779 2612 1845 misit,
2644 1795 2742 1850 per
2775 1794 2935 1849 quem
2965 1789 3160 1836 cuncta
3189 1778 3448 1838 condide-

119 1871 360 1940 aliquam
388 1878 616 1938 partem,
647 1886 770 1943 qua:
800 1885 907 1929 non
937 1871 1142 1940 audiat,
1195 1887 1319 1943 qum
1368 1889 1476 1929 non
1526 1873 1728 1940 videat,

116 1981 247 2037 quae
277 1979 387 2021 non
433 1965 616 2021 omnia
667 1966 959 2036 operetur?
1008 1963 1257 2022 Hominis
1300 1965 1445 2022 enim
1497 1967 1738 2024 exterior

117 2059 300 2114 forma
332 2073 435 2114 non
463 2057 698 2131 undique
742 2056 910 2126 videt,
963 2073 1070 2114 non
1126 2056 1364 2129 undique
1407 2059 1574 2128 audit,
1627 2075 1735 2116 non

118 2149 366 2223 undique
445 2159 636 2223 potens
709 2158 814 2208 est.
893 2150 1034 2207 Deus
1121 2160 1302 2208 autem
1383 2160 1526 2209 totus
1589 2152 1682 2209 lux
1719 2194 1734 2219 ,

117 2251 275 2300 totus
301 2243 512 2311 oculus,
543 2251 687 2300 totus
707 2243 882 2310 auris,
941 2251 1087 2300 totus
1138 2259 1332 2300 manus
1359 2253 1444 2301 est
1471 2245 1737 2317 potentis-

116 2338 265 2394 sima
297 2336 422 2393 102.
456 2336 602 2408 Ergo
648 2337 981 2392 mentiuntur
1009 2335 1348 2408 Scripturac?
1392 2338 1571 2395 Absit.
1622 2339 1730 2396 Sed

116 2447 254 2488 esse
291 2432 346 2487 in
379 2431 598 2487 homine
629 2430 885 2501 quiddam
916 2429 1164 2500 interius,
1205 2433 1352 2503 quod
1397 2431 1572 2488 Homo
1616 2433 1739 2504 qui-

117 2525 252 2581 dem
280 2535 338 2580 et
369 2523 486 2594 ipse
531 2533 771 2589 vocetur,
807 2524 1106 2594 Apostolus
1134 2525 1345 2580 Paulus'
1383 2540 1484 2580 nos
1525 2524 1742 2582 instruit

115 2619 319 2674 dicens
376 2635 392 2673 :
441 2614 508 2671 Et
559 2617 604 2671 si
646 2620 867 2674 exterior
914 2627 1084 2673 noster
1131 2616 1302 2672 Homo
1353 2619 1738 2690 corrumpitur,

115 2710 220 2768 sed
271 2711 485 2766 interior
529 2711 758 2782 quotidie
802 2721 1076 2768 renovatur
1117 2711 1187 2784 (ll
1226 2709 1348 2768 Cor.
1381 2729 1458 2781 tv,
1488 2711 1578 2784 16)
1611 2713 1736 2771 103.

116 2805 231 2861 llic
257 2814 345 2862 est
368 2805 436 2860 ad
479 2805 766 2878 imaginem
800 2807 890 2862 Dei
924 2806 1131 2864 factus:
1165 2823 1326 2877 quem
1373 2816 1490 2866 νοῦν
1534 2808 1629 2879 (id
1661 2818 1744 2866 est

117 2899 401 2971 mentem)
433 2914 689 2956 vocamus
715 2917 728 2953 :
758 2900 852 2970 qui
880 2900 990 2956 Deo
1017 2900 1186 2972 possit
1213 2901 1406 2956 similis
1441 2917 1564 2957 esse
1593 2911 1741 2970 tunc,

115 2991 354 3066 quando
403 2993 749 3062 impassibilis
797 2993 902 3049 104
941 3011 952 3047 :
1006 2993 1133 3049 dum
1183 2993 1554 3060 inconcussus,
1603 2995 1733 3050 dum

1840 1882 1925 1928 rat
1951 1891 1965 1927 :
1997 1889 2064 1928 ne
2093 1873 2194 1928 hoc
2221 1871 2437 1941 quidem
2463 1873 2583 1928 sine
2604 1871 2699 1928 illo
2725 1871 2839 1928 ﬁeri
2868 1886 3059 1943 passus
3081 1871 3206 1928 118.
3229 1871 3340 1928 Nec
3366 1879 3447 1927 ta-

1841 1981 1962 2022 men
1991 1965 2276 2036 quisquam
2313 1965 2541 2022 idoneus
2571 1973 2721 2031 erat,
2752 1964 2842 2034 qui
2874 1963 3151 2020 hominem
3182 1965 3447 2035 patienter

1840 2059 2070 2114 tolerare
2094 2055 2363 2129 (Fortasse
2397 2057 2671 2130 legendum
2709 2067 2783 2112 est
2828 2057 3054 2124 tollere,
3087 2057 3152 2112 de
3198 2066 3446 2124 potestate

1837 2153 2030 2209 scilicet
2060 2149 2354 2223 diemonis)
2388 2159 2608 2222 posset,
2637 2161 2729 2207 aut
2756 2160 2970 2218 nosset,
3005 2160 3100 2207 aut
3143 2159 3447 2220 p0testates

1842 2243 2002 2316 hujus
2032 2243 2217 2299 mundi
2245 2251 2302 2299 et
2331 2243 2518 2299 harum
2552 2243 2893 2299 tenebrarum
2924 2243 3207 2314 quisquam
3237 2251 3449 2312 poterat

1840 2352 2120 2407 superare,
2148 2346 2242 2392 aut
2271 2345 2500 2393 mortem
2530 2337 2769 2404 vincere,
2800 2335 3009 2392 inferna
3039 2351 3305 2404 reserare,
3333 2337 3446 2392 vit-

1843 2438 2045 2497 tutem,
2093 2439 2150 2486 et
2179 2437 2498 2500 patestatem
2530 2430 2735 2500 peccati
2784 2428 3062 2486 eradicare
3099 2430 3350 2500 penitus,
3392 2437 3450 2485 et

1841 2521 2048 2588 delere,
2081 2522 2182 2577 nisi
2212 2521 2382 2578 Filius
2415 2522 2544 2588 Dei,
2575 2522 2664 2593 qui
2695 2521 2750 2577 itt
2779 2521 2983 2577 factura
3017 2522 3252 2578 hominis
3285 2522 3452 2594 parti-

1842 2629 1971 2687 ceps
1998 2631 2120 2672 cum
2161 2615 2322 2671 Patre
2365 2613 2575 2682 fuerat,
2609 2615 2702 2686 qui
2732 2624 2787 2672 et
2827 2631 2888 2672 se
2915 2626 3099 2686 posset
3129 2615 3180 2670 in
3229 2615 3450 2672 homine

1847 2710 2025 2767 celare
2043 2753 2058 2778 ,
2087 2717 2143 2766 et
2168 2707 2442 2766 hominem
2471 2724 2593 2764 cum
2627 2708 2739 2765 Deo
2780 2710 3013 2766 mixtum
3037 2709 3265 2765 virtutes
3291 2707 3451 2778 perli-

1843 2816 1996 2868 cere,
2039 2813 2094 2858 et
2122 2802 2379 2859 exhibere
2408 2803 2512 2859 119
2544 2819 2557 2856 :
2591 2817 2689 2872 per
2713 2801 2857 2858 hunc
2883 2802 3078 2858 deletis
3109 2799 3452 2866 nostrischi-

1846 2894 2132 2966 rographis
2173 2905 2513 2966 peccatorum
2546 2893 2769 2967 (Coloss.
2809 2911 2880 2960 tt,
2925 2893 3016 2968 14)
3044 2894 3112 2952 ad
3139 2895 3317 2953 .Deum
3346 2894 3451 2950 Pa-

1848 2997 1984 3042 trem
2016 2987 2222 3056 pacati,
2255 2996 2310 3042 et
2341 2986 2436 3042 Dei
2475 2985 2567 3040 lilii
2615 2985 2741 3042 facti
2783 2987 2829 3057 (l
2854 2986 3014 3042 Joan.
3049 3002 3142 3054 ιιι,
3173 2985 3227 3059 1)
3267 3001 3454 3058 posse-

115 3087 327 3144 heatus
355 3093 412 3144 et
436 3094 678 3154 sanctus,
704 3095 760 3143 et
783 3087 901 3142 sine
931 3086 1036 3144 line
1071 3087 1214 3160 (sine
1241 3087 1367 3156 ﬁne,
1400 3103 1570 3160 usque
1599 3089 1651 3144 in
1684 3089 1747 3144 ti-
1848 3096 1970 3136 mus
1995 3079 2253 3136 accedere
2285 3079 2408 3135 120.
2434 3080 2662 3136 Mittitur
2692 3081 2851 3151 igitur
2877 3080 2972 3136 Dei
2993 3080 3157 3148 (ilius,
3190 3089 3249 3137 et
3280 3079 3453 3140 homi-

115 3195 282 3249 nem,
327 3187 438 3247 aut,
483 3179 528 3234 si
569 3179 679 3246 vis,
722 3177 840 3236 sine
866 3179 1201 3244 inﬁdelitate,
1232 3181 1310 3234 vel
1338 3181 1390 3236 iu
1434 3178 1560 3253 lide)
1597 3180 1825 3245 fueritC
1859 3191 1981 3232 netu
2025 3174 2256 3231 latenter
2299 3174 2521 3230 intravit
2568 3173 2717 3246 (Luc.
2749 3173 2804 3246 ι)
2836 3191 2848 3227 :
2883 3173 2998 3229 Non
3040 3189 3148 3245 quo
3187 3182 3455 3230 metueret

113 3272 517 3345 comprobatus
549 3272 669 3329 l05.
700 3271 1060 3343 Liberumque
1078 3271 1383 3340 arbitrium,
1406 3281 1460 3330 et
1481 3288 1739 3343 capacem
1843 3283 2167 3338 quemquam
2195 3266 2286 3338 qui
2309 3276 2426 3324 erat
2446 3267 2687 3326 omnium
2710 3265 2999 3333 dominus;
3028 3265 3126 3323 sed
3155 3282 3224 3322 ne
3255 3265 3457 3323 Diabo-

110 3365 378 3422 animum
406 3363 558 3420 dedit
582 3379 688 3420 nou
719 3365 838 3420 sine
865 3365 982 3436 lege
1004 3364 1221 3420 vivendi
1257 3363 1384 3432 106,
1412 3381 1479 3421 ne
1510 3381 1736 3437 magnus

109 3471 176 3518 ct
208 3459 426 3516 Solutus
455 3475 485 3514 a
515 3458 654 3532 lege,
696 3459 1063 3515 animantibus
1101 3459 1351 3515 omnibus
1387 3469 1694 3531 azquaretur
1725 3479 1739 3517 :

111 3553 320 3611 addita
351 3552 774 3610 comminatione
817 3564 939 3625 post
976 3552 1176 3625 legem,
1211 3561 1292 3620 ιιι,
1324 3553 1370 3610 si
1398 3563 1641 3610 servaret
1671 3554 1745 3609 le-

108 3663 277 3721 gem,
323 3648 374 3702 in
418 3647 776 3703 aeternitatem
805 3646 1041 3714 veniret;
1067 3646 1114 3704 si
1141 3663 1247 3703 non
1276 3655 1573 3713 servasset,
1602 3661 1746 3702 tuor-

115 3752 244 3799 tem
275 3738 378 3796 sibi
411 3748 647 3812 pareret,
675 3741 954 3796 amitteret
992 3751 1046 3794 et
1085 3741 1312 3796 salutem
1361 3739 1515 3813 (Gen.
1548 3756 1619 3806 tt,
1650 3739 1741 3810 16)

119 3833 375 3892 iO7.Est
394 3843 572 3888 autem
590 3832 825 3889 hominis
841 3831 969 3903 facti
993 3848 1186 3888 nomen
1209 3832 1376 3889 Adam
1403 3831 1744 3906 (Gen.tt,i9).

210 3928 302 3984 γι.
339 3926 444 3985 Sed
484 3927 611 4000 quia
649 3928 701 3984 in
730 3927 982 3982 omnibus
1023 3926 1346 3983 animalibus
1388 3925 1455 3982 ad
1489 3941 1742 3996 procrea-

114 4023 346 4078 tionem
386 4035 546 4076 sexns
568 4029 793 4092 uterque
817 4028 1156 4090 processerat
1178 4018 1330 4091 (Gen.
1351 4035 1390 4085 ι,
1413 4017 1485 4072 22
1506 4029 1552 4074 et
1575 4019 1708 4092 seq.)
1731 4037 1744 4074 :

110 4115 346 4172 homini
405 4130 619 4186 quoque
669 4114 944 4186 provisum
994 4122 1119 4181 est,
1172 4120 1228 4168 ut
1277 4122 1330 4170 et
1386 4113 1484 4183 ipsi
1531 4123 1751 4185 prepter

102 4207 553 4281 generationem
595 4207 789 4263 mulier
837 4218 1119 4278 pararetur
1163 4204 1339 4280 (Gen.
1402 4222 1453 4273 t,
1511 4207 1613 4275 27;
1669 4223 1747 4276 tt,

1846 3364 1927 3420 lus
1951 3362 2016 3418 ad
2049 3362 2358 3430 hominem,
2391 3362 2482 3433 qui
2511 3362 2622 3417 Deo
2652 3363 2851 3420 mixtus
2875 3373 3015 3430 erat,
3045 3363 3259 3420 timeret
3286 3377 3448 3421 acce-

1845 3456 1976 3513 dere
2006 3474 2020 3508 :
2054 3465 2111 3512 et
2133 3455 2313 3512 minus
2340 3464 2638 3525 prostratus
2670 3455 2923 3511 Diabolus
2950 3456 3019 3512 ab
3045 3455 3268 3513 homine
3296 3455 3449 3514 vidc-

1847 3556 2016 3614 retur,
2050 3547 2096 3603 si
2140 3548 2260 3603 sine
2286 3561 2509 3622 accessu
2530 3589 2546 3616 ,
2573 3558 2628 3604 et
2661 3548 2960 3604 certamine
2986 3547 3294 3606 vinceretur
3324 3549 3452 3618 121.

1850 3641 1926 3697 Ex
1958 3640 2174 3712 Virgine
2218 3639 2380 3712 igitur
2429 3641 2631 3709 Spiritu
2680 3639 2892 3696 Domini
2935 3644 3354 3713 superueniente,
3406 3651 3458 3698 et

1847 3735 2032 3788 virtute
2067 3733 2317 3789 Altissimi
2370 3735 2700 3789 obumbrante
2728 3734 2879 3806 (Luc.
2914 3751 2966 3803 ι,
2999 3735 3118 3807 35),
3160 3735 3456 3792 secundum

1851 3826 2123 3882 hominem
2151 3824 2356 3882 Christi
2396 3825 2658 3882 Nativitas
2699 3827 2970 3883 celebrata
3000 3837 3118 3895 est,
3165 3839 3215 3883 et
3264 3843 3456 3884 omnes

1852 3919 2112 3990 transegit
2132 3927 2336 3984 aetates,
2365 3929 2421 3973 ut
2447 3933 2636 3974 omnes
2665 3919 2779 3974 fere
2805 3918 3076 3976 discerent
3108 3921 3278 3976 Deum
3304 3919 3408 3976 122
3436 3938 3451 3974 :

1853 4009 1969 4066 haec
1997 4010 2176 4066 omnia
2205 4025 2326 4066 esse
2366 4011 2417 4064 in
2455 4009 2574 4081 lege
2602 4019 2657 4066 et
2696 4009 2983 4081 Propltetis
3015 4023 3140 4068 ante
3165 4012 3420 4084 prazdicta
3439 4054 3456 4082 ,

1855 4113 1912 4159 ut
1943 4119 2028 4160 res
2068 4105 2200 4160 mira
2247 4104 2530 4168 omnibus,
2582 4105 2858 4162 incredula
2902 4123 3008 4162 non
3053 4107 3210 4164 lieret
3247 4108 3456 4165 subita-

1857 4199 2002 4255 tione
2033 4214 2047 4254 :
2077 4206 2134 4255 et
2163 4199 2446 4270 practeriti,
2476 4197 2671 4269 quibus
2700 4199 2802 4254 hoe
2849 4198 3118 4269 iuSpicere
3147 4201 3321 4257 oculis
3347 4216 3456 4258 non

104 4303 230 4368 20,
260 4301 326 4358 21
364 4344 380 4368 ,
407 4312 455 4357 ct
491 4301 623 4374 seq.)
655 4317 670 4355 :
703 4310 758 4358 et
787 4301 924 4357 facta
970 4310 1083 4369 est,
1127 4300 1265 4356 sicut
1321 4299 1599 4370 Scriptura
1639 4308 1752 4358 tes-
1854 4299 2099 4370 contigit,
2129 4299 2176 4354 si
2201 4309 2484 4371 sperarent
2513 4299 2632 4356 sine
2655 4298 2820 4355 dubio
2858 4302 2909 4355 in
2937 4300 3170 4358 adventu
3197 4302 3334 4372 ejus,
3366 4303 3457 4374 qui

108 4406 283 4452 tatur
345 4414 360 4452 :
392 4411 622 4468 quaeque
658 4393 801 4450 Heva
825 4395 842 4466 (
863 4393 994 4451 Gen.
1023 4409 1112 4462 ιιι,
1143 4393 1256 4466 2οη)
1308 4409 1504 4450 nomen
1545 4393 1756 4465 accepit
1859 4393 2271 4464 praedicabatur.
2299 4408 2332 4450 a
2355 4393 2605 4464 contagio
2633 4403 2854 4464 possent
2876 4402 3096 4451 auertite
3117 4397 3308 4452 mortis
3333 4411 3464 4454 eva-

106 4491 248 4551 108
282 4507 296 4544 :
331 4504 492 4562 quam
528 4506 698 4559 aequae
729 4487 865 4562 legis
907 4487 1246 4560 praescriptio
1290 4501 1391 4544 nec
1418 4503 1450 4543 a
1471 4487 1750 4554 mercede,
1856 4487 1986 4544 dere
2017 4486 2143 4546 125.
2165 4487 2258 4543 Sic
2287 4486 2450 4558 igitur
2479 4487 2534 4542 in
2561 4488 2719 4544 terris
2747 4487 2894 4544 visus
2922 4497 3006 4544 est
3033 4489 3174 4545 Deus
3195 4497 3378 4546 tantus
3399 4505 3465 4548 ac

105 4607 243 4649 nec
287 4607 321 4646 ε
365 4589 630 4661 supplicio
669 4590 958 4660 separahat
989 4587 1110 4644 109.
1147 4585 1255 4644 Sed
1301 4596 1584 4658 postquam
1630 4585 1751 4641 uui-
1779 4588 1832 4648 D
1859 4581 1980 4636 talis
2012 4579 2154 4636 filius
2183 4579 2300 4646 Dei,
2324 4589 2584 4651 quantum
2613 4579 2698 4636 vel
2726 4581 2943 4652 qualem
2972 4581 3120 4638 illum
3155 4581 3462 4641 humanitas

100 4699 296 4743 versa
331 4683 471 4740 Deus
499 4699 594 4754 per
622 4681 940 4739 Sermonem
972 4695 1128 4737 suum
1158 4677 1236 4748 (id
1266 4685 1353 4734 est
1379 4676 1600 4750 Filium)
1627 4691 1754 4750 per-
1863 4681 2047 4744 posset
2069 4672 2337 4745 aspicere.
2364 4673 2497 4754 Nam
2525 4674 2615 4745 qui
2643 4674 2697 4730 in
2725 4683 2910 4731 monte
2936 4675 3256 4746 majestatis,
3284 4687 3340 4734 et
3363 4677 3468 4734 bo-

100 4781 280 4837 feCta
317 4787 480 4848 atque
502 4753 770 4833 exornata
799 4774 1049 4840 vidisset;
1096 4773 1277 4830 omnia
1322 4788 1444 4844 qua:
1487 4788 1609 4828 cum
1652 4773 1753 4826 ho-
1861 4768 2048 4826 uitatis
2075 4783 2190 4824 sua:
2212 4753 2450 4840 speciem
2481 4768 2721 4824 tribuens
2747 4767 3314 4843 eshibuitApostolis,
3339 4787 3463 4830 cum
3491 4771 3498 4776 ’

99 4873 290 4931 mine
318 4880 496 4938 erant,
530 4871 698 4940 ipsius
729 4867 945 4926 tradidit
965 4869 1215 4940 potestati
1247 4866 1403 4941 (Gen.
1437 4867 1480 4935 Ι,
1507 4867 1624 4936 28).
1656 4865 1756 4922 Cui
1860 4863 2024 4920 facies
2043 4864 2162 4933 ejus
2191 4861 2594 4935 splendilicaret
2616 4860 2833 4936 (Matth.
2864 4878 2995 4930 xvu,
3023 4864 3076 4930 1;
3106 4862 3239 4922 Luc.
3259 4881 3338 4934 ιιι,
3366 4866 3461 4935 29,

98 4981 264 5026 cum
293 4966 476 5021 omnia
531 4962 726 5019 tradita
755 4962 961 5018 videret
984 4960 1219 5029 Lucifer,
1256 4958 1460 5016 homini
1490 4959 1756 5016 miseran-
1858 4957 1903 5012 11
1936 4956 2079 5011 Petri
2109 4973 2146 5018 ι,
2180 4957 2296 5029 17),
2341 4964 2400 5012 ut
2434 4957 2606 5014 virtus
2634 4955 2768 5014 solis
2795 4959 3128 5028 processisse
3163 4960 3461 5031 videretur,

94 5061 242 5118 dus
273 5056 470 5114 invidit
510 5054 666 5130 (Gen.
700 5072 795 5121 ιιι,
826 5056 888 5130 1,,
909 5053 1054 5126 etc.).
1085 5052 1243 5129 (Nam
1283 5063 1364 5112 est
1404 5060 1460 5109 et
1488 5053 1621 5124 ipsis
1644 5069 1753 5109 non
1860 5059 2065 5108 vestem
2095 5061 2276 5107 autem
2298 5049 2371 5106 ita
2398 5059 2665 5124 gestaret,
2695 5058 2756 5107 ut
2783 5051 2906 5107 nive
2935 5052 3218 5110 candidior
3247 5053 3462 5111 videre-

97 5165 372 5227 peccare
399 5149 653 5217 liberum,
685 5158 740 5205 et
766 5147 1005 5215 licitum,
1043 5149 1087 5202 si
1115 5146 1264 5218 jussa
1289 5147 1662 5212 servaverint,
1700 5147 1752 5201 in
1861 5161 1979 5219 tur;
2007 5161 2062 5207 et
2089 5159 2267 5208 tamen
2290 5150 2403 5223 jam
2431 5151 2651 5219 eruditi,
2679 5153 2796 5224 jam
2820 5154 2988 5223 docti,
3015 5155 3127 5226 jam
3157 5156 3332 5212 sancti
3354 5157 3466 5213 cla-

91 5243 478 5310 beatitudine
513 5244 875 5315 permanere).
911 5243 1004 5299 Dei
1035 5243 1207 5313 legem
1240 5251 1295 5297 et
1330 5242 1476 5312 jussa
1508 5256 1605 5312 per
1635 5257 1754 5297 mu-
1859 5246 2074 5302 ritatem
2104 5261 2211 5301 non
2256 5252 2546 5316 potuerunt
2573 5245 2701 5304 Jesu
2730 5249 3002 5305 sustinere
3027 5248 3313 5319 discipuli,
3345 5248 3465 5321 ejus

95 5343 336 5399 lierem
395 5336 694 5408 transgredi
729 5335 997 5408 persuasit
1025 5334 1177 5409 (Gen.
1237 5351 1333 5401 nt,
1365 5335 1417 5400 1,
1475 5343 1524 5388 et
1569 5334 1750 5404 seq.):
1863 5339 2073 5396 scilicet
2116 5338 2208 5410 qui
2237 5339 2613 5398 universorum
2657 5340 2933 5398 hominum
2968 5342 3095 5398 vitia
3137 5358 3202 5399 ac
3245 5353 3465 5414 peccata

89 5446 186 5492 ut
235 5446 370 5489 reus
398 5432 560 5487 homo
586 5429 966 5486 mandatorum
1001 5429 1152 5486 ﬁeret
1185 5429 1313 5496 Dei,
1347 5438 1403 5485 et
1447 5428 1499 5484 in
1539 5437 1759 5484 senten—
1863 5431 2040 5490 adhuc
2061 5432 2299 5489 curanda
2321 5444 2634 5505 susceperat
2659 5434 2841 5498 (Joan.
2867 5452 2907 5502 t,
2929 5434 3046 5508 29).
3073 5435 3212 5505 Quid
3252 5439 3296 5492 si
3321 5437 3466 5496 Deus

93 5531 272 5586 tiam
314 5523 534 5581 caderet
573 5523 724 5595 (Gen.
754 5539 826 5591 ιι,
858 5522 950 5596 17)
980 5523 1100 5581 110.
1136 5522 1358 5594 Ejecms
1403 5531 1487 5579 est
1514 5522 1673 5595 igitur
1703 5522 1756 5580 in
1865 5534 2047 5583 tantus
2075 5512 2336 5594 venisset,
2367 5537 2427 5582 ut
2452 5526 2773 5595 claritatem,
2803 5537 2857 5582 et
2885 5535 3202 5597 potestatem
3234 5531 3468 5588 immini-

93 5627 295 5682 hunc
361 5619 619 5676 mundum
663 5617 896 5692 (Geues.
930 5633 1022 5684 ιιι,
1075 5618 1142 5674 17
1188 5626 1235 5672 et
1273 5635 1378 5688 seq.
1410 5617 1430 5690 )
1464 5634 1479 5672 :
1523 5633 1646 5674 nam
1703 5617 1757 5672 in
1866 5617 1968 5674 bus
1996 5617 2348 5676 ostenderet?
2379 5617 2630 5675 Forsitan
2660 5618 2836 5675 omnis
2863 5628 3111 5677 creatura
3141 5621 3373 5678 invalida
3413 5635 3469 5680 et

91 5712 430 5778 Paradiso,
461 5712 589 5770 dum
617 5713 734 5768 sine
771 5720 990 5783 peccato
1021 5711 1243 5778 fuisset,
1278 5710 1555 5768 habitabat
1599 5709 1757 5784 (Gen.
1866 5727 2059 5770 casura
2103 5713 2504 5771 succumberet.
2541 5711 2649 5770 Sed
2675 5712 2889 5770 salvare
2917 5725 3138 5773 venerat
3178 5717 3322 5775 tilius
3370 5717 3467 5775 Dei

93 5828 234 5878 ιιι,
258 5809 358 5881 25)
388 5809 513 5868 111.
543 5807 654 5868 Sed
682 5808 808 5882 quia
835 5817 959 5882 post
990 5806 1473 5882 transgressionem
1511 5804 1761 5867 homines
1872 5805 2098 5866 121.1ια
2117 5806 2280 5866 homo
2302 5815 2455 5878 parto
2476 5820 2724 5878 corpore,
2747 5806 2888 5865 Deus
2908 5807 2965 5866 in
2987 5819 3255 5882 potestate
3282 5809 3465 5887 (Joan.
