4062 6332
565 271 673 328 745

1771 272 2016 332 SANCTI
2058 272 2314 332 HILARII
2355 272 2663 334 EPISCOPI

3767 287 3875 342 7-15

566 390 692 448 uitis
748 398 804 446 et
853 389 1010 447 Dives
1065 397 1435 463 temperetur,
1488 397 1544 448 et
1596 389 1812 459 Pauper
1864 389 2177 447 sublevetur
2201 396 2251 455 Α
2279 398 2335 446 et
2379 391 2790 457 sacerdotibus,
2843 405 3033 449 verum
3084 393 3251 451 etiam
3303 395 3561 452 omnibus
3623 397 3877 456 fratribus

573 486 702 540 162.

635 576 727 632 Xl.
757 576 912 633 Nunc
951 576 1062 648 jam
1107 577 1176 634 de
1214 593 1348 634 sexu
1386 577 1694 648 loquamur.
1743 575 1919 633 Sexus
1967 576 2058 632 ille
2088 585 2174 632 est

563 670 867 736 masculus,
914 678 974 727 et
1012 670 1246 737 femina;
1279 670 1333 727 id
1375 679 1462 728 est
1498 671 1602 738 vir,
1643 678 1702 727 et
1727 670 1942 733 mulier.
1989 670 2054 725 Et
2091 671 2173 725 vir

561 764 778 837 quidem
817 775 939 835 post
963 780 1050 830 ea,
1078 781 1202 838 qum
1220 780 1384 835 supra
1406 765 1957 837 comprehendimus.
1995 764 2060 820 ad
2091 764 2172 820 in-

562 857 908 915 stitutionem
962 859 1086 915 vita:
1131 859 1378 914 melioris
1438 858 1602 915 etiam
1655 857 1786 914 illud
1839 856 2002 915 debet
2047 873 2170 914 cum

560 951 816 1009 omnibus
829 951 1133 1018 custodire,
1154 961 1209 1008 ut
1236 950 1463 1009 Uxorem
1484 967 1631 1006 suam
1643 952 1846 1025 diligat,
1871 953 2001 1007 sicut
2021 951 2174 1007 Citri-

561 1060 670 1104 stus
697 1048 880 1104 dilexit
908 1049 1196 1105 Ecclesium
1244 1047 1475 1120 (Ephes.
1523 1063 1578 1114 v,
1607 1046 1714 1119 25)
1743 1065 1759 1102 :
1791 1055 1850 1102 ut
1872 1047 2052 1106 omnia
2079 1062 2173 1120 ge-

564 1157 687 1199 rere
725 1158 833 1198 uno
859 1143 1043 1198 animo
1086 1141 1300 1214 (Codex
1347 1157 1444 1196 ms.
1498 1139 1647 1196 habet
1669 1155 1688 1194 :
1717 1150 1776 1195 ut
1798 1141 1946 1196 omni
1984 1139 2174 1210 generi

567 1235 879 1304 unianimo)
908 1234 1213 1291 concordes
1254 1234 1358 1291 rite
1389 1234 1599 1304 possint
1632 1231 1798 1288 Deum
1839 1232 1904 1288 de
1938 1232 2174 1289 omnibus

562 1328 849 1402 deprecari,
875 1330 1098 1385 levantes
1109 1345 1294 1384 manus
1320 1345 1478 1399 puras
1495 1329 1604 1382 sine
1623 1327 1706 1382 ira
1731 1337 1780 1384 et
1805 1327 2174 1398 disceptatione

559 1421 619 1493 (l
647 1421 874 1478 Timoth.
909 1438 984 1489 ιι,
1010 1419 1085 1495 8)
1136 1441 1151 1478 :
1178 1421 1273 1479 sed
1300 1423 1481 1478 omnia
1511 1421 1640 1477 fiant
1667 1420 1734 1477 ad
1757 1419 2172 1477 aedificationem

563 1514 840 1572 Deificam.
874 1515 1078 1570 Deinde
1105 1514 1506 1584 conjunctionis
1542 1513 1814 1570 vinculum
1845 1511 2037 1584 pudica
2059 1554 2074 1578 ,
2117 1521 2174 1571 et

560 1606 832 1664 communi
855 1607 1104 1664 castitate
1123 1621 1316 1678 gerere
1336 1622 1351 1673 ;
1380 1615 1437 1662 et
1459 1616 1586 1661 tunc
1606 1604 1928 1670 convenire,
1955 1603 2171 1676 quando

560 1703 646 1758 vel
671 1701 1038 1774 generationis
1066 1711 1152 1757 est
1191 1699 1608 1769 contemplatio,
1637 1708 1728 1756 aut
1754 1699 2018 1755 orationis
2060 1713 2169 1755 non

2279 481 2325 554 (l
2375 480 2523 538 Petri
2551 498 2622 549 ιι,
2673 484 2768 555 15)
2802 483 2926 540 167.
2957 484 3146 554 Neque
3175 501 3234 543 se
3268 487 3364 544 ulli
3400 503 3720 560 praeponere
3759 490 3879 546 viro

2272 575 2735 645 contemplatione
2763 591 2927 633 sexus
2952 577 3334 652 (lPetrint,7)
3359 581 3497 638 168:
3541 583 3798 653 quoniam
3825 594 3883 639 et

2273 681 2397 724 cum
2422 668 2601 723 omnia
2630 669 2867 741 legitime
2894 668 3218 740 perfecerit,
3249 671 3304 726 in
3338 672 3512 729 virum
3532 689 3886 730 consumma—

2273 760 2421 817 bitur
2441 762 2740 834 perfectum
2757 762 2977 837 (Ephes.
2998 780 3076 832 tv,
3105 764 3221 838 15).
3243 766 3357 823 lmo
3379 778 3597 839 appetat
3620 770 3882 826 virtutem

2272 865 2684 911 consecuturam
2711 857 2972 928 gloriam.
3015 873 3184 914 sexus
3212 859 3524 918 inﬁrmitate
3551 877 3657 918 non
3696 872 3884 918 retar-

2273 948 2426 1017 data,
2481 953 2770 1008 sanctitazc
2821 960 2879 1008 et
2927 953 3126 1008 virtute
3179 954 3367 1021 animi,
3427 967 3483 1012 et
3531 958 3678 1013 omni
3742 972 3889 1012 con-

2273 1041 2500 1100 tinentia
2543 1053 2600 1100 et
2631 1043 2885 1115 passione
2943 1045 3138 1102 devota
3189 1046 3319 1104 viris
3360 1046 3679 1117 iustissimis
3728 1065 3888 1106 eoa:—

2271 1145 2487 1208 quetur.

2345 1228 2460 1285 Xll.
2483 1229 2603 1287 Jam
2631 1239 2851 1288 aetatum
2885 1246 3066 1290 sermo
3094 1232 3356 1291 habeatur
3383 1235 3437 1290 in
3467 1237 3708 1294 manibus
3743 1237 3889 1295 169.

2274 1323 2343 1380 Et
2374 1327 2551 1395 primo
2579 1326 2796 1397 quidem
2843 1327 3080 1383 arbitror
3113 1327 3394 1385 infantiam
3434 1329 3796 1387 differendam
3835 1334 3894 1386 in

2273 1415 2542 1484 doctrina,
2569 1419 2694 1488 quia
2715 1419 2801 1475 vel
2819 1416 3081 1490 qualitate
3109 1424 3389 1492 temporis,
3413 1423 3498 1478 vel
3527 1425 3722 1488 aetatis,
3759 1439 3898 1479 ver-

2273 1509 2401 1565 bum
2433 1510 2672 1567 doctoris
2705 1528 2812 1568 non
2854 1521 3034 1582 potest
3069 1513 3378 1572 substituere
3411 1517 3531 1574 170.
3561 1515 3627 1572 Et
3670 1518 3900 1588 quibus

2272 1602 2524 1659 omnibus
2569 1603 2744 1659 :ctatis
2773 1603 2983 1662 defectu
3011 1604 3063 1661 in
3094 1607 3375 1672 malitiam,
3414 1617 3472 1664 et
3512 1608 3899 1665 innocentiam

2275 1695 2572 1750 naturalem
2600 1696 2717 1751 dari
2745 1707 3015 1768 praecepta
3045 1714 3150 1752 non
3179 1710 3438 1769 possunt,
3469 1702 3520 1756 in
3544 1701 3742 1757 borum
3790 1701 3903 1756 ad-

558 1802 780 1852 revocat
819 1802 1032 1865 tempus
1063 1792 1122 1866 (1
1151 1791 1272 1850 Cor.
1301 1809 1405 1860 vn,
1434 1792 1514 1865 5).
1545 1792 1860 1849 Orationem
1887 1800 2068 1848 autem
2105 1791 2172 1847 il-
2201 1794 2250 1856 B
2276 1785 2629 1843 munitionem
2660 1796 2913 1856 parentes
2933 1799 3059 1844 sunt
3078 1789 3485 1863 constringendi
3511 1810 3525 1846 :
3547 1809 3900 1864 quamquam

558 1888 666 1944 lam
696 1897 977 1958 computo,
1007 1902 1130 1959 quat
1165 1886 1312 1943 omni
1339 1894 1808 1943 sacramentorum
1842 1883 2168 1953 ministerio,

557 1990 615 2038 et
638 1982 1133 2040 communicatione
1160 1981 1467 2038 celebratur
1498 1978 1622 2037 165.
1656 1979 1928 2036 Caeterum
1967 1988 2051 2034 est
2077 1978 2172 2034 de-

557 2075 817 2147 precatio,
849 2083 905 2131 et
946 2073 1218 2141 adoratio,
1245 2072 1676 2144 exornologesis,
1704 2080 1758 2127 et
1802 2070 2172 2142 interpellatio

557 2166 603 2240 (1
628 2166 856 2222 Timotlt.
895 2182 969 2232 ιι,
1001 2165 1081 2235 1),
1112 2175 1167 2222 et
1193 2176 1412 2233 votum,
1441 2179 1564 2235 quae
1601 2163 1782 2220 omnia
1827 2179 1923 2219 sua
1971 2162 2174 2219 habent

516 2309 520 2313 .
556 2266 805 2330 tempora
831 2258 956 2314 164.
998 2256 1179 2312 Virum
1218 2256 1378 2330 igitur
1407 2257 1551 2312 decet
1590 2257 1779 2312 intecto
1818 2256 1988 2326 capite
2025 2271 2174 2310 orare

558 2351 617 2424 (1
643 2351 880 2409 Corinth.
909 2367 987 2419 ιι,
1016 2351 1050 2406 4
1079 2363 1126 2407 et
1157 2349 1213 2422 7)
1247 2369 1262 2406 :
1295 2365 1403 2408 non
1427 2360 1699 2406 comatum
1740 2347 1932 2421 (Ibid.,
1960 2365 2007 2403 υ.
2041 2347 2131 2420 14)
2155 2365 2167 2401 :

553 2445 831 2502 lncessum
854 2459 980 2502 esse
1002 2445 1330 2515 simplicem,
1354 2460 1461 2499 non
1481 2445 1768 2516 jactatum,
1787 2451 1880 2498 aut
1898 2441 2168 2509 fucatam;

554 2547 616 2595 ut
657 2553 765 2596 non
804 2537 980 2596 solum
1009 2537 1182 2594 verbo
1208 2537 1512 2593 credidisse
1531 2579 1547 2604 ,
1591 2535 1689 2593 sed
1717 2543 1773 2590 et
1803 2535 2023 2591 caeteris
2048 2549 2172 2604 spe-

555 2633 694 2690 ciem
725 2633 850 2688 vitte
879 2647 994 2688 suae
1020 2639 1262 2703 praestet.
1290 2629 1424 2686 Viro
1449 2630 1596 2686 enim
1622 2627 1770 2686 omni
1803 2627 2063 2696 competit
2084 2640 2172 2682 sa-

554 2725 845 2784 cerdotare
873 2726 983 2782 Deo
1009 2725 1069 2800 (1
1101 2724 1327 2780 Timotli.
1356 2741 1424 2791 ιι,
1458 2723 1540 2797 8).
1571 2723 1642 2780 Et
1679 2725 1751 2779 ita
1791 2722 1954 2778 debet
1981 2732 2090 2778 tam
2116 2722 2169 2778 in

554 2818 894 2876 catecltismo
937 2817 1043 2891 (Id
1083 2829 1156 2876 est
1186 2818 1239 2874 in
1287 2819 1669 2890 instructione),
1707 2832 1869 2890 quam
1900 2818 2062 2874 etiam
2115 2817 2170 2873 in

555 2913 693 2970 laica
720 2915 829 2970 vita
862 2914 1336 2971 conversationem
1379 2927 1534 2968 suam
1562 2911 1974 2968 mundissimam
2016 2909 2172 2967 exhi-

553 3007 705 3075 bere,
735 3017 794 3064 ut
818 3017 874 3065 et
897 3009 942 3064 si
971 3017 1184 3080 tempor
1213 3025 1227 3062 :
1253 3005 1365 3079 (fta
1394 3007 1584 3081 legitur
1611 3007 1665 3062 in
1690 3022 1788 3061 ms.
1820 3005 2020 3076 codice)
2052 3020 2170 3060 mu-

553 3119 686 3161 nere
725 3114 889 3176 atque
917 3102 1101 3161 officio
1129 3101 1464 3160 Sacerdotali
1505 3117 1613 3158 non
1645 3100 1906 3173 fungitur,
1935 3099 2062 3156 vitae
2083 3107 2168 3154 ta-

2275 1881 2564 1938 accedente
2589 1890 2749 1938 aetate
2786 1881 3026 1938 Ecclesia
3045 1899 3150 1939 non
3173 1884 3366 1952 deerit,
3395 1901 3496 1943 nec
3520 1887 3766 1943 cessabit
3787 1888 3899 1944 ad-

2275 1976 2567 2036 monendo.
2598 1977 2790 2033 Pueris
2810 1986 2989 2034 autem
3017 1979 3144 2034 illud
3168 1980 3542 2038 insinuandum
3580 1983 3769 2054 primo
3791 2023 3813 2049 ,
3839 1994 3902 2040 ut

2275 2069 2426 2126 nullo
2454 2069 2704 2126 audiendi
2735 2071 2914 2128 desint
2941 2081 3215 2144 tempore,
3244 2075 3367 2146 quia
3391 2091 3493 2134 nec
3540 2077 3706 2133 semel
3759 2093 3901 2146 pos—

2274 2172 2404 2219 sunt
2423 2165 2931 2235 omnia-perdoceri.
2957 2166 3165 2224 Deinde
3196 2177 3253 2224 ut
3279 2157 3634 2226 innocentiam
3660 2172 3902 2242 simpli-

2275 2258 2426 2314 citati
2455 2259 2808 2330 conjungaut,
2829 2275 2898 2315 ne
2924 2260 3209 2330 pueritiam
3241 2262 3296 2318 in
3324 2263 3539 2320 malitia:
3560 2279 3901 2334 persevera-

2276 2351 2422 2406 tione
2449 2353 2787 2407 continuent.
2811 2351 3258 2420 Cusmdiendum,
3281 2366 3338 2411 et
3361 2356 3791 2424 observandum,
3823 2374 3901 2415 ne

2275 2443 2328 2499 in
2351 2445 2564 2500 caeteris
2589 2445 2839 2502 attatibus
2857 2458 3274 2518 corrumpantur
3302 2449 3426 2506 171.
3451 2449 3681 2506 Naturali
3719 2451 3900 2510 boni-

2274 2540 2370 2596 tati
2402 2539 2528 2595 fidei
2555 2555 2768 2611 quoque
2797 2540 2997 2597 bonum
3022 2585 3038 2612 ,
3067 2552 3123 2600 et
3158 2541 3408 2599 deificum
3440 2561 3628 2600 mimus
3668 2546 3897 2616 adjuno

2273 2638 2422 2702 gant,
2449 2638 2507 2686 ut
2534 2646 2750 2703 semper
2775 2631 2937 2704 boui,
2968 2648 3186 2705 semper
3223 2636 3432 2704 sancti,
3477 2651 3684 2708 semper
3719 2639 3899 2696 inuo-

2272 2734 2480 2788 ceutcs,
2505 2740 2722 2797 semper
2753 2727 2847 2784 Dei
2886 2743 3043 2800 opus,
3076 2743 3131 2784 et
3173 2747 3280 2786 non
3327 2741 3552 2797 naturae,
3581 2732 3897 2791 traditione

2272 2817 2608 2875 credulitatis
2630 2830 2997 2890 perseverent.
3027 2822 3489 2881 Considerandum
3519 2826 3621 2880 illis
3652 2811 3797 2892 172,
3831 2837 3895 2884 ut

2273 2913 2408 2970 casti
2429 2914 2513 2970 vel
2535 2913 2716 2984 pudici
2742 2917 3468 2990 permaneant,.frcquentius
3487 2919 3549 2975 ad
3570 2920 3892 2978 Ecclesiam

2273 3007 2461 3063 venire
2511 3007 2732 3074 debere,
2779 3009 2904 3080 quia
2953 3010 3290 3081 frequentius
3338 3021 3467 3068 sunt
3509 3013 3892 3072 confirmandi

2274 3099 2412 3166 175,
2447 3100 2779 3171 frequentius
2823 3103 3242 3171 commonendi,
3275 3104 3471 3175 quibus
3499 3104 3671 3161 adhuc
3697 3121 3892 3179 prop-

554 3216 678 3256 men
708 3197 1065 3256 similitudine
1090 3197 1402 3254 sacerdotio
1427 3204 1762 3268 cozeqnetur.
1803 3197 1872 3251 At
1892 3209 2024 3251 vero
2051 3209 2168 3250 mu-
2195 3196 2242 3261 C
2275 3201 2354 3248 ter
2379 3204 2592 3250 aetatem
2639 3195 2818 3250 minus
2859 3196 3110 3252 stabilem
3160 3212 3338 3268 pugna
3369 3197 3564 3254 diaboli
3590 3197 3788 3254 futura
3816 3202 3895 3258 sit

553 3292 655 3349 lier
679 3292 844 3347 discat
865 3291 1076 3362 obsequi
1104 3291 1214 3346 viro
1237 3307 1332 3345 suo
1363 3289 1580 3360 (Ephes.
1609 3304 1663 3358 v,
1691 3288 1808 3361 22),
1839 3288 1991 3342 etiam
2017 3287 2168 3341 illum

555 3387 823 3444 dominum
843 3403 1032 3442 uocans
1063 3385 1110 3457 (1
1138 3384 1285 3440 Petr.
1312 3401 1394 3450 ιιι,
1422 3382 1481 3456 6)
1504 3401 1520 3439 :
1551 3382 1847 3454 etquidem
1873 3395 2064 3438 omnes
2089 3380 2167 3436 vi-

555 3495 648 3538 ros
689 3489 1035 3545 revereatur;
1067 3494 1169 3536 suo
1211 3490 1392 3536 tamen
1422 3478 1629 3534 serviat
1660 3496 1674 3531 ;
1710 3477 1968 3546 Quoniam
2002 3476 2167 3532 omnis

556 3573 788 3631 mulieris
815 3583 972 3645 caput
1001 3573 1076 3629 vir
1109 3571 1325 3647 (Ephes.
1353 3588 1404 3639 v,
1433 3572 1552 3644 24).
1589 3571 1737 3628 Sciat
1777 3579 1834 3627 et
1872 3571 1991 3627 haec
2017 3579 2167 3628 caste

555 3667 741 3725 vivere
769 3683 893 3725 cum
923 3668 1041 3724 viro
1080 3681 1180 3724 suo
1224 3665 1357 3740 (Tit.
1381 3682 1452 3732 ιι,
1474 3663 1532 3738 5)
1559 3683 1572 3720 :
1602 3652 1745 3736 quod
1781 3675 1838 3721 et
1871 3666 1960 3722 ille
1989 3665 2168 3723 modis

554 3760 810 3819 omnibus
836 3760 998 3818 faciat
1025 3777 1039 3815 :
1070 3761 1148 3816 ita
1178 3767 1238 3816 ut
1259 3759 1459 3816 nullam
1480 3759 1664 3826 aliam,
1695 3769 1898 3832 praeter
1919 3775 2164 3828 uxorem,
2203 3750 2210 3756 ’

556 3856 770 3914 noverit
799 3855 852 3930 (1
883 3853 1083 3911 Corint.
1112 3869 1219 3922 vn,
1255 3855 1309 3920 1,
1336 3855 1392 3921 5,
1423 3857 1572 3925 etc.).
1605 3852 1780 3910 Nosse
1821 3853 1967 3911 enim
2007 3854 2169 3910 debet

555 3957 798 4021 tempora
837 3949 1256 4014 conventionis,
1289 3955 1345 4004 et
1370 3948 1652 4004 abstinere
1677 3964 1709 4003 a
1749 3947 2165 4018 conjunctione,

555 4059 677 4101 cum
715 4055 928 4115 tempus
964 4051 1050 4101 est
1078 4043 1339 4100 orationis
1374 4041 1500 4104 165.
1535 4042 1620 4097 vel
1651 4058 1776 4098 eum
1812 4041 2005 4098 mulier
2035 4042 2170 4112 pati-

560 4147 670 4202 tur,
694 4139 782 4194 vel
809 4153 934 4195 cum
961 4146 1085 4208 post
1113 4145 1326 4208 partum
1367 4136 1506 4192 intra
1548 4144 1792 4206 tempora
1834 4135 2168 4207 purgationis

556 4245 618 4286 se
649 4246 770 4288 esse
796 4231 1134 4303 cognoverit.
1157 4229 1276 4285 Non
1299 4230 1446 4286 enim
1467 4231 1532 4283 ad
1566 4229 1955 4300 impudicitiam
1979 4230 2168 4285 matri-

556 4323 800 4380 monium
831 4323 1106 4395 c0pu|avit
1136 4322 1301 4391 Deus,
1330 4321 1427 4378 sed
1458 4333 1515 4377 ut
1535 4322 1873 4394 generationi
1901 4323 2168 4390 praeberet

556 4413 898 4485 obsequium.
948 4415 1134 4470 Discat
1178 4415 1323 4470 ﬁlios
1365 4413 1599 4471 educare
1643 4416 1731 4485 pie
1779 4415 1840 4487 (1
1879 4412 2066 4470 Timot.
2109 4431 2163 4483 v,

559 4507 628 4565 10
660 4521 674 4557 ε
703 4509 764 4564 Si
809 4509 947 4580 ﬁlios
967 4508 1226 4578 educauit)
1253 4549 1270 4575 ,
1309 4509 1673 4565 verecundam
1700 4524 1825 4566 esse
1846 4552 1860 4575 ,
1902 4527 2009 4566 non
2051 4511 2164 4566 liti-

2268 3287 2485 3358 gravior
2517 3288 2639 3344 174.
2667 3289 3017 3346 Observanda
3050 3291 3155 3346 illis
3187 3293 3368 3348 omnia
3397 3309 3516 3348 cum
3544 3294 3752 3350 timore
3777 3339 3794 3362 ,
3835 3308 3894 3355 et

2269 3390 2398 3436 ante
2444 3382 2624 3436 omnia
2671 3383 2971 3439 cavendum
3015 3399 3045 3439 a
3096 3384 3474 3452 fornicatione,
3503 3403 3620 3456 qua:
3649 3387 3890 3448 initium

2269 3471 2537 3529 idolatria:
2580 3475 2740 3532 habet
2782 3495 2794 3530 :
2825 3484 2881 3532 et
2928 3492 3157 3534 necesse
3182 3488 3265 3534 est
3297 3489 3580 3550 utrumque
3610 3484 3890 3555 noverit,

2269 3565 2362 3637 qui
2389 3577 2606 3624 secutus
2635 3568 2797 3625 fuerit
2842 3570 3073 3628 alterum
3123 3572 3246 3628 175.
3274 3572 3418 3644 Ergo
3455 3573 3733 3644 quomodo
3763 3593 3893 3634 cre-

2269 3659 2399 3717 dere
2420 3660 2738 3732 intelligitur
2759 3673 2812 3718 et
2833 3662 3061 3721 desiisse
3087 3681 3115 3720 a
3142 3668 3414 3737 gentibus,
3438 3669 3482 3723 si
3508 3684 3569 3724 ea
3594 3684 3725 3740 qua:
3747 3687 3891 3743 gen-

2271 3753 2394 3809 tiles
2442 3753 2750 3824 designant,
2782 3757 3004 3813 recolit?
3037 3758 3180 3814 Sane
3221 3757 3580 3832 obsequentes
3615 3761 3738 3817 sint
3773 3779 3888 3822 non

2271 3850 2445 3905 solum
2504 3852 2818 3921 parentibus
2863 3852 3087 3924 (Coloss.
3119 3870 3199 3920 ιιι,
3222 3854 3350 3928 20),
3379 3856 3474 3913 sed
3518 3866 3574 3913 et
3616 3861 3891 3919 omnibus

2269 3951 2430 3999 aetate
2459 3944 2756 4015 majoribus
2777 3945 3097 4020 (LPett‘iv,
3132 3948 3211 4020 5),
3243 3952 3287 4004 si
3329 3959 3508 4007 tamen
3534 3967 3728 4007 eorum
3766 3971 3892 4013 mo-

2271 4037 2403 4104 nita,
2445 4046 2502 4093 et
2545 4041 2720 4094 oratio
2777 4039 2925 4096 nihil
2960 4041 3186 4114 legitimi
3227 4042 3418 4100 afferet
3471 4045 3885 4116 impedimenti.

2271 4131 2438 4186 Deum
2465 4147 2524 4187 se
2549 4144 2862 4205 computent
2891 4135 3092 4193 habere
3117 4137 3331 4194 Patrem
3365 4138 3587 4211 (Matth.
3621 4157 3705 4208 vi,
3751 4145 3826 4217 9)
3873 4165 3888 4202 :

2269 4223 2416 4282 illius
2450 4240 2670 4298 sperare
2699 4228 2899 4285 debent
2928 4229 3302 4288 lmreditatem
3336 4230 3497 4305 (Ibid.
3520 4243 3568 4290 et
3598 4251 3742 4290 vers.
3788 4241 3889 4307 10;

2269 4325 2477 4394 Acten,
2501 4343 2590 4392 xx,
2625 4325 2721 4395 32;
2757 4327 2909 4384 Rom.
2939 4345 3063 4397 vnt,
3097 4331 3163 4385 17
3185 4346 3200 4396 ;
3224 4328 3426 4387 Coloss.
3455 4347 3540 4398 ιιι,
3572 4331 3680 4404 24)
3707 4378 3724 4396 ,
3763 4353 3892 4409 qua:

2269 4432 2375 4472 non
2428 4418 2482 4472 in
2525 4420 2911 4490 temporalibus
2939 4433 3176 4491 constat,
3218 4424 3312 4479 sed
3360 4424 3414 4480 iu
3463 4427 3708 4482 mternis.
3737 4430 3888 4498 Quin

2267 4511 2427 4566 etiam
2456 4511 2502 4567 si
2535 4511 2676 4568 Deus
2703 4512 2810 4568 illis
2838 4515 2968 4570 utile
2997 4530 3118 4571 esse
3152 4516 3490 4586 praeviderit,
3528 4522 3695 4574 etiam
3744 4532 3892 4578 tem-

553 4600 793 4672 giosam,
833 4615 941 4656 non
972 4602 1300 4657 vinolentum
1331 4599 1479 4673 (Tit.
1515 4617 1569 4668 ι,
1601 4603 1661 4668 7;
1694 4601 1896 4658 Coloss.
1937 4618 2031 4669 ιιι,
2063 4603 2160 4669 18;
2191 4612 2240 4673 ι)
2269 4602 2470 4672 poralia
2494 4605 2802 4690 praestabit;
2834 4607 3070 4663 maxime
3103 4623 3226 4663 cum
3271 4609 3465 4665 viderit
3510 4626 3889 4683 unumquem-

553 4691 836 4764 Ephes.v,
866 4693 970 4760 22;
1017 4694 1036 4751 l
1086 4692 1233 4750 Petr.
1285 4709 1375 4758 ιιι,
1452 4691 1526 4766 1),
1561 4710 1667 4749 non
1723 4695 2012 4765 superbam
2044 4694 2164 4750 viro

555 4789 712 4864 (Gen.
747 4805 836 4860 ιιι,
863 4789 966 4857 16;
998 4799 1045 4844 et
1077 4788 1179 4845 Tit.
1209 4805 1280 4854 ιι,
1307 4789 1364 4854 5,
1390 4789 1448 4855 4,
1491 4789 1564 4845 5:
1623 4788 1875 4846 Subdilas
1918 4790 2083 4853 viris;
2115 4799 2162 4844 et

553 4883 794 4941 lTimot.
838 4900 896 4951 ιι,
927 4885 1034 4953 12,
1085 4901 1246 4955 neque
1293 4884 1550 4940 dominari
1588 4884 1643 4939 in
1685 4883 1899 4954 virum),
1947 4883 2161 4940 tametsi

553 4978 884 5050 patrimonio
923 4977 1097 5051 major
1137 4978 1382 5035 videatur
1414 4979 1557 5035 166:
1590 4979 1686 5036 sed
1731 4986 1790 5034 et
1819 4979 2034 5035 incessu
2061 4994 2162 5051 pu-

551 5069 754 5139 dicam,
803 5086 914 5127 non
962 5070 1140 5128 fucata
1191 5070 1362 5128 forma
1392 5071 1688 5142 procedere
1731 5071 1772 5141 (1
1802 5071 1990 5127 Timot.
2023 5086 2097 5139 ιι,
2125 5074 2159 5128 9

551 5176 600 5222 et
653 5167 750 5234 10;
797 5166 819 5222 1
872 5165 1020 5223 Petr.
1073 5182 1166 5234 ιιι,
1215 5166 1323 5238 3):
1376 5175 1470 5221 aut
1528 5165 1922 5223 circumdatam
1980 5180 2153 5234 auro,

551 5269 644 5316 aut
671 5271 822 5317 veste
853 5261 1136 5331 preciosa:
1192 5275 1300 5314 non
1353 5260 1576 5316 studere
1626 5259 1944 5331 capillorum
1998 5260 2159 5316 incri-

551 5352 909 5422 spationibus.
934 5352 1044 5409 Sed
1091 5363 1148 5408 ut
1177 5351 1335 5408 decet
1381 5351 1631 5410 lcetninas
1650 5353 1987 5408 Christianas
2033 5367 2158 5424 pro-

552 5445 833 5503 mittentes
861 5447 1166 5503 castitatem
1196 5462 1304 5503 non
1337 5454 1541 5500 tantum
1567 5445 1747 5502 verbis
1768 5488 1783 5514 ,
1812 5447 1906 5503 sed
1941 5463 2035 5518 per
2066 5447 2161 5503 bo-

563 5553 687 5593 nam
712 5539 1185 5594 conversationem
1248 5536 1317 5609 (l
1382 5536 1496 5592 Pet.
1549 5553 1621 5599 ιι,
1682 5539 1786 5602 12;
1835 5553 1916 5606 ιιι,
1961 5539 2012 5601 1.
2068 5538 2156 5610 2)

2266 4709 2371 4765 que
2423 4705 2626 4753 interna
2668 4699 2862 4754 sectari
2894 4717 2906 4752 :
2940 4699 3075 4756 Filio
3105 4700 3254 4772 ejus,
3291 4703 3517 4760 Domino
3541 4718 3740 4762 metro
3761 4749 3779 4768 .
3807 4712 3894 4767 di-

2265 4798 2424 4843 cente
2451 4787 2690 4860 (Mallia,
2723 4807 2800 4859 vr,
2831 4791 2924 4866 55)
2960 4810 2973 4847 :
3007 4791 3244 4849 Primum
3263 4799 3476 4866 quwrite
3497 4815 3719 4871 regnant
3761 4803 3886 4869 Dei,

2264 4889 2312 4934 et
2345 4881 2454 4937 hac
2487 4883 2662 4938 omnia
2699 4895 3022 4956 opponentur
3064 4888 3225 4944 vobis.
3263 4889 3416 4948 Unde
3468 4893 3600 4948 nulli
3643 4894 3887 4956 dubium

2261 4974 2398 5043 fore,
2431 4975 2515 5032 bis
2543 4979 2756 5049 copiam
2806 4983 3235 5039 necessariarum
3264 5001 3445 5041 rerum
3476 4988 3527 5043 in
3569 4990 3756 5046 terri§
3776 5012 3888 5050 lmu

2264 5069 2588 5131 defuturam.
2637 5073 2834 5144 quibus
2886 5076 3130 5133 coelestia
3181 5090 3556 5151 praeparantur
3609 5081 3798 5153 (Ibid.
3839 5101 3889 5143 et

2262 5179 2394 5218 vers.
2419 5161 2536 5234 54).
2560 5163 2705 5237 Ergo
2726 5167 2850 5238 quia
2878 5183 2908 5224 a
2935 5168 3050 5224 Deo
3076 5168 3193 5226 haec
3235 5172 3502 5243 speranda
3539 5185 3708 5244 sunt,
3743 5180 3887 5244 nulli

2263 5257 2669 5329 obsequendum
2732 5278 2744 5313 :
2798 5262 2908 5318 imo
2955 5263 3206 5319 omnibus
3254 5265 3702 5338 obsequendum,
3751 5273 3885 5342 quia

2263 5351 2406 5406 Deus
2427 5353 2541 5408 vult
2565 5372 2579 5407 :
2613 5370 2721 5411 non
2751 5357 2875 5427 quia
2901 5357 2971 5412 ab
3015 5358 3133 5428 ipso
3162 5364 3488 5431 temporarie
3514 5366 3733 5434 sperari
3777 5367 3882 5423 de—

2261 5444 2386 5502 beat
2412 5446 2615 5518 aliquid
2645 5451 2850 5520 praemii
2879 5470 2894 5506 :
2926 5453 3021 5508 sed
3059 5454 3182 5526 quia
3230 5455 3321 5511 Dei
3350 5457 3511 5512 etiam
3541 5458 3598 5512 in
3628 5457 3718 5514 liis
3745 5460 3883 5532 legi-

2262 5546 2389 5601 tima
2416 5547 2690 5618 complere
2709 5551 3153 5621 contendimus,“
3177 5549 3325 5608 Petri
3343 5569 3403 5621 ιι,
3452 5554 3563 5626 13).
3581 5554 3882 5615 Postremo

551 5628 699 5686 Sciat
739 5645 800 5688 se
841 5640 1020 5688 tacere
1055 5631 1259 5688 debere
1287 5631 1340 5686 in
1374 5629 1650 5696 Ecclesia;
1693 5630 1840 5702 loqui
1879 5634 2024 5687 enim
2055 5632 2164 5689 illis
2257 5637 2637 5707 gratulandum
2667 5640 2785 5706 bis,
2811 5641 2866 5696 in
2898 5641 3076 5712 primo
3114 5644 3340 5700 exordio
3387 5645 3544 5702 liberi
3583 5648 3803 5705 arbitrii
3833 5653 3878 5706 si

551 5737 660 5778 non
682 5733 762 5778 est
779 5737 1080 5796 congruum
1119 5722 1166 5797 (1
1187 5721 1377 5778 Timot.
1406 5738 1476 5790 ιι,
1506 5725 1568 5781 11
1597 5734 1643 5778 et
1673 5723 1774 5789 12;
1803 5732 1849 5777 et
1875 5723 1895 5777 1
1925 5721 2160 5779 Corinth.

556 5831 669 5883 xiv,
697 5815 814 5887 51).
837 5817 1048 5874 Debere
1071 5815 1295 5888 obsequi
1316 5833 1426 5876 non
1452 5827 1658 5879 tantum
1682 5817 1980 5890 majoribus
2005 5826 2158 5890 natu,

2257 5728 2326 5785 ad
2367 5731 2534 5788 Deum
2589 5735 2942 5802 accesserint,
2974 5752 3189 5793 omnem
3241 5747 3457 5800 aetatem
3516 5756 3669 5798 suam
3728 5745 3877 5800 bono

2262 5821 2385 5878 fidei
2414 5837 2796 5896 comparantes
2829 5845 2841 5882 :
2872 5827 3016 5900 quod
3067 5845 3172 5887 non
3217 5843 3595 5894 consummata
3621 5844 3790 5896 atate
3819 5838 3875 5896 in
