4062 6332
227 269 336 328 715

225 477 407 533 adhuc
462 477 610 548 pucri
641 488 694 531 et
742 477 1081 542 innocentes,
1113 475 1178 529 ad
1229 476 1322 530 Dci
1365 493 1470 528 non
1502 484 1708 530 tantum
1744 491 1829 529 γε·

226 571 398 637 niam,
423 583 683 642 quantum
707 571 935 642 gratiam
967 570 1327 626 acces.~issent
1369 572 1828 642 consequendam.

300 663 440 720 Xlli.
463 663 697 721 Juvenes
728 679 859 721 vero
886 663 989 720 hoc
1025 670 1154 720 sunt
1188 663 1511 718 admonendi
1545 664 1704 719 modo
1725 704 1739 728 ,
1775 672 1835 718 ut

225 759 274 814 si
308 773 507 814 uxores
537 757 760 827 habent,
791 758 1087 814 doceantur
1112 765 1262 814 caste
1284 758 1468 814 vivere
1493 775 1614 813 cum
1647 759 1835 813 uxori-

225 853 327 910 bus
360 853 496 908 suis.
523 853 772 909 Alienum
807 855 982 909 sciant
1007 854 1331 908 sceleratum
1367 866 1492 907 esse
1521 851 1835 922 contingere

229 944 274 1018 (l
301 945 536 1003 Corinth.
573 960 668 1010 vn,
696 945 771 1015 1).
813 943 871 1000 In
904 945 1006 1000 hoc
1024 944 1175 1000 dabit
1205 943 1636 1015 experimentum
1658 953 1710 998 et
1738 943 1837 998 do-

225 1052 575 1107 contentum,
609 1042 955 1098 renuntiasse
1010 1058 1070 1098 se
1110 1057 1236 1098 vere
1266 1043 1392 1098 vita:
1434 1042 1754 1113 praeteritur,
1789 1042 1832 1097 si

225 1146 513 1207 postquam
541 1133 855 1199 crediderit,
892 1135 944 1189 in
975 1135 1172 1191 melius
1202 1135 1324 1190 vitre
1377 1135 1446 1190 sit
1499 1134 1831 1191 reformatio.

224 1225 383 1284 Tunc
409 1229 554 1284 enim
601 1229 797 1283 desinit
830 1243 952 1284 esse
978 1229 1212 1300 gentilis,
1247 1240 1440 1285 etesse
1475 1229 1647 1282 initiat
1685 1229 1836 1283 Chri-

226 1322 471 1388 stianus,
522 1322 567 1376 si
612 1321 860 1379 universa
893 1324 1028 1394 legis
1057 1335 1213 1380 caute
1261 1323 1596 1390 custodiens,
1626 1333 1834 1381 castum

227 1429 289 1471 se
332 1416 581 1472 exhibeat
624 1426 680 1472 et
725 1416 974 1488 pudicum
1008 1417 1049 1489 (1
1091 1417 1211 1473 Cor.
1260 1418 1400 1490 vtt,).
1434 1418 1489 1474 Si
1531 1416 1838 1476 verumsu-

226 1524 320 1564 res
350 1526 454 1563 non
488 1509 708 1577 habent,
743 1510 1150 1581 constringeudi
1181 1520 1326 1574 sunt,
1359 1521 1534 1566 utaut
1581 1511 1834 1578 habeant,

227 1611 327 1658 aut
354 1603 574 1659 omnino
605 1619 664 1658 se
691 1604 1004 1659 ccutiueaut
1029 1645 1042 1669 ,
1076 1619 1144 1660 ne
1176 1614 1363 1681 putent
1406 1606 1507 1661 sibi
1541 1605 1730 1660 eadem
1775 1605 1826 1660 li-

227 1713 380 1766 cere,
412 1714 533 1770 qua:
579 1699 805 1771 agebant
849 1712 1004 1753 antea
1036 1697 1255 1769 (Coloss.
1290 1716 1365 1759 tn.
1396 1700 1459 1764 5;
1498 1699 1629 1768 Ιίῖριι.
1666 1715 1719 1766 v,
1752 1700 1832 1770 5).

1411 267 1747 327 EPISTOLA
1786 267 1920 326 SEU
1965 268 2317 328 LIBELLUS.

226 400 440 452 errore,
462 390 718 442 utessent
737 383 1080 456 postmodqu
1107 382 1248 454 quod
1272 383 1546 450 dolerent;
1570 383 1826 455 sedquod
1855 393 1902 451 Α
1932 393 2074 456 agat.
2108 386 2163 441 Si
2194 387 2348 441 miles
2373 395 2476 454 est,
2532 386 2614 443 vel
2665 387 2932 455 ofﬁcialis,
2967 398 3058 445 aut
3087 388 3287 464 (Codex
3313 409 3409 449 ins.
3442 395 3536 448 ha-

3425 275 3534 335 746

1935 481 2036 545 bet,
2065 480 2157 552 an)
2186 480 2382 546 Judex,
2417 490 2474 536 nt
2496 482 2824 538 moderetur.
2859 483 3133 549 Rusticus,
3157 497 3214 540 ut
3246 502 3351 542 non
3384 505 3536 542 ιιιιιι·ο

1937 584 2134 631 muret.
2169 575 2522 642 Urbanusﬁtt
2552 592 2656 630 non
2691 575 2987 644 subdolus,
3023 585 3079 632 et
3113 578 3536 650 circumspector

1935 669 2037 734 sit,
2063 681 2113 725 et
2146 685 2213 724 ne
2256 670 2307 724 in
2352 672 2516 726 rebus
2546 671 2705 726 malis
2743 685 2898 726 suum
2944 681 3197 728 exerceat
3234 674 3529 745 ingenium.

1934 762 2282 834 Negotiator,
2313 771 2374 817 ιιι
2421 780 2526 818 non
2575 764 2801 834 pejerct.
2842 764 3124 836 Agricola,
3178 773 3236 822 ut
3263 782 3533 824 annonam

1941 870 2048 912 non
2076 863 2276 926 captet.
2311 854 2533 925 Opifex,
2567 862 2628 910 ιιι
2655 872 2759 912 non
2790 858 3006 922 illudat,
3040 871 3133 913 aut
3160 858 3313 915 fallat
3341 861 3464 917 185.

2009 948 2127 1004 XV.
2173 949 2266 1003 Est
2291 960 2469 1004 autem
2502 949 2668 1014 fides,
2696 959 2756 1004 ut
2795 951 2984 1007 deﬁnit
3014 956 3292 1022 apostolus
3338 956 3537 1012 Paulus

1938 1040 2124 1116 (Hebr.
2156 1058 2241 1108 ιιι,
2293 1041 2369 1114 1),
2405 1042 2710 1097 Substantia
2753 1060 2960 1110 rerum,
2989 1063 3116 1116 (pias
3156 1066 3420 1114 speramus
3443 1091 3456 1114 ,
3491 1057 3543 1104 et

1939 1134 2097 1190 index
2125 1151 2316 1200 rerum,
2357 1154 2484 1208 quas
2524 1155 2625 1192 non
2652 1137 2901 1193 videmus.
2926 1139 3161 1198 Credere
3191 1154 3243 1197 et
3287 1143 3388 1199 fide
3419 1148 3540 1213 quis

1938 1230 2098 1285 debet
2121 1272 2134 1296 ,
2155 1232 2297 1301 quod
2326 1232 2466 1286 Deus
2489 1247 2550 1286 ea
2585 1248 2703 1303 qua:
2735 1234 2998 1301 promisit,
3035 1247 3221 1306 potens
3249 1249 3331 1292 est
3356 1249 3408 1292 et
3439 1239 3543 1292 im-

1943 1323 2111 1392 plere,
2154 1332 2208 1378 et
2235 1339 2385 1394 spem
2416 1339 2566 1380 suam
2601 1327 2652 1380 in
2689 1325 2923 1383 futurum
2963 1331 3277 1387 transferre.
3315 1332 3381 1387 Et.
3412 1343 3538 1389 tunc

1941 1412 2047 1470 ﬁde
2077 1415 2230 1482 plena
2264 1417 2461 1486 poterit
2487 1418 2552 1471 ad
2577 1433 2797 1488 ea,qu:n
2822 1421 3082 1489 promissa
3113 1433 3258 1488 sunt,
3287 1423 3537 1480 facillime

1941 1508 2224 1576 pervenire
2247 1507 2405 1580 (Heb.
2449 1508 2606 1582 31,1).
2628 1510 2752 1566 Haec
2774 1513 2927 1568 nobis
2952 1514 3237 1571 invisibilia
3261 1527 3387 1573 ante
3409 1534 3537 1574 ocu~

1942 1601 2022 1656 los
2045 1603 2210 1671 ponit.
2241 1601 2320 1657 Ad
2353 1603 2490 1658 hanc
2521 1605 2772 1675 ingressi,
2791 1616 2844 1661 et
2873 1607 3104 1675 Diaboli,
3131 1620 3184 1664 et
3215 1621 3538 1680 potestatum

1942 1693 2100 1763 lmjns
2131 1695 2338 1760 mundi,
2369 1704 2427 1751 et
2455 1695 2646 1752 harum
2690 1698 3031 1754 tenebrarum
3061 1701 3304 1758 universa
3337 1703 3542 1760 deseri-

227 1793 593 1849 Reuuntiasse
619 1807 679 1849 se
706 1792 908 1848 debent
930 1792 1071 1848 seire
1101 1793 1356 1858 Diabolo,
1383 1807 1490 1847 non
1521 1793 1722 1860 verbis,
1743 1793 1836 1849 sed
1869 1799 1917 1861 Β
1943 1800 2063 1842 mus
2089 1784 2252 1856 (Eph.
2293 1803 2367 1854 vr,
2385 1789 2472 1854 11,
2494 1787 2647 1861 etc.):
2677 1790 2787 1846 Deo
2807 1807 2929 1847 cum
2955 1793 3141 1849 ﬁducia
3177 1799 3545 1866 proximamus

230 1884 413 1940 factis.
445 1884 884 1950 Admoneantur,
914 1893 968 1939 et
997 1886 1168 1939 sciant
1201 1883 1485 1940 interdicta
1519 1900 1639 1940 esse
1672 1886 1840 1940 forni-

1944 1880 2070 1936 186.
2102 1879 2342 1938 Credere
2371 1883 2538 1948 enim,
2571 1893 2622 1939 et
2645 1899 2865 1955 sperare
2890 1903 3111 1946 necesse
3141 1901 3224 1946 est
3254 1909 3373 1962 quae
3404 1895 3545 1950 Deus

230 1977 504 2032 catiouem
549 1986 605 2032 et
625 1976 976 2032 adulterium.
999 1975 1209 2031 Nullam
1237 1977 1487 2032 feminam
1522 1977 1686 2033 licere
1709 1993 1842 2034 con-
1938 1974 2118 2042 jussit,
2149 1988 2270 2029 eum
2291 1989 2410 2044 qua:
2439 1975 3395 2056 Diabolusinseruerat,abuegamus.
3419 1987 3540 2043 187.

232 2068 464 2140 tingere,
499 2078 724 2140 excepta
757 2085 947 2136 uxore,
982 2077 1037 2123 et
1066 2069 1233 2138 ipsam
1259 2069 1452 2124 dcilice
1472 2080 1837 2139 comparatam

232 2160 362 2217 176.
387 2161 571 2229 Itaque
586 2170 677 2216 aut
705 2161 811 2216 illis
833 2160 1076 2217 ducenda
1105 2171 1189 2218 est
1220 2177 1355 2216 uxor
1388 2161 1428 2232 (Ι
1451 2160 1713 2228 Corinth.,
1740 2179 1836 2227 vn,

230 2256 290 2320 9,
327 2255 431 2321 Qui
457 2272 510 2310 se
553 2271 656 2309 non
711 2257 992 2322 continent,
1052 2254 1308 2328 nubant),
1339 2267 1431 2310 aut
1471 2256 1840 2327 amplectenda

231 2349 588 2406 continentia.
629 2350 772 2407 Sane
811 2365 880 2404 ne
929 2349 1100 2406 territi
1143 2348 1302 2406 ﬁdem
1347 2349 1631 2416 diﬂcrant,
1669 2351 1844 2407 sciaut

234 2441 442 2497 malum
471 2456 592 2498 esse
614 2451 837 2513 propter
878 2441 1273 2498 immunditiam
1294 2440 1405 2497 non
1434 2442 1660 2499 credere
1693 2444 1795 2498 177
1826 2461 1838 2498 :

234 2538 479 2594 deterius
501 2552 620 2593 esse
647 2537 968 2608 impudicos,
993 2546 1276 2609 postquam
1305 2537 1657 2604 crediderint,
1690 2536 1842 2592 inve-

237 2631 364 2685 niri.
393 2628 860 2686 Considerandum
886 2629 1194 2700 juvenibus,
1220 2640 1278 2684 ut
1322 2630 1375 2685 in
1419 2629 1670 2685 omnibus
1694 2630 1846 2685 factis

236 2731 457 2778 aetatem
489 2738 643 2778 suam
684 2731 977 2792 superent,
1009 2722 1190 2777 animo
1226 2731 1280 2778 et
1315 2723 1512 2780 virtute
1542 2721 1711 2778 fortes
1749 2738 1761 2775 :
1794 2731 1850 2778 et

235 2816 384 2888 apud
409 2816 719 2872 interiorem
746 2815 1018 2871 hominem
1072 2815 1138 2889 (ll
1167 2813 1289 2870 Cor.
1337 2831 1408 2883 Iv,
1465 2815 1553 2885 16)
1595 2815 1846 2884 iuvenes;

237 2909 286 2982 (Ι
310 2908 546 2965 Corinth.
582 2926 689 2974 xtv,
744 2908 838 2980 20)
906 2910 1046 2966 inter
1093 2924 1252 2965 senes
1300 2909 1407 2964 Deo
1445 2908 1628 2979 judice
1674 2908 1844 2963 collo-

237 3012 437 3058 centur
463 3003 586 3058 178.
615 3001 1009 3059 Gratulandum
1032 3001 1194 3057 etiam
1224 3000 1368 3074 quod
1393 3015 1498 3056 non
1521 3001 1668 3056 omni
1690 3010 1849 3056 aetate

238 3106 620 3153 consummata
641 3139 657 3162 ,
685 3095 782 3152 sed
825 3096 880 3151 in
911 3097 1029 3166 ipso
1070 3106 1286 3152 aetatum
1317 3095 1520 3156 calore.
1555 3103 1612 3152 et
1649 3094 1703 3151 in
1734 3094 1848 3166 ipsa

2015 2064 2154 2120 XVI.
2193 2064 2377 2121 Fidem
2406 2082 2532 2137 spes
2556 2069 2822 2138 sequitur.
2871 2073 3056 2144 Itaque
3084 2076 3152 2131 de
3197 2077 3310 2148 ipsa
3357 2079 3547 2151 loqua-

1943 2172 2083 2212 mur.
2119 2158 2213 2214 Est
2239 2160 2400 2227 igitur
2430 2175 2555 2231 spes
2579 2165 2868 2234 expectatio
2891 2183 3059 2221 rerum
3086 2171 3312 2225 omnium
3345 2177 3546 2244 futura-

1943 2264 2080 2312 rum,
2130 2266 2257 2320 quas
2305 2253 2358 2305 in
2404 2252 2510 2321 ﬁde
2556 2253 2801 2309 habemus
2834 2273 2853 2310 :
2902 2272 2997 2326 per
3039 2275 3198 2327 quam
3249 2264 3544 2330 salvamur,

1945 2339 2112 2394 Paulo
2138 2343 2412 2400 scribente
2449 2347 2696 2415 apostolo
2727 2347 2930 2419 (Hann,
2949 2365 3066 2418 vrtt,
3098 2352 3191 2425 24)
3217 2371 3236 2409 ;
3265 2355 3374 2426 Spe
3414 2359 3548 2412 enim

1945 2431 2131 2487 saluati
2156 2450 2352 2490 sumus.
2377 2433 2513 2506 Spes
2540 2447 2745 2504 autem,
2769 2457 2888 2510 qum
2908 2443 3140 2512 videtur,
3171 2461 3276 2502 non
3295 2457 3380 2504 est
3401 2465 3547 2520 spes.

1946 2526 2101 2594 Quod
2131 2540 2309 2585 autem
2338 2530 2505 2597 videt,
2539 2533 2658 2602 quis
2702 2537 2928 2604 sperat?
2959 2537 3014 2592 Si
3055 2550 3236 2596 autem
3267 2543 3410 2613 quod
3441 2560 3549 2600 non

1946 2618 2213 2687 videmus,
2243 2637 2548 2692 speramus,
2565 2640 2659 2694 per
2683 2626 2995 2696 patientiam
3025 2644 3394 2704 expectamus.
3424 2636 3552 2693 Haec

1949 2711 2003 2765 in
2032 2726 2092 2767 se
2125 2712 2286 2768 habet
2307 2713 2554 2770 timorem
2587 2733 2600 2770 :
2626 2733 2731 2772 non
2756 2719 2902 2773 illutn
2931 2719 3075 2787 diro,
3095 2725 3249 2792 cujus
3279 2725 3552 2797 oblivisci,

1949 2813 2004 2858 et
2035 2819 2193 2875 quem
2243 2804 2389 2862 foras
2433 2807 2596 2863 debet
2627 2810 2842 2866 mittere
2868 2814 3110 2882 quisquis
3144 2817 3192 2870 in
3238 2817 3345 2874 ﬁde
3384 2819 3549 2884 vivit;
3601 2813 3604 2820 ’

1949 2895 2044 2951 sed
2060 2895 2155 2966 qui
2175 2913 2312 2952 unus
2338 2898 2407 2954 de
2435 2901 2736 2970 spiritibus,
2766 2905 2962 2972 quibus
2984 2908 3224 2977 repletur
3249 2909 3427 2974 Jesns,
3447 2914 3552 2969 sic-

1951 2996 2011 3042 ut
2041 2988 2203 3045 lsaias
2231 3000 2393 3047 testat
2415 3009 2460 3047 tr
2514 2992 2648 3065 (lsa.
2680 3012 2755 3061 XI,
2785 2995 2836 3068 1)
2865 3014 2876 3050 :
2912 2996 3062 3054 Exiet
3085 3002 3226 3074 virga
3263 3003 3328 3058 de
3375 3006 3551 3060 radice

1950 3083 2127 3150 Iesse,
2176 3096 2222 3140 et
2265 3087 2364 3157 ﬂos
2416 3087 2479 3142 de
2518 3089 2692 3145 radice
2730 3093 2844 3160 ejus
2885 3095 3144 3162 ascendet,
3185 3107 3235 3150 et
3278 3098 3556 3167 requiescet

241 3191 614 3246 adolescentia
643 3187 974 3259 ﬂagitiorum
990 3190 1189 3244 auctori
1212 3188 1461 3249 Diabolo,
1486 3187 1850 3243 etimmuudis
1879 3196 1923 3260 (ς
1953 3193 2108 3249 ϐαρεῖ
2149 3195 2266 3234 eum
2309 3182 2524 3252 spiritus
2567 3183 2852 3254 sapientire,
2884 3197 2931 3240 et
2952 3188 3238 3243 intellectus
3262 3231 3277 3256 ,
3323 3193 3558 3260 spiritus.

242 3284 410 3340 factis
453 3282 921 3340 renuntiaverint:
963 3293 1018 3338 et
1043 3281 1286 3339 renovati
1316 3281 1609 3338 exhibeant
1646 3297 1704 3336 se
1739 3281 1853 3337 Deo

244 3391 419 3450 puros
447 3377 499 3431 in
527 3373 942 3448 malitia(1bid.)
977 3374 1072 3430 :Iu
1094 3374 1481 3430 tentationihus
1510 3373 1768 3444 juvenes;
1799 3372 1853 3428 in

248 3469 526 3537 consiliis,
559 3477 611 3526 et
643 3467 1058 3538 cogitationibus
1090 3482 1249 3522 senes
1271 3481 1459 3536 graves
1493 3467 1615 3522 179.
1650 3466 1714 3519 Et
1756 3463 1856 3520 hos

247 3579 444 3620 omnes
475 3561 774 3620 monendos
804 3577 926 3618 es~e
965 3561 1240 3624 existimo,
1269 3570 1324 3614 ιιι
1354 3559 1605 3614 erunibus
1639 3567 1858 3630 propter

257 3659 434 3714 Deum
485 3658 852 3728 obsequantur
882 3654 922 3728 (l
968 3653 1111 3708 Petr.
1154 3669 1214 3720 ιι,
1262 3653 1349 3725 15)
1389 3671 1402 3706 :
1448 3651 1666 3708 dommn
1705 3666 1856 3706 suam

249 3753 393 3808 bene
418 3767 609 3823 regere
638 3751 850 3806 discant
874 3748 920 3820 (ι
953 3748 1086 3804 Tim.
1131 3763 1166 3802 v
1187 3790 1201 3814 ,
1259 3747 1315 3806 4)
1343 3766 1354 3801 :
1391 3748 1435 3802 si
1469 3747 1608 3804 ﬁlios
1639 3746 1858 3811 habent,

247 3847 344 3919 pie
373 3855 604 3902 tractent
629 3843 819 3920 (Ibid.,
850 3860 979 3900 vers.
1007 3843 1110 3909 10;
1156 3840 1258 3898 Tit.
1299 3857 1356 3906 tt,
1408 3839 1489 3910 4),
1514 3850 1569 3896 ει
1596 3840 1864 3894 instruant

251 3942 420 3999 rebus
447 3941 692 3997 deiﬁcis:
727 3941 840 3996 haec
872 3939 1016 3995 enim
1045 3939 1197 4010 signa
1233 3946 1361 3992 sunt
1393 3935 1514 3992 ﬁdei
1547 3944 1778 4001 nostrae,
1813 3936 1860 3989 si

253 4050 368 4090 non
407 4034 579 4088 solum
633 4032 1060 4096 crediderimus,
1104 4045 1290 4087 verum
1331 4030 1495 4086 etiam
1539 4028 1685 4092 aliis,
1743 4043 1865 4099 qua:

251 4127 675 4191 crediderimus,
710 4125 1091 4182 tradiderimus
1118 4124 1242 4181 180.

329 4220 472 4276 XIV.
500 4219 695 4276 Milites
728 4219 930 4275 Chrisﬁ
963 4219 1134 4275 sciant
1175 4233 1234 4274 se
1268 4218 1319 4273 in
1346 4231 1480 4288 pace
1508 4215 1708 4272 debere
1745 4230 1868 4272 esse

253 4315 558 4380 sollicitos,
587 4322 640 4370 et
680 4314 734 4368 iu
777 4313 1151 4385 persecutione
1193 4312 1537 4368 fortissimos.
1563 4310 1639 4366 Ita
1668 4326 1866 4365 nomen

254 4408 468 4464 militia:
495 4405 732 4470 dedisse,
761 4417 815 4462 et
842 4405 1094 4462 donativa
1123 4405 1206 4462 vel
1239 4403 1502 4473 stipendia
1539 4404 1621 4460 sic
1647 4417 1869 4474 Sperare

233 4504 388 4559 vitae
417 4511 634 4558 eneruat
664 4502 758 4557 181
787 4541 803 4568 ,
832 4509 892 4555 ut
929 4509 1127 4571 praeter
1163 4499 1470 4571 quotidiana
1521 4499 1670 4570 pacis
1696 4507 1870 4554 certa-

1958 3275 2183 3328 scientite
2224 3285 2273 3329 et
2315 3275 2536 3345 pietatis,
2577 3286 2622 3331 et
2649 3277 2859 3348 replebit
2911 3279 3060 3334 illum
3111 3283 3324 3350 spiritus
3363 3285 3560 3340 timoris

1957 3366 2210 3422 Domini:
2252 3367 2406 3423 Illum
2438 3370 2718 3439 spiritum,
2764 3387 2922 3442 quem
2971 3373 3135 3430 David
3183 3378 3326 3432 canit
3373 3378 3562 3434 dicens

1959 3457 2133 3530 (Psal.
2188 3475 2397 3527 xxxttt,
2450 3459 2541 3533 10)
2584 3479 2596 3515 :
2660 3461 2851 3519 Timete
2891 3464 3189 3532 Dominum,
3247 3466 3386 3524 Justi
3427 3472 3555 3542 ejus.

1960 3551 2117 3609 Unde
2146 3563 2202 3608 et
2244 3554 2382 3610 beati
2411 3554 2743 3621 efﬁciuntur,
2777 3557 2967 3615 eodem
3002 3569 3356 3630 prmestante,
3384 3571 3439 3617 et
3483 3565 3564 3618 di-

1961 3657 2120 3706 cente
2151 3647 2270 3719 (Ps.
2305 3666 2410 3714 est,
2446 3649 2499 3723 1)
2545 3669 2558 3706 :
2593 3649 2780 3706 Beatus
2808 3654 2884 3707 vir
2901 3656 3144 3722 quitimet
3171 3654 3469 3712 Dominum.
3503 3659 3568 3713 ll-

1963 3744 2072 3800 lum
2101 3746 2349 3800 timorem
2381 3745 2638 3816 dicit,qui
2657 3755 2836 3803 castus
2865 3756 2950 3802 est
2970 3759 3019 3803 et
3039 3751 3284 3818 pudicus.
3305 3750 3564 3816 Quoniam

1965 3841 2119 3895 timor
2152 3839 2360 3894 Domini
2385 3850 2576 3908 castus,
2622 3841 2797 3911 inquit
2823 3841 2994 3898 David
3021 3843 3192 3916 (Psal.
3249 3860 3401 3908 xvnt,
3436 3846 3563 3917 10),

1965 3941 2226 4006 permanet
2261 3933 2316 3986 in
2341 3933 2586 3988 sarculum
2613 3935 2809 3989 stecuti.
2841 3934 2985 4005 Ergo
3028 3935 3224 4004 duplex
3273 3947 3355 3992 est
3404 3937 3566 3993 ctiant

1967 4029 2150 4094 timor,
2189 4036 2246 4084 et
2293 4042 2431 4083 unus
2475 4028 2811 4098 appetendos
2855 4039 2910 4083 et
2961 4028 3099 4085 alius
3134 4031 3438 4101 fugiendus.
3471 4033 3570 4087 Est

1969 4126 2130 4196 igitur
2181 4125 2343 4180 timor
2365 4123 2723 4196 appetendos,
2761 4123 3082 4189 admonitio,
3107 4134 3162 4182 et
3205 4127 3447 4182 cuStodia
3477 4143 3565 4183 re-

1970 4232 2088 4273 rum
2116 4217 2384 4284 omnium,
2405 4231 2540 4284 quas
2566 4215 2840 4273 credimus
2877 4225 2967 4271 aut
3024 4232 3304 4288 Speremus
3334 4235 3346 4272 :
3377 4219 3568 4275 timea-

1973 4326 2094 4366 mus
2117 4312 2262 4367 enim
2309 4309 2600 4380 Judicium,
2633 4311 2756 4379 quia
2807 4325 3124 4379 speramus;
3172 4323 3226 4367 et
3270 4324 3574 4371 metuamus

1973 4403 2284 4470 Domimnu,
2315 4402 2439 4474 quia
2470 4404 2662 4460 fortem
2695 4403 2846 4459 illum
2878 4403 3123 4460 Judieem
3154 4405 3447 4463 credimus.

2048 4497 2212 4554 XVII.
2253 4495 2363 4553 Sed
2389 4496 2642 4568 quoniam
2689 4505 2868 4554 castus
2893 4506 2979 4552 est
3018 4497 3180 4552 timor
3224 4498 3357 4567 Dei,
3395 4510 3450 4557 et
3487 4511 3573 4558 est

258 4596 434 4659 mina,
463 4609 583 4665 quae
611 4594 751 4650 circa
781 4592 1063 4649 Diabolum
1087 4633 1102 4656 ,
1131 4593 1216 4647 cui
1249 4591 1694 4658 renuntiavimus,
1727 4591 1873 4663 geri-
1901 4594 1949 4656 D
1974 4590 2195 4646 castitas
2221 4589 2430 4659 Species
2453 4591 2837 4656 continentia};
2874 4589 2941 4646 de
2978 4590 3310 4648 continentia
3350 4601 3407 4649 et
3456 4595 3575 4662 ejus

261 4703 422 4751 mus,
454 4685 937 4756 persecutionionis
979 4699 1208 4757 pugnam
1250 4695 1304 4740 et
1341 4684 1524 4755 prrelia
1573 4684 1874 4756 cogitemus

266 4777 396 4836 182.
420 4777 536 4834 Non
567 4778 811 4848 corporis
839 4777 1102 4848 supplicia
1134 4776 1454 4844 metuenda;
1489 4777 1585 4833 sed
1627 4777 1877 4834 conside-

261 4870 436 4929 randa
463 4870 651 4926 merita
672 4911 688 4938 ,
719 4871 800 4926 vel
831 4869 1116 4940 promissa.
1140 4867 1436 4940 Captivitas
1468 4869 1642 4940 potius
1679 4877 1736 4926 et
1774 4868 1874 4924 sub

262 4966 428 5022 hoste
449 4965 700 5030 servitus,
725 4973 779 5020 et
813 4963 1031 5019 exiliora
1063 4965 1301 5020 caelestis
1331 4964 1545 5030 Patriae,
1583 4974 1638 5018 et
1669 4965 1763 5018 Dei
1784 4963 1878 5019 Ju-

263 5056 500 5118 dicium,
535 5055 696 5112 etiam
731 5055 1005 5112 insultatio
1039 5055 1262 5121 inimici,
1291 5065 1346 5112 ct
1375 5070 1524 5111 Iners
1561 5064 1761 5111 (eterna
1786 5098 1802 5122 ,
1825 5063 1880 5111 et

265 5158 474 5205 aeterna
504 5158 772 5204 tormenta
804 5147 1236 5219 pertimescenda
1267 5157 1395 5202 sunt
1433 5147 1568 5205 185.
1612 5144 1878 5202 Conside-

267 5255 481 5305 remus,
513 5227 612 5296 nos
640 5257 830 5296 omnes
853 5256 972 5296 esse
999 5241 1274 5305 mortales,
1301 5251 1354 5295 et
1386 5254 1609 5295 necesse
1637 5253 1758 5295 esse
1781 5254 1880 5295 nos

266 5335 437 5393 mori.
465 5334 633 5402 Quam
664 5333 959 5406 gloriosqu
1008 5343 1062 5389 et
1090 5333 1518 5405 prmdicandum,
1541 5333 1588 5388 si
1615 5331 1756 5404 quod
1787 5348 1883 5389 ne-

270 5443 431 5486 cesse
455 5437 537 5483 est
567 5425 697 5497 pati,
722 5436 1065 5496 expugnatur
1087 5427 1140 5482 in
1168 5427 1361 5497 gloria.
1394 5425 1676 5497 Aptandus
1704 5426 1882 5481 omnis

270 5535 458 5579 sermo
471 5519 535 5574 ad
554 5519 977 5575 deSIructionem
1023 5519 1310 5587 idolatrire,
1366 5527 1420 5575 et
1450 5519 1692 5590 martyrii
1720 5532 1880 5574 coro-

272 5629 407 5672 nam
437 5611 775 5677 laudandam,
811 5622 871 5667 ut
899 5611 1188 5669 ornnil‘arie
1213 5612 1280 5669 ad
1310 5612 1727 5684 expugnandum
1757 5611 1885 5668 hos-

273 5722 414 5774 tem,
443 5719 496 5765 et
525 5709 642 5778 ejus
681 5707 862 5779 jacula
889 5706 1199 5778 repellenda
1230 5707 1385 5763 miles
1409 5705 1610 5762 Christi
1650 5705 1887 5761 munitus

276 5803 497 5864 incedat
541 5802 666 5860 184.
708 5802 760 5859 Is
796 5805 886 5874 qui
937 5803 1301 5874 evangelizat,
1350 5802 1712 5876 interrogetur
1759 5801 1889 5874 quid

725 5900 1004 5964 Puncta
1050 5899 1137 5962 X.

1978 4682 2267 4738 virtutibus
2292 4697 2435 4737 nunc
2462 4682 2799 4738 tractandum
2831 4691 2936 4738 est.
2962 4683 3057 4738 Est
3081 4693 3260 4741 autem
3291 4687 3576 4742 continen-

1981 4775 2050 4830 tia
2074 4775 2485 4846 appetendarum
2514 4775 2744 4830 omnium
2788 4791 2962 4830 rerum
2990 4776 3246 4831 malarum
3272 4780 3574 4850 refrenatio.

1981 4867 2244 4924 Malorum
2278 4867 2402 4923 ideo
2439 4867 2656 4935 addidi,
2702 4883 2771 4924 ne
2799 4868 3019 4925 Judices
3049 4880 3236 4940 putent
3257 4914 3270 4937 ,
3300 4872 3581 4930 difﬁnitio—

1981 4977 2107 5017 nem
2132 4961 2289 5015 istam
2319 4974 2666 5015 communem
2696 4974 2819 5016 eSse
2844 4961 2898 5016 in
2923 4961 3088 5018 rebus
3112 4963 3286 5031 bonis,
3320 4975 3376 5021 et
3399 4964 3578 5023 malis.

1984 5052 2117 5108 Nam
2145 5051 2237 5122 qui
2264 5067 2324 5108 se
2350 5067 2380 5106 a
2402 5051 2558 5108 bonis
2583 5053 2784 5110 retinet
2803 5094 2818 5120 ,
2852 5069 2959 5110 non
2989 5057 3131 5112 bene
3159 5067 3241 5112 est
3262 5059 3580 5126 continens;

1985 5145 2081 5200 sed
2103 5160 2134 5200 a
2158 5144 2350 5210 malis,
2383 5155 2552 5200 recte.
2581 5142 2686 5201 Sed
2734 5147 2787 5200 in
2841 5129 3092 5202 omnibus
3125 5163 3255 5205 sane
3302 5152 3585 5222 praeceptis

1985 5239 2188 5310 duplex
2218 5238 2619 5306 consideratio,
2662 5247 2719 5296 et
2747 5237 2994 5296 doctrina
3021 5255 3144 5298 esse
3174 5241 3356 5298 debet.
3391 5243 3458 5298 Et
3485 5244 3587 5301 hoc

1986 5331 2328 5389 retinendum
2378 5342 2434 5388 et
2462 5331 2864 5388 observandum
2895 5332 2949 5388 iu
2978 5334 3190 5391 caeteris
3218 5336 3475 5403 arbitror,
3502 5349 3582 5407 ut,

1989 5439 2111 5480 cum
2134 5437 2297 5479 unam
2331 5431 2536 5493 partem
2571 5425 2891 5480 tractaveris
2914 5464 2930 5488 ,
2959 5426 3288 5482 contrariam
3319 5432 3536 5486 noveris
3569 5447 3587 5487 :

1991 5527 2044 5575 et
2075 5519 2143 5572 ita
2176 5533 2359 5573 rerum
2392 5517 2629 5588 ipsarum
2660 5515 2928 5572 institutio
2951 5518 3154 5587 exigit,
3183 5529 3264 5585 ut,
3294 5536 3415 5578 cum
3452 5524 3590 5581 alte-

1992 5623 2107 5665 ram
2142 5621 2352 5680 partem
2385 5610 2625 5666 tenueris
2649 5650 2664 5673 ,
2711 5609 2936 5664 alteram
2985 5624 3209 5667 necesse
3238 5624 3320 5669 est
3366 5614 3590 5673 deseras

1996 5701 2122 5758 188.
2154 5701 2414 5758 Malorum
2438 5717 2569 5758 sane
2598 5701 2955 5759 substantiam
2975 5703 3042 5757 ab
3063 5703 3216 5762 initio
3247 5708 3446 5763 nullam
3471 5725 3594 5768 esse

1996 5799 2394 5873 comperimus;
2424 5800 2626 5871 quippe
2679 5798 3164 5857 iuobedientia.....
3205 5806 3364 5876 juxta
3411 5805 3600 5864 bonum

2921 5893 3001 5958 21s
