4062 6332
608 320 715 379 ’147

1806 311 2053 371 SANCTI
2091 310 2353 372 HILARI!
2392 310 2700 373 EPISCOPI
3751 322 3828 382 753

569 397 804 488 .ntalum
827 438 902 488 est
928 426 1311 501 (Ecclesiastic.
1352 442 1560 497 xum,
1595 426 1717 500 15).
1748 425 1820 485 Et
1856 444 1978 502 qua
2009 429 2054 485 si
2082 442 2209 485 nus-
2234 430 2289 493 Α
2312 430 2655 501 comprobari
2683 446 2698 498 ;
2726 443 2849 486 cum
2897 429 2964 486 ab
3008 429 3142 503 ipsis
3184 428 3335 502 prius
3375 430 3562 490 mentis
3587 436 3833 508 requiratur

612 541 773 599 quam
801 531 1183 597 comparentur
1207 522 1309 579 sibi
1346 540 1360 578 :
1395 522 1523 578 boni
1546 522 1713 579 tutela
1733 530 1987 579 servatur
2008 522 2133 580 189.

688 618 877 675 XVIII.
907 615 1256 676 Continentia
1281 614 1446 689 igitur
1471 615 1721 673 docenda
1748 625 1833 672 est
1870 623 1928 673 et
1978 612 2209 673 tenenda

617 713 672 768 in
693 710 851 769 malis
879 711 1066 768 rebus.
1098 709 1157 767 in
1184 708 1343 767 bonis
1363 708 1595 766 aviditas
1619 707 1881 781 exigenda
1908 715 2013 765 est.
2042 706 2210 763 David

612 803 923 877 pronuntiat
958 813 1013 861 et
1074 803 1236 861 docet
1274 801 1461 860 dicens
1498 801 1675 878 (Pani.
1704 819 1822 872 cxx,
1857 800 1930 876 1)
1960 818 1976 860 :
2019 801 2212 859 Beatus

608 897 708 964 vir,
738 897 827 968 qui
855 897 998 952 timet
1037 895 1319 953 Dominum
1351 911 1369 953 :
1398 896 1453 951 in
1487 897 1746 953 mandatis
1771 896 1881 969 ejus
1917 896 2085 971 cupiet
2126 896 2209 951 ni-

609 993 728 1048 mis.
761 991 892 1048 Item
920 991 1289 1049 continentem
1329 989 1534 1047 debere
1559 1004 1682 1046 esse
1716 991 1769 1045 in
1796 989 1988 1058 malis,
2027 998 2083 1046 et
2108 1004 2208 1065 ap-

610 1094 884 1159 petentem
930 1085 1197 1143 bonorum
1225 1128 1241 1153 ,
1272 1086 1325 1140 in
1353 1084 1464 1141 alio
1488 1094 1791 1157 pramonet
1833 1083 2079 1156 psalmo,
2130 1084 2211 1141 sic

605 1179 791 1238 dicens
849 1180 1025 1254 (Psat.
1066 1194 1270 1247 xxxnt,
1314 1178 1381 1233 u
1413 1193 1470 1247 ):
1519 1175 1735 1234 Contine
1783 1177 2013 1249 linguam
2069 1180 2210 1231 tuam

606 1293 641 1332 α
662 1276 822 1343 male,
846 1285 893 1330 ct
909 1275 1047 1330 labia
1060 1286 1225 1329 tuane
1240 1272 1795 1344 loquanturinsidiosa.
1813 1269 1966 1326 Evita
1986 1288 2017 1326 α
2043 1271 2205 1338 male,

604 1380 655 1427 et
676 1374 763 1443 fac
790 1370 1009 1436 bonum;
1030 1384 1202 1441 quare
1222 1383 1394 1440 pacem
1416 1408 1433 1435 ,
1493 1374 1543 1422 ct
1581 1364 1906 1437 consequeris
1936 1380 2045 1420 eam
2076 1362 2203 1421 190.

677 1463 825 1521 XIX.
859 1463 1042 1520 Placet
1068 1461 1231 1519 etiam
1258 1461 1327 1517 de
1353 1457 1754 1517 continentibus
1774 1456 2027 1514 conferre
2058 1456 2157 1513 191
2189 1471 2205 1511 :

605 1561 810 1619 multos
836 1560 980 1617 enim
1009 1557 1170 1617 video
1196 1557 1346 1630 juxta
1382 1555 1821 1625 coniunctionem
1864 1554 2204 1627 coniugalem

604 1654 951 1711 continentes
993 1649 1370 1708 tantummodo
1400 1649 1505 1705 192
1534 1692 1549 1717 ,
1581 1657 1638 1705 et
1666 1649 1719 1703 in
1758 1648 1982 1720 reliquis
2027 1647 2203 1703 conti-

603 1748 804 1804 nentla
836 1747 1077 1820 partibus
1126 1744 1380 1802 omnibus
1406 1786 1422 1813 ,
1473 1741 1770 1816 gentilibus
1819 1757 1945 1799 esse
1976 1740 2206 1799 deterri-

2316 525 2597 597 integritas
2622 565 2637 592 ,
2667 538 2993 596 quamquam
3043 538 3144 581 nec
3181 523 3236 580 iu
3281 539 3503 597 corpore
3528 529 3718 585 omnino
3738 548 3833 591 exa-

2316 615 2511 672 minari
2561 615 2793 688 possint.
2825 616 2939 672 Non
2970 615 3114 672 enim
3164 617 3503 675 conscientia
3534 617 3738 687 latebras
3759 624 3834 681 ho-

2316 709 2554 768 minibus
2581 710 2724 767 scire
2748 753 2763 776 ,
2805 719 2897 766 aut
2925 709 3132 766 nudare
3167 709 3481 781 permissum
3517 721 3624 777 est,
3668 711 3836 774 dicente

2317 804 2591 876 Scriptura
2623 802 2675 877 (Ι
2699 801 2829 877 Reg.
2860 808 2987 873 xvt',
3013 804 3069 877 7)
3096 819 3112 860 :
3147 801 3314 859 Homo
3336 804 3471 860 uidet
3495 805 3545 859 in
3567 806 3701 880 facie,
3731 807 3836 865 Dm

2314 911 2484 956 autem
2509 900 2565 955 in
2599 898 2772 955 corde.
2809 896 2954 956 Deus
2972 897 3122 955 solus
3142 899 3321 955 intima
3348 908 3400 954 et
3419 908 3601 955 secreta
3622 903 3835 973 conspicit.

2315 993 2423 1052 Sed
2451 993 2738 1051 manifesta
2767 1002 2853 1052 est
2881 1008 2985 1051 vox
3016 993 3229 1051 Domini
3254 994 3561 1069 monentis(
3578 994 3739 1051 Matth.
3758 1014 3833 1067 vn,

2315 1091 2411 1165 90)
2445 1112 2459 1150 :
2488 1091 2533 1148 Α
2562 1092 2814 1164 fructibus
2842 1108 3020 1148 eorum
3062 1094 3381 1166 cognoscetis
3423 1110 3526 1151 eos.
3561 1092 3614 1151 Si
3640 1095 3838 1152 conside-

2314 1188 2445 1242 retis
2467 1228 2481 1254 ,
2522 1184 2697 1259 qualis
2727 1200 2921 1243 eorum
2950 1197 3231 1258 aspectus;
3261 1202 3421 1261 quam
3454 1187 3649 1245 turbata
3676 1187 3840 1259 fronte,

2313 1294 2476 1351 quam
2515 1279 2878 1337 inverecunda
2917 1282 3251 1354 respiciunt;
3290 1289 3545 1351 quantum
3580 1281 3840 1340 audaciain

2317 1373 2507 1439 vultu,
2562 1383 2823 1446 quantum
2867 1376 3190 1431 constantia
3240 1385 3454 1447 gerunt,
3499 1374 3762 1448 impudicus
3802 1376 3840 1433 in

2313 1467 2632 1540 quibusdam
2662 1467 2862 1537 cultus,
2893 1479 2947 1525 et
2978 1468 3259 1525 aii‘ectatus
3296 1468 3536 1526 incessus
3570 1467 3841 1542 professione

2307 1560 2581 1632 iactantia
2600 1559 2723 1618 199.
2757 1561 2824 1617 Et
2851 1561 2918 1617 ad
2946 1562 3047 1618 hoc
3078 1561 3384 1633 huiusmodi
3416 1561 3737 1635 professionis
3761 1562 3842 1618 vel-

2311 1653 2389 1709 uti
2418 1653 2635 1710 devotio
2691 1653 2960 1726 procedit,
2992 1664 3050 1710 ut
3073 1665 3294 1726 propter
3322 1671 3539 1721 nomen,
3565 1655 3693 1727 quod
3710 1654 3841 1711 solum

2313 1756 2553 1820 portant,
2578 1748 2923 1819 virginitatis,
2948 1747 3265 1820 appetibiles
3294 1746 3441 1803 fiant.
3468 1744 3594 1803 inde
3617 1756 3707 1814 est,
3734 1745 3841 1817 quod

603 1857 745 1899 mos.
784 1841 842 1899 Si
885 1841 1028 1898 enim
1072 1838 1420 1906 consideres,
1454 1853 1614 1910 quam
1642 1835 1861 1908 plurimi
1905 1837 2119 1893 illorum
2152 1842 2206 1893 et
2236 1839 2285 1904 Β
2316 1856 2376 1899 3e
2405 1842 2682 1909 indicant,
2728 1856 2849 1898 cum
2899 1857 2958 1898 se
3003 1843 3180 1898 celare
3206 1841 3544 1909 debuerant,
3584 1840 3684 1901 Deo
3729 1835 3853 1896 exitii

601 1935 845 1993 iracundi
869 1944 1028 2001 sunt,
1064 1943 1119 1990 et
1144 1932 1381 2000 ebriosi,
1410 1940 1464 1988 et
1507 1945 1798 2003 procaces,
1850 1939 1905 1987 et
1939 1922 2201 2002 superbi,

600 2040 652 2087 et
695 2044 765 2087 ex
817 2029 991 2085 forma
1029 2025 1197 2084 veluti
1228 2023 1579 2083 continentia
1626 2022 1802 2096 magis
1842 2021 2009 2079 inﬂati
2033 2064 2047 2090 ,
2080 2038 2203 2095 per-

600 2137 889 2192 cussores,
922 2121 1215 2188 maledici,
1267 2117 1483 2192 cupidi,
1535 2117 1762 2184 tumidi,
1834 2116 2061 2173 multum
2099 2114 2203 2171 sibi

599 2213 910 2287 placentes,
953 2222 1013 2271 ut
1055 2212 1225 2283 magis
1245 2210 1488 2283 judices,
1520 2208 1666 2267 illam
1714 2209 1886 2282 ipsam
1907 2249 1923 2275 ,
1951 2222 2112 2280 quam
2143 2221 2203 2263 se

597 2308 879 2382 proferunt
900 2308 1105 2367 habere
1130 2305 1233 2364 193
1257 2303 1678 2372 continentiam,
1709 2302 1956 2359 fomitem
1979 2310 2035 2357 et
2055 2300 2203 2356 llam-

598 2422 741 2463 mam
764 2449 780 2475 ,
813 2415 868 2462 et
896 2404 1182 2461 materiam
1228 2401 1403 2473 magis
1430 2399 1707 2454 criminum
1756 2396 2202 2455 subministrasse

601 2501 725 2558 191.
754 2498 890 2556 Cum
933 2500 1118 2569 utique
1158 2480 1277 2552 hac
1330 2494 1681 2567 prasecanda
1725 2492 1876 2561 sint,
1925 2491 2200 2565 inquibus

595 2595 839 2667 quntidie
867 2592 1320 2665 reprehendimur
1344 2632 1360 2657 ,
1403 2600 1457 2648 et
1479 2601 1611 2647 tunc
1638 2591 1809 2663 magis
1838 2589 1893 2645 in
1924 2589 2049 2645 aliis
2078 2604 2201 2647 om—

595 2689 754 2746 nibus
776 2687 922 2744 vitiis
953 2685 1126 2743 virtus
1148 2684 1498 2742 continentia
1529 2682 1813 2739 retinenda
1844 2698 1857 2735 :
1888 2691 1943 2739 et
1968 2680 2037 2738 ad
2067 2696 2198 2738 con-

593 2780 1016 2841 summationem
1054 2795 1160 2837 non
1200 2779 1511 2850 coniunctio
1546 2777 1851 2851 respuenda
1874 2818 1889 2844 ,
1917 2775 2013 2835 sed
2044 2775 2201 2851 pudi-

596 2878 727 2933 citia
776 2872 1140 2948 praponeuda
1172 2880 1275 2930 est.
1322 2870 1459 2927 Nam
1502 2886 1624 2927 cum
1675 2868 1955 2942 apostolus
1994 2866 2197 2926 Paulus

592 2971 869 3029 Ecclesias
911 2976 1326 3034 commoneret,
1380 2982 1491 3022 non
1542 2966 1863 3023 uniformem
1920 2964 2197 3022 mandavit

592 3067 1005 3133 continentiam,
1031 3063 1127 3120 scd
1166 3060 1219 3118 in
1244 3061 1439 3135 quibus
1466 3059 1769 3134 appetenda
1792 3069 1848 3116 et
1873 3058 2199 3115 invenienda

595 3161 702 3229 sit,
735 3162 815 3216 sic
854 3159 1062 3215 monuit
1096 3157 1283 3213 dicens
1319 3173 1331 3210 :
1366 3154 1434 3212 Ut
1464 3155 1531 3213 sit
1554 3197 1570 3223 ,
1624 3154 1800 3225 inquit
1840 3152 1893 3228 (Ι
1922 3151 2046 3210 Cor.
2087 3168 2192 3222 vn,

2307 1936 2500 1991 bentes
2528 1933 2901 1990 tantummodo
2930 1934 3249 2006 obsequium
3280 1948 3438 1989 suum
3458 1976 3473 2002 ,
3524 1949 3554 1989 a
3590 1946 3685 2001 quo
3707 1948 3841 1989 remu-

2308 2029 2647 2084 nerationem
2679 2024 2934 2098 pudicitia
2982 2037 3165 2097 sperat
3209 2025 3338 2084 200.
3387 2024 3516 2083 ideo
3542 2025 3765 2098 ingressa
3796 2025 3841 2081 ii-

2305 2122 2447 2177 mina
2471 2121 2666 2177 domus
2689 2120 2781 2176 Dei
2797 2120 2861 2175 ad
2892 2118 3167 2177 orationes
3190 2120 3393 2176 intecto
3406 2122 3579 2191 capite
3599 2118 3839 2185 initiantur,

2305 2216 2728 2285 interpretantes
2781 2212 3103 2285 Apostolum
3153 2213 3564 2287 (cobibentdms
3616 2222 3841 2283 corrupto-

2303 2308 2453 2364 ribus
2474 2305 2619 2380 suis)
2649 2307 2718 2364 de
2737 2308 3053 2364 mulieribus
3070 2306 3361 2375 maritalis,
3386 2324 3496 2363 non
3517 2305 3582 2364 de
3601 2304 3840 2380 virginibus

2303 2404 2557 2460 statuisse
2588 2421 2601 2459 :
2638 2403 2945 2460 nescientes
2985 2402 3129 2477 quod
3160 2403 3358 2475 ubique
3396 2402 3657 2459 masculus
3696 2401 3839 2471 cujus-

2304 2498 2435 2555 libet
2455 2499 2633 2557 atatis
2668 2498 2824 2555 Viros
2871 2498 3114 2555 nominat
3139 2514 3154 2565 ;
3179 2513 3373 2557 omnes
3403 2497 3626 2555 feminas
3654 2495 3839 2552 Mulierit

2301 2592 2671 2666 appellatione
2710 2592 2979 2666 designat.
3026 2591 3154 2651 Scio
3198 2607 3288 2651 me
3323 2606 3603 2650 excessum
3642 2590 3838 2647 fecisset

2301 2688 2579 2763 proposito
2608 2695 2838 2749 tractatu
2870 2686 3223 2744 continentia
3264 2700 3281 2753 ;
3322 2687 3419 2742 sed
3463 2685 3838 2742 necessarie:ut

2299 2779 2556 2852 deinceps
2578 2796 2767 2837 omnes
2799 2779 3049 2839 homines
3078 2779 3367 2852 cujuslibet
3392 2795 3557 2838 sexus
3578 2779 3716 2851 plena
3741 2792 3838 2832 con-

2299 2874 2526 2931 tinentia
2549 2874 2695 2931 docti
2722 2874 2926 2941 sciant,
2955 2882 3012 2931 et
3028 2875 3222 2946 quibus
3250 2890 3309 2932 se
3340 2876 3657 2944 abstineant,
3687 2883 3732 2930 et
3750 2884 3840 2944 qua

2306 2964 2540 3021 debeant
2593 2967 2869 3024 custodire
2898 2982 2910 3020 :
2938 2975 3030 3022 aut
3066 2967 3113 3023 si
3144 2966 3197 3023 in
3229 2983 3333 3023 una
3391 2968 3571 3040 specie
3593 3009 3609 3031 .
3650 2964 3840 3037 quolibet

2299 3075 2502 3128 genere
2553 3060 2902 3119 continentia
2936 3060 3098 3116 fuerit
3138 3060 3494 3131 observator,
3525 3076 3620 3118 nec
3651 3058 3709 3116 ad
3744 3058 3839 3114 alias

2301 3154 2433 3210 velit
2463 3154 2700 3209 monitus
2719 3153 3003 3219 accedere.
3035 3169 3141 3210 non
3170 3170 3229 3210 se
3249 3154 3424 3228 iactet
3443 3154 3499 3210 in
3525 3167 3730 3211 numero
3750 3163 3839 3207 esse

592 3254 718 3328 34).
747 3264 921 3311 sancta
965 3268 1181 3324 corpore
1227 3260 1274 3308 et
1329 3250 1519 3323 spiritu
1553 3248 1861 3307 :deiiniens
1918 3265 2025 3305 non
2072 3262 2195 3305 esse
2222 3237 2269 3304 C
2300 3247 2691 3304 continentium
2727 3265 2740 3302 :
2768 3263 2835 3304 ue
2862 3256 2916 3304 et
2943 3249 3112 3321 ipsam
3142 3259 3375 3320 partem,
3406 3246 3459 3305 in
3484 3265 3585 3321 qua
3607 3247 3698 3304 sibi
3722 3246 3839 3319 plau-

591 3350 963 3408 continentem
988 3388 1004 3415 ,
1037 3349 1125 3419 qui
1158 3354 1267 3403 non
1298 3353 1529 3416 utraque
1576 3355 1730 3416 parte
1780 3342 2195 3403 continentissi-

595 3458 717 3499 mus
744 3440 1130 3513 comprobatus
1177 3438 1249 3494 sit
1303 3435 1427 3493 195.
1460 3436 1658 3493 Multos
1697 3435 1783 3497 vel
1818 3436 2080 3509 plurimos
2116 3435 2196 3492 sic

595 3535 827 3607 flagrare
863 3531 1279 3604 cupiditate.....
1330 3530 1490 3587 siculi
1533 3532 1712 3587 exitus
1740 3531 1935 3599 docet,
1966 3541 2024 3587 ut
2068 3531 2187 3587 uni-

590 3643 752 3686 versa
777 3642 979 3698 genera
1006 3639 1285 3696 poenarum
1326 3622 1538 3695 perpeti
1585 3623 1796 3692 velint,
1848 3623 1937 3681 vel
1989 3640 2188 3696 quam-

592 3723 724 3780 libet
757 3721 1021 3782 Ecclesia
1069 3719 1391 3777 sententiam
1424 3714 1694 3776 sustinere
1719 3759 1733 3784 ,
1767 3733 1928 3789 quam
1963 3734 1991 3773 a
2024 3717 2193 3787 fami-

592 3809 713 3866 liari
762 3807 1181 3865 conversatione
1255 3802 1541 3860 discedere
1588 3821 1601 3857 :
1660 3804 1971 3861 nescientes
2022 3803 2192 3860 Deum

592 3904 875 3975 prascium
895 3899 1099 3958 dixisse
1129 3899 1197 3956 de
1220 3898 1420 3955 talibus
1446 3895 1662 3971 (Matth.
1690 3914 1742 3966 v,
1772 3896 1868 3969 28)
1897 3917 1909 3952 :
1945 3896 2194 3965 Quicum-

591 4014 688 4068 que
714 3984 996 4068 respexct'it
1020 3994 1283 4050 mulierem
1314 3993 1384 4047 ad
1414 3991 1876 4064 concupiscendum
1902 4009 2015 4048 eam
2034 4040 2049 4064 ,
2083 3995 2193 4065 iam

588 4093 867 4148 moechatus
885 4100 970 4175 .est
1008 4106 1119 4145 eam
1144 4089 1200 4143 in
1239 4087 1395 4143 corde
1414 4103 1531 4141 suo.
1566 4084 1678 4141 Non
1726 4096 1952 4157 possunt
2001 4086 2193 4158 hujus-

590 4185 736 4242 modi
766 4199 1026 4242 excusare
1052 4180 1266 4252 culpam
1304 4194 1487 4247 suam,
1532 4179 1675 4252 quod
1719 4195 1826 4237 non
1873 4178 1939 4235 ad
1985 4195 2192 4237 concu-

594 4280 909 4351 piscentiam
955 4277 1143 4332 oculos
1190 4290 1319 4331 suos
1349 4275 1741 4345 porrexerint,
1775 4275 1994 4345 quando
2021 4286 2074 4332 et
2117 4276 2193 4332 si-

594 4374 705 4431 mul
726 4414 744 4442 ,
771 4382 826 4430 et
851 4372 952 4428 sub
978 4387 1086 4427 uno
1117 4370 1315 4427 cubant
1342 4377 1520 4437 tecto,
1554 4377 1645 4425 aut
1674 4371 1729 4425 in
1761 4386 1870 4431 uno
1913 4369 2194 4429 dormiunt

589 4473 771 4527 lecto:
799 4462 957 4535 Unde
982 4476 1037 4520 et
1072 4464 1423 4535 reprehensi,
1471 4462 1824 4533 spiritualiter
1874 4465 1977 4521 hoc
2018 4482 2185 4541 agere

592 4561 934 4636 profitentur,
961 4557 1277 4626 adiicientcs
1303 4555 1576 4611 extraneis
1629 4555 1847 4611 nomina
1903 4556 2192 4615 affectuum

2298 3342 2498 3409 debat,
2529 3341 2895 3398 obstinatione
2930 3342 3179 3399 videatur
3219 3343 3494 3402 amittere.
3523 3343 3659 3415 Ergo
3684 3341 3757 3414 qui
3791 3337 3839 3394 ad

2297 3432 2686 3491 mutinentiam
2717 3433 2968 3504 docetur,
3006 3445 3060 3492 et
3088 3435 3203 3490 vult
3226 3437 3527 3508 accedere,
3556 3453 3654 3494 non
3681 3436 3729 3491 in
3750 3449 3841 3490 cor-

2297 3542 2433 3600 pore
2459 3572 2473 3596 ,
2502 3536 2595 3583 aut
2628 3527 2682 3584 in
2711 3542 2816 3584 una
2847 3540 3001 3600 parte
3042 3529 3288 3601 corporis
3329 3528 3690 3588 tantummodo
3721 3522 3843 3583 debet

2297 3622 2687 3677 continentiam
2715 3636 2980 3691 quarere,
3016 3620 3114 3676 sed
3144 3622 3198 3677 in
3227 3629 3340 3680 toto
3368 3626 3537 3680 animi
3560 3635 3723 3686 motu,
3742 3632 3841 3681 con-

2298 3715 2542 3771 tinentia
2584 3713 2746 3770 debet
2802 3714 3220 3773 observationes
3264 3730 3583 3788 agnoscere.
3622 3714 3737 3771 Nam
3775 3706 3841 3782 qui

2296 3805 2630 3863 iracundiam
2651 3806 2880 3872 retinet,
2930 3808 2977 3865 is
3004 3807 3177 3880 magis
3232 3817 3317 3863 est
3365 3810 3683 3877 continens,
3722 3817 3841 3878 quam

2298 3902 2390 3973 qui
2424 3900 2660 3973 linguam
2690 3916 2721 3955 a
2748 3901 3014 3970 convicio,
3048 3917 3078 3957 a
3107 3900 3399 3959 maledicto
3426 3947 3441 3973 ,
3468 3919 3501 3960 a
3526 3902 3838 3967 detractione,

2297 3993 2660 4061 amendacio,
2707 4008 2738 4046 a
2789 3993 3027 4065 periurio
3075 4000 3130 4049 et
3177 4009 3208 4049 a
3246 3995 3463 4054 cateris
3512 3996 3694 4069 lingua
3727 3988 3843 4048 malis

2297 4085 2583 4143 ail‘ectihus
2612 4086 2903 4142 subtrahit.
2934 4086 3036 4159 Qui
3075 4088 3249 4158 ipsum
3274 4088 3514 4163 denique
3549 4090 3799 4162 cogitatum
3819 4097 3843 4136 a

2298 4186 2409 4234 tota
2437 4179 2672 4251 nequitia
2704 4179 2995 4249 compescit
3022 4222 3037 4247 ,
3068 4187 3121 4235 et
3141 4180 3289 4237 omni
3317 4180 3556 4251 denegat
3582 4176 3839 4251 iniquitati.

2299 4272 2347 4329 is
2376 4274 2567 4344 plenus
2597 4283 2680 4331 est
2718 4276 3038 4341 continens,
3085 4283 3140 4330 et
3187 4274 3337 4330 illitm
3370 4292 3479 4332 non
3511 4292 3629 4333 cum
3659 4269 3839 4330 homini-

2301 4367 2400 4423 bns
2430 4380 2722 4437 comparo,
2772 4366 2868 4423 sed
2913 4383 3034 4423 cum
3068 4365 3294 4440 Angelis
3336 4370 3543 4427 sanctis
3568 4365 3841 4427 simillimum

2299 4475 2655 4532 recognosco.
3857 4525 3866 4544 ‘

2371 4551 2493 4608 XX.
2535 4554 2690 4610 Nunc
2718 4552 2829 4624 iam
2858 4552 3014 4610 nobis
3044 4552 3113 4610 de
3158 4554 3417 4627 patientia
3447 4566 3504 4613 et
3533 4556 3599 4614 de
3638 4554 3740 4630 eius
3756 4565 3841 4607 om-

594 4633 677 4713 vel
710 4652 941 4723 pietatis.
984 4652 1127 4704 Sane
1172 4649 1427 4720 quoniam
1460 4657 1514 4703 et
1564 4647 1776 4703 Diaboli
1830 4647 2190 4709 substantiam
2219 4640 2275 4701 Β
2300 4646 2458 4702 nibus
2491 4647 2647 4701 bonis
2674 4633 3001 4718 loquendum
3040 4658 3125 4704 est
3156 4648 3286 4705 201.
3318 4647 3606 4723 Est‘igitur
3646 4644 3840 4723 patientia

596 4747 893 4819 accipimus
941 4741 1276 4814 spiritualem
1300 4784 1315 4806 ,
1342 4740 1503 4797 debet
1532 4739 1657 4796 addi
1690 4757 1705 4796 τ
1730 4739 1825 4796 sed
1876 4742 2118 4815 nequitia
2147 4751 2195 4799 et

598 4842 809 4897 malitia
847 4834 1133 4908 spiritualis
1180 4832 1410 4910 (Epltes.
1447 4831 1667 4908 ν1,1Ξ)
1725 4850 1755 4888 a
1811 4834 1923 4892 Deo
1971 4846 2195 4907 propter

596 4932 913 4993 scandalum
945 4928 1227 4994 Ecclesia,
1257 4936 1312 4983 et
1342 4926 1552 4982 ruinam
1586 4927 1689 4983 i96
1721 4942 1879 4983 :cum
1911 4943 1942 4983 a
1989 4944 2049 4985 se
2092 4946 2192 4986 nec

596 5024 968 5098 persuasione,
994 5036 1095 5077 nec
1123 5019 1412 5076 inter-dictu
1440 5019 1707 5090 maiorum
1732 5029 1884 5087 natu,
1912 5036 2014 5077 nec
2042 5031 2197 5083 metu

595 5119 879 5195 prasentis
900 5114 1205 5177 sententia,
1235 5112 1317 5170 vel
1348 5113 1513 5168 fbturi
1534 5110 1729 5169 Judicii
1758 5113 1885 5169 inde
1913 5113 2041 5170 velli
2067 5130 2191 5186 pos-

591 5218 701 5273 sint
740 5233 753 5266 :
788 5227 908 5269 cum
952 5209 1284 5280 ftequcntius
1313 5206 1474 5262 etiam
1503 5220 1638 5277 quos
1683 5206 1937 5278 legitima
1967 5207 2190 5278 cepula-

591 5323 718 5363 vere
746 5304 979 5375 nuptiae,
1010 5302 1132 5358 leve
1173 5299 1410 5370 iurgiUm
1458 5308 1676 5367 separet
1717 5298 1839 5355 197.
1894 5300 2034 5367 Quid
2085 5301 2189 5357 hoc

592 5400 717 5455 mali
742 5406 824 5456 est
843 5398 871 5452 ?
894 5393 1023 5467 quid
1050 5392 1177 5450 mali
1220 5388 1496 5446 individua
1525 5390 1781 5457 cbaritas,
1812 5401 1870 5447 ut
1897 5393 1966 5447 ab
1994 5392 2188 5451 aliena

592 5487 1078 5561 consanguinitatis
1111 5486 1309 5547 aii’ectu
1326 5483 1566 5555 separari
1595 5498 1702 5537 non
1724 5484 1975 5553 possint?
2003 5483 2189 5555 Turpe

590 5598 674 5645 est
703 5586 918 5652 dicere,
967 5580 1112 5656 quod
1144 5580 1265 5637 illos
1305 5593 1412 5634 non
1446 5577 1612 5648 pudet
1651 5575 1853 5633 facere.
1887 5576 2047 5634 Certe
2097 5580 2185 5636 vel

590 5682 659 5737 ab
695 5678 879 5736 osculo
924 5676 1194 5735 immunes
1244 5687 1351 5728 non
1381 5681 1537 5738 sunt,
1577 5670 1719 5742 quod
1766 5680 1849 5726 est
1894 5672 2083 5745 pignus
2132 5682 2191 5733 et

588 5788 707 5827 arra
736 5770 1004 5842 serpentis
1032 5767 1150 5821 198.
1177 5764 1318 5823 Sane
1338 5780 1461 5820 cum
1486 5761 1851 5835 increpaveris
1872 5804 1886 5827 ,
1920 5779 2043 5819 mox
2070 5750 2185 5821 hac

590 5858 871 5934 proferunt
921 5856 1083 5917 verba
1113 5872 1126 5911 :
1154 5868 1313 5927 posse
1368 5855 1733 5927 integritatem
1791 5855 1876 5913 sui
1934 5859 2182 5927 corporis

2304 4743 2533 4796 omnium
2562 4741 2879 4815 injuriarum
2925 4752 2973 4797 et
2998 4742 3296 4814 passionum
3327 4744 3617 4815 tolerantia,
3644 4754 3686 4798 et
3704 4753 3842 4812 αμα·

2302 4836 2557 4891 rationum
2613 4836 2842 4889 omnium
2925 4836 3037 4890 sine
3107 4838 3518 4909 pracipitatione
3579 4834 3837 4909 suﬁcretttia.

2300 4927 2472 4998 Quam
2522 4929 2565 4984 si
2598 4929 2720 5000 quis
2769 4929 3128 5000 intellexerit,
3183 4942 3239 4987 et
3284 4933 3577 5004 babuerit,
3623 4926 3845 4995 contraria

2301 5020 2429 5079 vitae
2458 5010 2644 5092 gravia
2677 5021 2913 5094 baiulat;
2950 5023 3089 5079 bona
3119 5028 3298 5081 omnia
3340 5027 3591 5085 continet
3619 5025 3730 5083 201.
3763 5022 3839 5083 SO-

2302 5131 2484 5173 rorem
2518 5117 2680 5179 habet
2707 5133 2857 5189 spem
2896 5117 3026 5175 205.
3056 5118 3391 5192 Quamquam
3443 5122 3686 5195 superius
3728 5130 3839 5177 cont.

2304 5208 2593 5282 prehendi,
2624 5209 2819 5266 affines
2845 5226 2966 5269 esse
2997 5212 3100 5268 sibi
3126 5228 3213 5270 res
3245 5214 3417 5271 bonas
3448 5231 3653 5272 omnes.
3682 5212 3840 5269 Patitur

2301 5301 2447 5359 enim
2483 5300 2734 5367 libenter,
2763 5304 2888 5374 quia
2917 5314 3119 5375 sperat,
3150 5314 3206 5361 et
3228 5306 3495 5377 speranda
3526 5307 3708 5367 tolerat
3729 5322 3740 5357 ε
3765 5303 3840 5359 ἰω-

2304 5394 2572 5466 patienter
2596 5394 2742 5448 enim
2778 5397 2949 5451 fertur
2972 5438 2987 5462 ,
3019 5397 3162 5470 quod
3195 5416 3301 5459 non
3345 5410 3597 5473 speratur
3624 5418 3637 5453 :
3674 5407 3724 5457 et
3759 5391 3841 5455 201

2300 5485 2521 5557 quando
2554 5485 2692 5540 nihil
2734 5499 2989 5558 speratur
3011 5489 3140 5549 205.
3172 5492 3332 5550 Omni
3362 5500 3551 5557 autem
3574 5488 3839 5560 virtutevi-

2303 5579 2491 5637 tienlia
2536 5578 2775 5651 perfert,
2819 5582 2964 5652 quod
3013 5597 3109 5656 spe
3141 5597 3403 5657 pereunte
3437 5579 3839 5659 dignoscitur.”

2300 5675 2347 5730 si
2393 5689 2546 5743 spem
2577 5673 2783 5735 fructus
2832 5676 3107 5747 patientia
3143 5681 3525 5757 subsequatur,
3556 5680 3663 5739 hac
3707 5684 3841 5733 matus

2296 5765 2497 5838 gaudet
2529 5765 2632 5823 ﬁde
2657 5808 2671 5833 ,
2717 5767 3141 5840 gubernaculum
3187 5769 3352 5830 habet
3397 5774 3492 5833 Dei
3514 5816 3527 5840 ,
3556 5767 3839 5832 continentia

2295 5875 2467 5931 genus
2494 5860 2970 5933 propinquitatem.
3015 5862 3144 5931 Inde
3188 5863 3359 5938 justi,
3411 5866 3543 5925 dum
3582 5864 3742 5925 omnia
3765 5871 3833 5932 ρι’
