4062 6332
284 307 395 383 Ἧι)
1474 327 1806 391 EPISTOLA
1842 322 1976 388 SEU
2015 327 2371 393 LIBELLUS.
3482 340 3590 399 750

290 444 489 501 tienter
514 427 808 519 operantur
833 445 1011 522 (Rom.
1037 463 1070 504 γ
1091 491 1107 516 ,
1134 449 1169 506 '5
1199 458 1246 506 et
1273 449 1329 523 tl)
1358 492 1371 518 ,
1402 450 1623 523 gloriosi
1653 450 1752 509 Dei
1785 458 1891 507 tes—
1918 450 1966 511 A
1997 448 2140 517 dum,
2173 450 2313 506 misit
2339 449 2546 505 unicum
2591 446 2757 519 filium
2787 463 2938 504 suum
2966 448 3021 505 in
3049 448 3385 509 similitudine
3424 457 3594 510 carnis

290 545 378 595 les
400 538 735 609 erﬁCiunlur,
769 541 894 607 dllt
924 542 1036 605 ﬁde
1062 543 1211 615 pleni
1229 576 1247 613 δ
1277 545 1405 605 dum
1430 544 1527 601 Dei
1560 546 1756 607 timore
1780 545 1892 601 sol»
1994 545 2189 617 peccati
2217 560 2236 599 :
2258 554 2315 601 ut
2337 544 2402 601 de
2420 552 2631 617 peccato
2648 543 3019 605 condemnaret
3045 556 3312 615 peccatum
3338 547 3390 601 in
3413 563 3589 603 carne.

287 629 423 688 liciti
445 633 617 698 ,dnm
642 634 994 697 continentiae
1018 636 1296 708 discipuli,
1319 630 1445 699 dum
1479 638 1575 695 ﬁlii
1603 637 1723 711 spei
1751 636 1889 699 duce
1992 632 2125 699 Inde
2144 644 2200 693 et
2230 636 2428 697 Paulus
2461 639 2730 710 prmponit
2759 637 2905 697 illam
2934 639 3188 701 omnibus
3214 639 3372 696 bonis
3392 641 3589 709 rebus,

284 724 552 793 sapientia
609 729 977 798 reperiuntur.
1031 727 1238 786 Deinde
1282 730 1597 787 cohzeredes
1644 730 1885 801 Christi,

284 816 417 873 dum
457 818 608 875 illum
656 834 825 891 usque
875 822 943 878 ad
991 831 1222 880 mortem
1255 824 1375 898 (Si
1421 834 1590 885 tamen
1638 825 1890 899 compati-

286 924 427 977 mur,
456 920 564 967 etc.
589 954 604 978 ,
650 929 923 984 sequamur
962 916 1175 987 vestigia
1222 917 1339 991 ejus
1370 918 1388 989 )
1419 910 1693 987 patientiae
1719 917 1890 972 virtu-

286 1004 434 1060 libus
464 1006 718 1077 (fortasse
742 1008 1154 1083 certaminibus)
1182 1011 1464 1067 imitantur
1487 1010 1616 1069 206.

360 1096 505 1153 XXI.
549 1097 656 1154 Sed
698 1101 808 1169 jam
841 1101 1142 1172 de‘juslilia
1175 1102 1525 1159 disseramus.
1580 1103 1680 1159 Est
1723 1102 1886 1174 igitur

285 1188 508 1245 Iustitia
546 1192 868 1266 singularum
894 1211 1064 1253 rerum
1094 1238 1109 1263 ,
1142 1206 1193 1252 et
1216 1212 1557 1270 personarum
1593 1196 1886 1270 tequissima

288 1279 592 1339 distributio
612 1300 636 1339 :
663 1301 823 1356 quam
871 1286 920 1343 si
964 1288 1087 1359 quis
1114 1288 1370 1346 obtinens
1391 1329 1411 1359 ,
1442 1298 1499 1347 et
1526 1289 1613 1347 cui
1641 1290 1762 1362 quis
1790 1289 1885 1346 ad-

284 1375 532 1444 luerens,
563 1379 729 1435 vitam
756 1395 911 1439 suam
938 1390 1089 1440 recte
1116 1383 1434 1454 dispositam
1456 1423 1473 1452 ,
1504 1395 1561 1441 et
1597 1386 1718 1441 sine
1754 1399 1887 1441 eon-

288 1470 598 1529 turhatione
623 1480 950 1542 conservat;
999 1473 1239 1533 custodit
1272 1477 1328 1531 in
1367 1475 1621 1533 omnibus
1659 1476 1887 1549 tequita-

284 1570 438 1632 tem;
462 1562 601 1631 scit,
634 1565 771 1639 quid
799 1566 910 1625 Deo
945 1568 1179 1637 debeat;
1212 1569 1344 1642 quid
1384 1571 1586 1631 sanctis
1631 1581 1687 1629 ct
1739 1585 1881 1628 coae-

282 1661 535 1733 qualihns
568 1663 800 1733 reddat;
826 1664 954 1735 quid
980 1679 1091 1721 non
1116 1664 1350 1737 deneget
1386 1666 1743 1736 potestatibus
1782 1665 1886 1722 hu-

277 1752 370 1825 jus
401 1755 615 1821 stecoli;
647 1756 776 1831 quid
822 1757 925 1814 sibi
970 1758 1241 1829 retineat;
1275 1760 1403 1832 quid
1453 1761 1702 1832 proximo
1728 1774 1878 1816 com.

1992 726 2181 783 dicens
2212 728 2266 799 (l
2295 728 2417 785 Cor.
2473 745 2601 797 xm,
2635 731 2690 800 1)
2723 748 2736 784 ;
2768 730 2838 784 Ει
2873 732 2919 785 si
2969 732 3169 787 locutus
3214 736 3362 804 fuero
3402 733 3593 807 linguis

1990 818 2254 879 Itomt'ntutt
2280 832 2329 879 et
2357 821 2675 894 angelorum,
2701 822 3004 879 charitatent
3036 835 3205 881 autem
3229 842 3331 880 non
3356 826 3587 894 habeam,

1987 912 2125 969 nihil
2150 922 2264 970 sitm
2307 930 2326 970 :
2357 932 2418 970 ac
2446 915 2581 970 sicut
2610 926 2946 972 ammentum
2974 919 3198 974 tinniens
3221 959 3236 986 ,
3274 929 3364 975 aut
3384 920 3595 992 cymba-

1991 1005 2097 1061 lum
2126 1023 2459 1078 concrepans.
2496 1006 2562 1063 Et
2592 1013 2637 1064 si
2669 1007 2894 1065 habuero
2925 1009 3298 1083 Prophetiam,
3326 1023 3375 1067 et
3403 1031 3594 1086 cogno-

1991 1115 2105 1155 vero
2127 1101 2299 1155 omnia
2319 1103 2585 1173 mysteria,
2612 1111 2658 1156 et
2682 1119 2883 1157 omnem
2905 1105 3204 1173 scientiam;
3235 1115 3282 1162 et
3301 1107 3346 1160 si
3365 1108 3592 1165 habuero

1989 1191 2145 1260 ﬁdem
2167 1234 2182 1263 ,
2207 1193 2279 1247 ita
2309 1203 2366 1249 ut
2386 1204 2585 1250 montes
2610 1199 2962 1266 transferam;
2989 1206 3041 1251 et
3078 1200 3121 1251 si
3149 1197 3457 1255 distribuere
3480 1218 3592 1255 ant-

1989 1283 2078 1338 nia
2124 1300 2239 1343 mea
2284 1285 2338 1343 in
2378 1284 2515 1344 cibos
2559 1296 2886 1359 pauperum;
2926 1293 2974 1341 et
3019 1288 3063 1343 si
3115 1289 3373 1346 tradidero
3402 1309 3593 1367 corpus

1988 1394 2160 1433 meum
2186 1386 2239 1433 ut
2259 1377 2490 1446 ardeam,
2517 1379 2824 1435 charitatem
2844 1389 3018 1437 autem
3037 1398 3139 1437 non
3165 1383 3388 1440 habuero
3413 1426 3429 1451 ,
3458 1382 3594 1443 nihil

1987 1488 2122 1527 sum.
2149 1470 2387 1528 Charitas
2406 1473 2736 1546 magnanima
2749 1484 2841 1528 est.
2858 1473 3096 1529 Charitas
3113 1474 3329 1548 benigna
3343 1486 3437 1533 est.
3454 1476 3592 1533 Cha-

1985 1564 2113 1619 ritas
2140 1578 2244 1623 non
2272 1565 2568 1633 tantulatur,
2598 1579 2700 1619 non
2729 1565 2980 1636 inﬂatur,
3012 1582 3113 1621 non
3138 1568 3244 1640 agit
3280 1584 3587 1641 perperam,

1987 1673 2091 1715 non
2115 1658 2384 1726 irritatur,
2431 1675 2534 1714 non
2563 1657 2936 1732 confunditur,
2979 1676 3081 1717 non
3121 1662 3304 1733 quierit
3342 1677 3456 1732 quia
3494 1680 3591 1719 sua

1985 1759 2135 1819 sunt,
2170 1766 2273 1806 non
2311 1751 2503 1824 cogitat
2539 1754 2768 1817 malum,
2801 1768 2907 1808 non
2953 1754 3143 1824 gaudet
3182 1769 3337 1825 super
3382 1754 3593 1825 injusti-

281 1856 472 1924 pem;
502 1849 634 1926 quid
672 1848 868 1915 alienis
913 1855 1178 1915 concedat
1215 1866 1310 1915 θυι
1351 1866 1632 1930 congruat,
1665 1856 1883 1917 ιηειυω
1911 1856 1960 1918 Β
1987 1844 2110 1899 tiam
2138 1860 2157 1898 :
2183 1846 2369 1919 gaudet
2399 1853 2567 1900 autem
2606 1845 2838 1901 veritate.
2888 1842 3078 1900 Omnia
3128 1848 3378 1913 sustines,
3417 1848 3591 1901 omnia

280 1946 427 2002 enim
460 1957 547 2003 est
576 1947 746 2003 Deum
775 1947 962 2005 colere
999 1960 1055 2006 et
1103 1950 1330 2021 diligere
1361 1966 1429 2007 ex
1460 1959 1572 2007 toto
1593 1950 1792 2015 corde.
1827 1960 1885 2008 et

279 2050 350 2096 ex
380 2045 491 2094 tota
522 2040 727 2108 anima,
757 2051 815 2098 et
844 2055 911 2097 ex
944 2050 1053 2099 tota
1091 2044 1291 2101 virtute
1334 2061 1347 2099 :
1376 2053 1628 2112 sanctos;
1659 2055 1714 2102 et
1739 2060 1882 2101 eoa:-

279 2133 474 2201 quales
538 2132 815 2192 honorare
864 2154 878 2195 :
940 2135 1145 2197 tributa
1208 2134 1453 2211 pendere
1524 2139 1883 2212 patestatibus

279 2223 305 2299 (
319 2224 473 2283 liam.
506 2243 600 2284 xui
621 2269 637 2293 ,
663 2229 719 2300 7)
753 2247 767 2284 :
796 2232 1089 2301 superbum
1118 2246 1228 2289 non
1261 2249 1387 2290 esse
1408 2274 1422 2299 ,
1444 2234 1543 2292 sed
1570 2235 1742 2307 magis
1773 2233 1881 2291 mi-

280 2324 392 2375 tem
417 2360 432 2385 ,
484 2326 541 2375 et
594 2320 854 2379 humilem
910 2324 965 2395 (1
1011 2325 1159 2382 Petri
1198 2341 1272 2391 ιι,
1331 2327 1401 2383 15
1432 2335 1483 2382 et
1522 2326 1613 2400 14)
1654 2346 1667 2382 :
1700 2329 1881 2399 proxi-

276 2416 399 2466 mos
459 2416 708 2485 tanquam
760 2429 819 2471 se
877 2414 1105 2488 diligere
1137 2415 1217 2489 (ll
1246 2416 1469 2475 Timoth.
1503 2436 1593 2489 ιιι,
1618 2421 1677 2494 2)
1704 2438 1716 2475 :
1748 2421 1881 2479 alie-

275 2521 379 2563 nos
404 2517 458 2562 et
506 2508 755 2565 inimicos
784 2525 887 2565 non
919 2513 1171 2583 persequi
1198 2514 1347 2582 odio,
1373 2514 1467 2571 sed
1490 2530 1677 2573 amare
1708 2535 1721 2572 :
1750 2517 1881 2574 sub-

266 2601 478 2673 jectum
528 2616 657 2659 esse
685 2604 955 2674 prioribus
995 2606 1082 2663 vel
1119 2616 1280 2664 aetate
1320 2608 1620 2678 majoribus
1649 2609 1700 2683 (1
1731 2609 1877 2666 Petri

273 2696 335 2765 iv,
368 2694 448 2767 5).
478 2693 614 2763 Quia
641 2700 696 2754 et
729 2692 987 2754 Dominus
1010 2712 1129 2757 cum
1155 2712 1299 2757 esset
1322 2702 1564 2757 omnium
1595 2702 1871 2771 dominus,

269 2802 307 2845 a
336 2786 563 2856 Joanne,
597 2789 724 2860 quia
751 2786 899 2861 prior
934 2792 1005 2848 ab
1044 2791 1139 2848 illo
1178 2793 1236 2863 in
1270 2793 1549 2851 nativitate
1592 2793 1872 2851 hominum

273 2891 398 2936 erat
419 2912 436 2947 ς
466 2880 770 2951 baptizatur
795 2880 950 2956 (Luc.
976 2898 1046 2938 νιι
1064 2924 1081 2949 ,
1107 2882 1224 2957 28),
1256 2894 1312 2941 et
1335 2885 1417 2942 sic
1440 2885 1646 2958 impleri
1674 2903 1875 2943 omnem

262 2975 535 3051 justitiam
574 2982 906 3047 protestatur
933 2973 1147 3046 (Matth.
1176 2992 1273 3042 ιιι,
1305 2977 1419 3049 15).
1463 2978 1540 3033 Ex
1582 2978 1682 3033 hac
1710 2980 1874 3036 mise-

269 3069 510 3129 rihordia
542 3068 804 3138 nascitur,
837 3069 1158 3143 obsequium
1181 3068 1431 3128 deiﬁcum
1461 3081 1779 3143 generatur.
1814 3072 1872 3131 In

266 3161 359 3219 bis
388 3158 638 3219 omnibus
684 3162 932 3234 quisquis
966 3163 1282 3231 invenitur,
1337 3178 1444 3219 non
1495 3164 1766 3221 immerito
1817 3166 1870 3221 in

1985 1941 2182 2009 credit,
2211 1940 2385 1997 omnia
2411 1950 2602 2011 sperat.
2629 1939 2865 2001 Charitas
2911 1956 3174 2012 nunquam
3224 1941 3415 1999 excidit
3456 1940 3584 1997 216.

1985 2030 2131 2104 Ergo
2154 2036 2246 2104 qui
2276 2032 2417 2088 hanc
2448 2033 2612 2089 veluti
2638 2034 2877 2104 speciem
2898 2033 3135 2095 voluerit
3152 2034 3415 2102 invenire,
3454 2041 3579 2093 tota:

1984 2124 2060 2181 illi
2088 2125 2385 2197 Scriptura:
2415 2137 2541 2182 sunt
2562 2127 2871 2183 reseranda:
2894 2138 2908 2180 :
2930 2128 3108 2183 omnis
3139 2125 3430 2198 aperienda
3458 2126 3545 2182 lex
3571 2142 3584 2179 :

1982 2234 2174 2281 ciuiles
2199 2219 2488 2291 PrOphetaa
2518 2221 2826 2279 insinuandi
2851 2239 2864 2278 :
2890 2232 3080 2279 omnes
3108 2222 3340 2277 virtutes
3358 2220 3585 2290 Christi,

1981 2322 2169 2380 actus,
2201 2315 2454 2371 mandata
2509 2315 2873 2382 insinuanda,
2922 2314 3417 2386 Apostoloruntque
3446 2312 3579 2373 (ἰοε-

1984 2410 2124 2465 trina
2150 2411 2445 2483 aperienda
2496 2413 2748 2484 penitus,
2798 2421 2856 2469 et
2897 2411 3163 2467 docenda.
3216 2410 3285 2466 Et
3332 2410 3582 2480 quamvis

1979 2519 2170 2563 omnes
2191 2548 2206 2571 ,
2235 2521 2370 2578 quas
2396 2520 2557 2578 supra
2590 2507 2941 2563 tractavimus
2970 2504 3184 2575 species
3209 2545 3224 2571 ,
3256 2503 3323 2559 ad
3358 2504 3579 2574 plenum

1981 2606 2267 2660 tractatum
2295 2599 2608 2659 hominibus
2632 2597 3219 2669 ineomprehensibiles
3240 2598 3387 2663 sint;
3411 2598 3581 2653 multo

1978 2695 2151 2766 magis
2170 2709 2258 2764 ea,
2289 2694 2343 2751 in
2365 2709 2470 2766 qua
2500 2709 2691 2752 omnes
2712 2700 3186 2759 consummantur,
3214 2702 3268 2749 et
3295 2691 3535 2761 pendent
3565 2706 3579 2743 :

1977 2787 2214 2844 maxime
2240 2803 2360 2849 cum
2391 2787 2629 2845 Joannes
2659 2786 3002 2857 Evangelista
3030 2784 3373 2845 interdixerit
3421 2783 3579 2839 nobis

1975 2876 2030 2932 in
2060 2877 2304 2948 Epistola
2328 2894 2427 2937 sua
2453 2879 2764 2956 disputare.
2796 2892 2919 2934 cum
2953 2876 3102 2933 illam
3129 2884 3184 2933 et
3225 2872 3317 2931 Dei
3367 2873 3534 2935 ﬁliam
3558 2917 3574 2944 ,

1974 2981 2030 3029 et
2073 2974 2167 3031 Dei
2198 2975 2414 3031 Patrem
2456 2976 2619 3033 docet
2668 2989 2829 3042 esse,
2891 2974 2972 3030 sic
3008 2974 3197 3030 dicens
3225 2972 3281 3044 (l
3306 2971 3466 3029 Joaa.
3498 2988 3574 3041 tv,

1974 3065 2071 3139 8):
2118 3065 2260 3125 Deus
2311 3068 2517 3124 dilectio
2573 3077 2667 3124 est.
2723 3067 2781 3124 Si
2840 3074 3019 3137 potest
3064 3067 3186 3137 quis
3234 3064 3304 3121 de
3344 3073 3459 3123 toto
3497 3063 3582 3120 di-

1973 3175 2097 3218 cere
2119 3161 2251 3226 Deo,
2274 3169 2457 3232 potest
2478 3170 2533 3217 et
2559 3158 2627 3217 de
2650 3158 2967 3225 dilectione,
2993 3172 3114 3227 qua:
3136 3156 3280 3214 Deus
3302 3166 3408 3212 εει.
3435 3153 3577 3229 Ergo

262 3253 478 3311 Christo
528 3254 721 3310 dicitur
768 3268 1068 3327 permanere
1127 3255 1185 3326 (Ι
1233 3254 1393 3312 Joan.
1436 3272 1507 3328 ιι,
1560 3256 1625 3329 ϐ)
1662 3275 1675 3312 :
1733 3272 1863 3327 quo-
1899 3258 1945 3322 C
1977 3254 2020 3309 si
2041 3254 2386 3325 sacrilegium
2410 3262 2493 3310 est
2515 3251 2583 3308 de
2604 3252 2715 3307 Deo
2740 3260 2975 3317 tantum,
2998 3257 3260 3322 quamum
3290 3265 3396 3306 non
3418 3248 3571 3318 licet,

263 3346 416 3405 niam
482 3344 600 3413 haec
669 3344 851 3403 omnia
904 3348 1017 3419 ipse
1066 3345 1315 3403 Christus
1370 3356 1474 3404 est.
1523 3347 1724 3404 Paulus
1771 3364 1869 3406 nos

270 3441 553 3513 gloriosus
580 3440 685 3496 207
716 3438 975 3497 informat
998 3483 1013 3507 ,
1052 3451 1109 3499 et
1161 3441 1381 3499 instruit
1430 3444 1499 3501 de
1541 3443 1760 3500 Christo
1787 3443 1869 3501 di-

261 3542 401 3590 scus
431 3532 473 3606 (l
499 3531 732 3588 Corinth.
763 3548 813 3600 ι,
843 3530 936 3606 50)
981 3550 994 3587 :
1030 3534 1131 3602 Qui
1160 3544 1232 3590 est
1261 3536 1410 3590 nobis
1435 3551 1466 3591 a
1494 3535 1602 3589 Deo
1620 3537 1830 3610 justitia
1851 3580 1866 3606 ,

259 3636 314 3681 et
342 3623 683 3696 sanctificatio
706 3668 721 3693 ,
769 3635 817 3681 et
844 3625 1146 3701 redemptio.
1198 3626 1321 3683 Alio
1357 3627 1485 3683 item
1520 3628 1640 3683 loco
1674 3626 1868 3703 (Iuda:

259 3718 343 3787 ιι)
373 3733 391 3770 z
417 3708 520 3783 Qui
543 3725 618 3774 est
646 3717 1005 3774 misericordia
1023 3758 1042 3786 ,
1061 3735 1166 3791 pas:
1187 3761 1202 3787 ,
1242 3729 1290 3777 et
1315 3719 1521 3776 dilectio
1547 3720 1674 3791 208,
1705 3738 1867 3793 quam

259 3811 438 3869 81·ωεὶ
465 3811 665 3886 ἀγάπην
691 3820 889 3868 Vocant
932 3812 1072 3881 S09;
1104 3814 1172 3869 ad
1210 3829 1374 3885 quam
1404 3831 1552 3873 nunc
1576 3818 1864 3875 transitum

258 3904 549 3975 faciamus,
581 3905 710 3979 quia
740 3906 793 3962 in
830 3907 1084 3965 omnibus
1111 3908 1290 3980 major
1316 3920 1397 3966 est
1429 3912 1570 3967 inter
1593 3920 1817 3967 czctcras
1848 3930 1864 3968 :

257 3994 347 4054 Sic
388 3995 588 4057 fatetur
657 3998 848 4059 beatus
910 3990 1313 4074 Apostolus“
1361 4000 1481 4058 Cor.
1537 4020 1659 4069 xm,
1715 4002 1864 4075 13):

258 4087 485 4144 ﬂuitent
502 4099 674 4146 autem
729 4092 833 4145 tria
861 4090 993 4159 hac,
1036 4091 1237 4162 Fides,
1278 4095 1446 4164 Spes,
1496 4094 1712 4151 Dilectio
1734 4095 1863 4153 219.

336 4172 503 4237 XXI}.
547 4183 643 4245 Est
662 4194 794 4255 ergo
824 4184 1046 4240 Dilectio
1076 4186 1337 4242 vinculum
1362 4189 1674 4258 animorum,
1699 4199 1862 4259 casta,

259 4283 315 4331 et
341 4278 543 4334 sincera
562 4320 577 4346 ,
627 4278 673 4334 el
725 4281 833 4335 sine
859 4283 1185 4339 aemulatione
1215 4299 1234 4343 .'
1265 4270 1607 4343 Charitasest
1634 4303 1866 4343 consum-

256 4371 429 4427 matio
447 4373 673 4429 animum
702 4373 1085 4431 modulorum;
1123 4375 1250 4433 liae
1282 4377 1362 4433 vis
1386 4378 1629 4436 caminus
1660 4394 1868 4449 praece-

256 4468 510 4535 pturum,
540 4480 701 4537 qttam
726 4469 846 4539 quis
873 4480 996 4524 cum
1024 4468 1279 4526 habuerit
1305 4513 1318 4537 ,
1348 4472 1524 4526 tritinia
1552 4472 1701 4528 habet
1722 4472 1861 4540 211;

256 4556 387 4619 sine
429 4543 569 4629 hac,
621 4560 795 4633 malus
846 4560 1092 4619 remanet
1149 4572 1206 4623 et
1263 4562 1634 4635 imperfectus.
1690 4558 1760 4621 Et
1809 4568 1867 4622 ut

1972 3344 2272 3417 disputare,
2310 3352 2516 3414 tacere,
2546 3344 2859 3416 religiosum
2885 3342 2993 3399 217
3018 3359 3033 3411 ;
3063 3348 3119 3401 et
3144 3343 3479 3399 alienum....
3503 3342 3574 3399 de

1971 3438 2266 3497 dilectione
2292 3436 2660 3497 sentiendum.
2712 3436 2883 3494 Tanta
2910 3436 3054 3495 enim
3087 3434 3154 3503 de
3182 3437 3295 3509 ipsa
3317 3478 3330 3502 ,
3374 3444 3575 3509 quanta

1971 3534 2039 3591 de
2072 3534 2215 3602 Deo;
2245 3535 2501 3606 quoniam
2529 3533 2666 3589 Deus
2685 3533 2892 3589 dilectio
2914 3542 3080 3588 est....
3112 3532 3240 3589 218.
3269 3528 3576 3602 Unusquis-

1972 3638 2077 3701 que
2104 3629 2265 3701 igitur
2304 3645 2364 3686 se
2403 3640 2727 3701 cognoscat;
2759 3631 2884 3699 quia
2911 3629 2958 3684 si
2979 3630 3096 3700 quis
3126 3627 3291 3683 habet
3320 3628 3374 3683 in
3402 3642 3465 3683 se
3489 3624 3578 3683 di-

1971 3720 2260 3779 lectionem
2283 3764 2301 3790 ,
2329 3721 2696 3781 habitaculum
2722 3729 2807 3778 est
2826 3721 2922 3777 Dei
2944 3763 2960 3789 ,
2992 3722 3121 3793 quia
3156 3721 3301 3779 Deus
3323 3761 3337 3787 ,
3368 3721 3456 3790 aui
3490 3720 3571 3775 di-

1972 3814 2120 3871 lectio
2146 3825 2220 3871 est
2238 3859 2254 3885 ,
2286 3826 2452 3871 manet
2476 3816 2528 3870 in
2546 3816 2639 3870 illo
2665 3815 2791 3871 219.
2829 3816 2993 3871 Decet
3012 3814 3127 3887 jam
3156 3814 3317 3871 ﬁnem
3344 3814 3557 3886 specie-

1970 3922 2089 3963 rum
2118 3948 2131 3971 ,
2165 3908 2218 3961 in
2242 3907 2548 3963 dilectionis
2595 3905 2968 3978 plenitudine,
3009 3918 3064 3962 et
3115 3907 3357 3962 nomium
3387 3922 3569 3965 rerum

1970 4001 2234 4059 bonarum
2265 4016 2646 4059 consummare
2670 4042 2686 4069 ,
2721 4001 2959 4059 maxime
2980 4016 3102 4057 cum
3140 4002 3320 4058 omnia
3346 4002 3457 4057 sint
3484 4016 3573 4059 re-

1971 4102 2198 4151 tractata
2225 4090 2366 4153 22ος
2386 4105 2477 4151 aut
2498 4096 2541 4150 si
2566 4094 2694 4165 quid
2713 4095 3138 4165 praetermissum
3168 4104 3273 4164 est,
3302 4096 3354 4155 in
3384 4095 3572 4155 mundi

1970 4185 2306 4257 plenitudine
2335 4186 2587 4243 videatur
2627 4200 2750 4242 esse
2778 4187 3117 4243 conclusum.
3176 4187 3396 4245 veniam
3439 4199 3566 4247 ante

1969 4297 2161 4339 omnes
2191 4280 2445 4356 (fortasse
2482 4286 2608 4336 ante
2636 4280 2851 4352 omnia)
2877 4296 2910 4336 a
2939 4288 3033 4336 tuo
3066 4282 3266 4355 popqu
3304 4282 3563 4339 sinceris-

1968 4374 2106 4431 sima
2135 4374 2422 4433 sanctitate
2446 4388 2609 4430 orans
2628 4414 2642 4440 ,
2676 4383 2733 4430 u'.
2758 4383 2843 4428 tua
2870 4373 3141 4431 Sanctitas
3163 4416 3178 4442 ,
3209 4376 3297 4432 cui
3340 4376 3568 4447 peritior

1967 4466 2057 4523 vis
2075 4479 2105 4522 α
2134 4467 2246 4524 Deo
2266 4507 2281 4535 ,
2307 4476 2359 4522 et
2378 4468 2620 4523 sanctior
2657 4469 3009 4542 comprobata
3050 4479 3160 4537 est,
3188 4471 3241 4526 in
3280 4473 3566 4538 omnibus,

1969 4562 2023 4620 in
2053 4561 2248 4636 quibus
2277 4561 2622 4621 mediocritas
2652 4575 2770 4618 mea
2812 4563 2895 4618 vel
2920 4548 3303 4633 prmtermisit,
3350 4566 3437 4621 vel
3483 4567 3569 4622 in-

254 4663 561 4723 mitescat
586 4654 771 4714 vestra
797 4657 1104 4727 prudentia,
1124 4668 1386 4728 quantum
1403 4660 1642 4717 charitas
1662 4661 1862 4727 valeat,
1893 4660 1943 4722 D
1968 4666 2127 4713 senta
2161 4655 2371 4726 plenius
2400 4655 2696 4727 explanare
2724 4672 2832 4712 nou
2867 4655 3042 4729 potuit
3063 4698 3079 4724 ,
3115 4664 3362 4715 correcta
3391 4658 3566 4716 refor—

256 4743 511 4816 lcgamns
542 4762 864 4819 responsum
897 4750 1110 4806 Domini
1148 4750 1211 4805 in
1254 4752 1546 4837 Ewngelio
1584 4754 1814 4809 dicentis
1848 4768 1863 4809 :

260 4842 388 4896 cum
405 4842 844 4915 interrogaretur,
865 4842 1201 4917 sicait(Mat.
1231 4860 1366 4913 xxu,
1385 4846 1477 4904 37)
1504 4864 1517 4902 :
1542 4845 1741 4920 Diliges
1762 4846 1865 4904 Do-

1970 4764 2152 4816 mare,
2181 4759 2237 4806 et
2266 4750 2521 4821 supplere
2554 4750 2808 4818 dignetur
2850 4759 2987 4805 :aut
3027 4750 3074 4807 si
3119 4752 3434 4821 probaveris
3459 4796 3474 4822 ,
3508 4756 3567 4811 ut

1968 4853 2054 4901 est
2078 4860 2108 4900 a
2130 4844 2288 4900 nobis
2310 4843 2627 4913 opusculum
2650 4853 2887 4914 coeptum
2914 4851 2966 4900 te
2994 4845 3307 4917 petente,(et
3336 4846 3450 4903 Deo
3476 4847 3570 4904 ad-

259 4933 460 5001 mittunt
480 4933 644 4990 Deum
664 4947 806 4992 tuum
820 4954 884 4993 ea:
903 4946 1006 5000 toto
1022 4939 1177 4993 corde
1201 4948 1291 5003 tuo
1304 4949 1351 5021 et
1371 4948 1551 4996 extota
1575 4942 1749 4999 anima
1776 4951 1868 4998 tua
1961 4935 2188 5008 jm'anle
2229 4936 2529 5010 perfectum
2550 4975 2565 5006 ,
2598 4952 2706 4992 non
2737 4935 2940 4995 habere
2969 4936 3114 5009 quod
3145 4937 3316 5005 desit,
3350 4941 3402 4995 in
3439 4955 3567 4997 ora-

260 5033 313 5080 et
343 5041 408 5080 ex
428 5035 532 5081 tota
559 5029 745 5097 uirtute
764 5038 897 5096 uta;
922 5041 969 5086 et
988 5016 1173 5103 diliges
1189 5016 1479 5102 proximum
1499 5034 1590 5089 tibi
1609 5044 1865 5106 tamquam

252 5130 335 5197 te.
361 5118 430 5176 in
443 5119 1021 5199 hisduubmprssseptis
1048 5135 1156 5181 tota
1172 5128 1256 5182 lea:
1275 5129 1478 5199 pendet,
1500 5140 1548 5184 et
1564 5126 1860 5198 Propheta'.

252 5208 432 5270 Vides
456 5214 510 5271 in
541 5213 644 5272 hac
682 5214 796 5273 sola
820 5218 1074 5275 uniuersa
1098 5218 1232 5292 legis
1253 5221 1427 5295 eapita
1470 5222 1711 5291 pendere
1732 5222 1861 5279 212.

254 5307 674 5387 Yet-equisquis
704 5312 841 5371 hanc
867 5311 1050 5383 habet,
1074 5313 1183 5385 iam
1216 5315 1382 5382 Deus,
1409 5325 1464 5372 et
1491 5315 1586 5373 Dei
1607 5317 1747 5373 ﬁlius
1760 5317 1864 5373 dici

260 5409 447 5472 potest
471 5399 597 5458 215.
617 5402 698 5460 Ex
725 5405 825 5462 hac
842 5405 959 5461 sola
984 5405 1100 5462 Deo
1117 5415 1167 5462 te
1189 5406 1420 5464 similem
1432 5422 1559 5464 esse
1579 5407 1865 5465 considera

250 5475 683 5565 ξιιραιιιοιηπ
700 5498 896 5570 diligit,
914 5490 1174 5572 numquid
1189 5501 1399 5573 sperat?
1410 5500 1671 5574 numquid
1688 5504 1865 5562 tiniet‘i

260 5591 529 5669 numquid
556 5591 709 5649 ﬁdit?
737 5593 858 5653 Non
890 5612 905 5651 :
933 5594 1033 5654 sed
1072 5604 1283 5655 tantum
1320 5592 1499 5670 diligit
1527 5597 1654 5659 215.
1692 5597 1864 5667 Deus,
1962 5670 1965 5675 ἱ
2018 5649 2029 5657 .

261 5682 444 5758 inquit
471 5684 668 5743 Paulus
715 5686 909 5761 (Rem.
936 5705 1062 5761 \‘Ill,
1102 5690 1197 5763 ὅ),
1243 5706 1365 5747 cum
1408 5690 1673 5751 ﬂevisset
1714 5708 1865 5750 mun-

1972 5031 2209 5089 tionihus
2263 5039 2371 5086 tam
2418 5030 2524 5087 tuis
2565 5032 2807 5099 sanctis,
2838 5048 3000 5103 quam
3046 5033 3290 5088 omnium
3337 5027 3564 5090 fratrum

1968 5125 2290 5181 memmium
2322 5125 2431 5181 mei
2462 5125 2663 5182 habeas
2696 5143 2713 5181 :
2748 5127 2815 5182 Et
2839 5127 3015 5182 sciant
3034 5127 3213 5189 aemuli
3238 5127 3361 5183 ﬁdei
3394 5144 3526 5185 mea:
3547 5173 3564 5198 ,

1967 5217 2267 5288 prmstitam
2309 5220 2608 5285 rationem,
2638 5227 2693 5295 et
2729 5219 3024 5275 convenire
3056 5235 3178 5275 cum
3210 5220 3455 5277 Ecclesia
3480 5238 3569 5281 rc-

1971 5321 2304 5384 cognoscant
2324 5312 2453 5379 221,
2487 5323 2543 5371 et
2562 5313 2735 5386 magis
2763 5315 3080 5387 mysterium
3107 5327 3345 5381 sumant,
3376 5326 3436 5372 ut
3457 5332 3566 5374 non

1970 5406 2146 5461 solum
2174 5408 2512 5478 gratulemur
2540 5424 2638 5465 nos
2668 5408 2979 5475 credidisse
3000 5450 3017 5477 ,
3043 5423 3233 5471 verum
3270 5411 3435 5468 etiam
3466 5412 3569 5469 ali—

1971 5497 2293 5570 quantulum
2330 5500 2564 5559 inimicis
2586 5543 2601 5570 ,
2644 5510 2701 5559 et
2729 5500 3079 5559 credentibus
3115 5502 3387 5574 profuisse
3430 5503 3562 5562 222.
