4062 6332
485 355 590 409 τὶὶό
1165 350 1230 406 ΙΝ
1270 348 1527 406 1111111111
1568 349 1962 407 EPlSTOLAH
2005 347 2085 406 ΒΕ

2194 347 2522 404 “BELLUM
2568 347 3117 404 ANNO‘I‘ATIONES.

3683 350 3788 403 736

481 487 598 524 rinn
618 486 834 535 (ereum,
861 486 1014 538 super
1034 485 1235 522 omnem
1261 477 1478 534 terram,
1509 469 1708 538 regibus
1729 465 1874 526 ludo
1895 507 1909 533 ,
1940 465 2081 538 priu—
2109 471 2164 532 Α
2187 467 2633 538 monstrationem
2691 467 2888 522 habeas
2938 481 3005 522 ex
3040 467 3211 523 veteri
3262 468 3652 522 Testamento?
3683 469 3791 522 Ac-

479 543 678 607 cipibus
708 543 820 608 eius
841 584 855 607 ,
884 553 929 596 et
963 538 1362 605 Sacerdotibus,
1387 550 1434 594 et
1454 541 1645 607 papula
1669 549 1838 594 terra.
1866 541 1929 593 Et
1954 538 2081 592 alibi

486 612 702 682 (larem.
738 629 817 678 vt,
845 612 939 683 27)
973 631 984 665 :
1018 611 1381 667 Probutiouem
1425 609 1546 664 dedi
1575 621 1622 666 te
1661 613 1715 666 in
1755 611 1946 682 populo
1974 625 2082 664 nico

482 685 746 740 robustam
783 701 801 738 :
831 693 879 748 et
907 685 1069 750 scies,
1111 694 1160 736 et
1207 683 1443 752 probabis
1490 683 1621 735 viam
1666 698 1874 747 eorum,
1907 697 2082 735 omnes

483 757 742 824 principes
789 756 1136 818 declinantes,
1186 753 1501 816 ambulantes
1546 752 1934 823 fraudulenter,
1974 769 2080 824 ws,

483 822 531 882 et
578 822 816 897 ferrum:
856 828 1077 882 universi
1129 827 1360 891 corrupti
1388 835 1544 890 sunt;
1574 836 1629 880 et
1657 825 1836 897 al'lingia
1880 825 1980 897 alia
2028 822 2083 880 in

481 895 874 968 Prophetarum
918 898 1070 953 libris
1094 898 1248 953 valde
1280 897 1601 966 frequentia.
1639 895 1924 965 Prophetis
1955 908 2084 949 vero

479 969 768 1038 aliquando
798 970 964 1025 fuisse
1009 969 1316 1039 impositura
1339 1008 1353 1028 .
1398 977 1455 1023 ut
1489 968 1700 1022 Domini
1732 972 1993 1039 promissa
2021 979 2086 1020 ae

480 1043 733 1098 mandata
782 1052 1240 1112 exsemierentur,
1273 1039 1456 1094 multis
1495 1040 1758 1109 exemplis
1799 1038 2079 1112 discimus.

483 1113 662 1170 Unum
695 1114 780 1168 hic
827 1109 1045 1168 innuam
1089 1114 1432 1180 desumptum
1473 1127 1537 1166 ex
1589 1127 1708 1182 cap.
1764 1127 1819 1164 ix
1865 1110 1988 1165 libri
2017 1109 2084 1164 lV

481 1185 720 1252 Regum;
757 1187 980 1254 plurima
1013 1185 1247 1249 seilicat,
1276 1195 1430 1237 antea
1462 1199 1558 1252 per
1603 1182 1906 1254 Prophetas
1954 1197 2081 1251 pro-

480 1256 682 1322 missa,
729 1257 1121 1327 Prophetarum
1156 1255 1456 1310 ministerio
1485 1253 1792 1327 executioni
1834 1254 2084 1327 mandata

479 1324 867 1398 conspicimus.
911 1329 1110 1383 Locum
1156 1327 1298 1382 hunc
1328 1327 1615 1391 consulat,
1647 1325 1876 1380 obsecro
1897 1366 1913 1392 ,
1946 1324 2082 1380 Lec-

483 1407 590 1457 tor.
1010 1454 1018 1462 ,

557 1473 646 1527 17.
688 1473 926 1536 Omnes,
958 1471 1048 1538 qui
1096 1478 1295 1525 nostra:
1343 1468 1467 1524 lidei
1500 1467 1756 1524 articulos
1779 1466 2081 1538 exhibent,

481 1543 722 1598 secundo
753 1545 874 1600 loco
903 1537 1063 1597 istum
1099 1552 1404 1611 pr0ponunt
1437 1558 1448 1594 :
1495 1539 1562 1594 Et
1605 1541 1658 1594 in
1701 1556 1861 1611 unum
1905 1537 2086 1593 Jesum

483 1614 742 1670 Christum
771 1615 938 1681 ﬁlium
966 1613 1063 1669 Dei
1084 1609 1282 1680 (Patris
1308 1609 1748 1682 omnipotentis):
1781 1611 1945 1682 veluti
1979 1611 2088 1665 110-

481 1702 666 1749 naeus,
720 1686 1033 1758 Symbolum
1072 1685 1486 1758 iApostolicum,
1529 1685 1746 1753 alitque.
1795 1681 1870 1736 lta
1921 1698 2083 1751 porro

480 1755 774 1812 articulum
801 1759 942 1813 hunc
971 1755 1343 1826 accipiendum
1377 1770 1568 1810 omnes
1599 1762 1821 1810 monent
1841 1794 1856 1818 ,
1888 1763 1946 1807 ut
1975 1769 2082 1808 non

2144 551 2147 555 '
2187 537 2319 593 cede
2347 538 2414 593 ad
2447 539 2679 607 primum
2723 538 2943 604 librum,
2967 540 3058 608 qui
3086 537 3313 594 Genesis
3338 547 3441 594 est.
3478 541 3569 595 Ait
3601 539 3744 596 Deus
3771 558 3788 592 :

2192 608 2466 682 Faciamus
2489 610 2767 678 hominem,
2798 626 2902 682 non
2925 611 2991 663 ad
3022 611 3308 682 imaginem
3339 626 3536 673 meum.
3577 611 3694 675 sed,
3719 612 3794 666 ad

2187 681 2459 750 imaginem
2501 691 2750 735 nostram.
2797 681 2864 736 Et
2894 681 3175 750 postquam
3212 682 3383 738 factus
3418 692 3563 736 esset
3588 681 3786 748 Adam,

2187 752 2358 826 dicit;
2386 752 2456 808 Et
2487 752 2610 826 fecit
2643 754 2783 826 Deus
2809 753 3082 826 hominem
3115 774 3128 806 ;
3170 754 3234 808 ad
3269 755 3556 826 imaginem
3587 755 3681 810 Dei
3710 755 3793 808 ie-

2186 823 2260 879 cit
2298 824 2462 879 illum.
2507 823 2617 878 Nec
2660 825 2802 879 enim
2830 825 2895 878 ad
2929 825 3142 879 Patrem
3175 826 3348 882 solum
3377 823 3677 880 divinitatis
3705 827 3796 881 di-

2185 897 2443 966 gnitatem
2475 896 2788 961 restrinxit,
2836 911 3020 950 verum
3054 912 3158 952 una
3207 895 3368 953 etiam
3399 897 3592 954 Filium
3633 913 3791 953 com-

2189 967 2511 1038 prehendit:
2546 976 2608 1021 ut
2635 967 3006 1023 derlararetur
3037 968 3309 1024 hominem
3350 985 3455 1023 non
3487 969 3661 1024 solius
3694 971 3790 1025 Dei

2188 1055 2322 1104 opus
2372 1053 2490 1093 esse
2511 1081 2527 1106 ,
2571 1039 2668 1094 sed
2701 1037 2914 1094 Domini
2947 1055 3161 1109 quoque
3189 1042 3357 1095 nostri
3387 1041 3515 1094 Jesu
3556 1039 3788 1104 Christi,

2187 1111 2275 1180 qui
2307 1118 2372 1183 et
2404 1111 2516 1178 ipse
2544 1126 2698 1164 verus
2740 1119 2823 1166 est
2853 1112 3010 1166 Dens.
3047 1111 3144 1166 Hie
3195 1111 3310 1180 ipse
3348 1112 3642 1174 Dominus,
3696 1114 3791 1183 qui

2186 1198 2308 1253 eum
2353 1181 2509 1237 Patre
2538 1191 2860 1250 eeoperatur
2884 1224 2900 1247 ,
2940 1194 3262 1253 cooperatus
3305 1193 3386 1238 est
3431 1194 3486 1238 et
3513 1183 3658 1239 circa
3689 1181 3794 1237 So-

2187 1252 2364 1312 doma,
2387 1254 2543 1326 juxta
2586 1253 2920 1326 Setipturam
2959 1252 3192 1310 aientem
3224 1273 3237 1307 :
3271 1255 3338 1310 Et
3362 1256 3624 1312 Dominus
3655 1257 3794 1326 pluit

2187 1339 2350 1392 super
2377 1325 2644 1390 Sodoma,
2687 1335 2738 1379 et
2769 1325 3097 1390 Gomorrha,
3149 1327 3326 1396 ignem
3373 1335 3427 1380 et
3453 1325 3709 1396 sulphur.
3756 1343 3792 1382 θ

2189 1397 2417 1451 Domino
2461 1395 2527 1452 de
2580 1396 2742 1452 cmlo.
2777 1415 2795 1448 1
2849 1397 2953 1451 Sed
2983 1395 3199 1453 caeteris
3249 1397 3477 1453 fortasse
3517 1395 3794 1464 cupiesius

2189 1468 2424 1523 Hilarius
2475 1485 2704 1524 numero
2755 1469 2851 1534 15,
2896 1479 2952 1524 01
3000 1470 3455 1537 subsequentibus
3502 1469 3624 1524 libri
3655 1486 3694 1526 11
3723 1471 3794 1525 de

2189 1537 2457 1594 Trinitate.
2477 1541 2550 1594 Ea
2570 1557 2698 1595 vero
2715 1541 3012 1609 praesertim
3038 1542 3388 1597 teoonsulere
3401 1541 3792 1608 lecuiromime

2187 1612 2374 1687 cupio,
2436 1627 2563 1687 qua;
2587 1611 2751 1687 tradit
2778 1613 2873 1687 ille
2900 1627 3127 1687 numero
3173 1613 3389 1668 decimo
3418 1628 3572 1687 nono
3626 1613 3794 1687 (Apo-

2185 1683 2510 1756 stolusrenim
2529 1684 2719 1751 docuit,
2751 1681 2882 1756 etc.)
2903 1684 2972 1738 Ea
3001 1699 3217 1756 quoque
3242 1685 3526 1740 consulere
3556 1694 3611 1740 te
3637 1681 3789 1756 opto,

2185 1770 2309 1827 quae
2332 1755 2491 1810 docet
2517 1757 2568 1808 in
2599 1770 2678 1825 ps.
2708 1771 2795 1812 xct
2821 1758 2996 1824 (num.
3023 1758 3058 1812 3
3094 1755 3150 1811 et
3197 1756 3401 1827 seqq).
3433 1755 3642 1811 Rursus
3668 1755 3793 1827 quae

479 1830 771 1916 adoptione
815 1841 890 1912 et.
915 1825 1130 1916 gratia,
1161 1829 1234 1881 uti
1265 1843 1364 1916 nps
1397 1825 1494 1908 lilii
1526 1827 1616 1908 Dei
1651 1826 1823 1907 Patris
1853 1841 2038 1916 sumps
2060 1865 2074 1888 ,
2113 1857 2159 1916 Β
2189 1825 2354 1916 tradit
2374 1843 2547 1916 "illum.
2600 1828 2759 1910 tertio
2788 1839 2842 1882 et
2886 1838 3076 1916 quarto
3107 1825 3561 1916 tractatus_in_Ps.
3589 1825 3794 1916 extvlit

482 1897 599 1955 sed'
629 1911 817 1956 natura
849 1897 937 1956 sit
967 1900 1103 1955 lilius
1130 1918 1142 1952 :
1175 1898 1317 1968 quod
1364 1899 1665 1954 rectissime
1698 1897 1751 1952 in
1781 1897 2082 1968 apostolico

485 1973 733 2044 symbolo
761 1973 1018 2034 traditur,
1052 1973 1178 2026 dum
1211 1971 1394 2024 unicus
1424 1969 1619 2044 dicitur
1661 1968 1761 2040 (α).
1797 1968 1906 2024 Cur
1935 1968 2080 2022 enim

487 2045 678 2099 unicus
709 2054 793 2100 est
813 2085 827 2108 ,
861 2045 960 2097 nisi
989 2043 1112 2111 quia
1146 2058 1283 2096 unus
1309 2049 1496 2096 natura
1523 2043 1662 2095 lilius
1693 2050 1796 2104 est,
1829 2055 1951 2111 cum
1981 2053 2084 2093 nos

487 2114 777 2182 adeptione
805 2110 1048 2184 etgratia
1072 2113 1236 2184 (quod
1260 2112 1517 2184 diximus)
1543 2113 1636 2166 lilii
1661 2110 1866 2184 simus?
1898 2111 2085 2166 Patres

485 2187 728 2256 ejusdem
751 2187 992 2257 Symboli
1022 2183 1344 2254 interpretes
1372 2183 1594 2257 minime
1622 2183 1811 2257 alieni,
1830 2196 2084 2257 euntem

483 2253 712 2328 quisque
739 2253 891 2314 facile
917 2253 1200 2312 consulere
1226 2272 1319 2326 per
1341 2271 1396 2309 se
1414 2256 1602 2323 possit.
1622 2253 1798 2310 Unum
1828 2254 1914 2308 hic
1937 2253 2086 2307 111111-

487 2327 635 2384 rium
657 2331 856 2393 excito,
887 2345 916 2383 a
945 2346 1050 2398 quo
1075 2337 1446 2398 argumentum
1478 2327 1579 2381 hoc
1602 2335 1959 2398 pertractatur
1983 2340 2084 2378 nu-

486 2417 636 2456 mero
659 2403 897 2456 secundo
926 2395 974 2455 1.’
999 2417 1030 2454 v
1057 2402 1118 2454 de
1137 2395 1329 2454 ‘Tn'nit.
1359 2395 1418 2466 (t.
1438 2414 1498 2463 11,
1519 2416 1572 2466 ρ.
1596 2395 1696 2452 105
1721 2416 1732 2452 ;
1756 2397 1862 2452 Sed
1881 2412 1971 2450 nos
2002 2413 2088 2450 sa-

486 2472 754 2540 pientiam,
774 2471 928 2539 etc.).
964 2472 1032 2527 Et
1057 2487 1206 2528 num.
1236 2470 1308 2525 45
1339 2472 1458 2540 libri
1479 2473 1714 2540 ﬂuitem
1742 2469 1806 2522 de
1839 2468 2087 2540 Trinitate

488 2531 654 2616 (Pag.
704 2531 841 2616 J66:
873 2531 938 2596 Et
965 2560 1078 2598 cum
1107 2543 1188 2596 hic
1219 2545 1366 2616 uerus
1393 2539 1489 2595 Dei
1514 2531 1677 2616 ﬁlius,
1704 2540 1863 2616 etc):
1883 2539 2086 2616 Rursus

485 2609 541 2670 n.
568 2609 629 2672 41
659 2656 673 2677 ,
702 2615 753 2668 id
783 2623 900 2681 est,
933 2625 1208 2681 postremo
1241 2612 1360 2682 libri
1391 2627 1464 2666 vn
1493 2609 1790 2682 paritorde
1821 2609 2088 2682 Trinitate

489 2685 568 2756 (p.
596 2687 730 2743 208:
763 2680 914 2746 Credi
933 2680 1124 2754 itaque,
1143 2687 1298 2753 ete.).
1321 2680 1804 2756 Veliementissime
1827 2690 2005 2737 autem
2033 2681 2088 2756 id

485 2753 662 2820 ipsum
694 2759 926 2820 inculcat
953 2753 1106 2812 11.56
1127 2797 1140 2822 ,
1174 2768 1228 2812 et
1253 2755 1510 2826 subseqq.
1540 2754 1659 2810 libri
1695 2769 1748 2808 vr
1770 2796 1784 2817 ,
1830 2756 1991 2826 etiam
2020 2753 2087 2807 de

484 2827 769 2883 Trinitate.
805 2829 928 2884 Htec
975 2840 1181 2884 tantum
1235 2828 1404 2896 selige
1435 2824 1519 2882 'ex
1566 2841 1791 2880 numero
1834 2824 1935 2890 41,
1967 2839 2088 2895 qua)

487 2900 577 2956 hic
626 2901 930 2960 describam
971 2919 983 2958 :
1033 2919 1051 2954 1
1107 2900 1391 2958 Scribeudi
1442 2899 1604 2970 igitur
1648 2897 1925 2966 Evangelii
1979 2915 2084 2952 non

485 2973 645 3027 aliam
683 2976 913 3042 prtetulit
942 2987 1202 3038 causam,
1249 2987 1408 3042 quam
1459 2983 1515 3026 ut
1564 2985 1754 3028 omnes
1801 2971 2088 3026 crederent

485 3039 821 3100 Jesum'esse
848 3047 1120 3101 Christtun
1162 3039 1330 3102 lilium
1361 3039 1472 3098 Dei.
1503 3043 1559 3098 Si
1607 3042 1807 3100 sullicit
1845 3043 1912 3108 ad
1943 3043 2088 3096 salu-

485 3125 595 3171 tent
617 3159 630 3182 ,
663 3116 938 3182 Christum
969 3117 1226 3181 credere;
1258 3133 1377 3184 cur,
1399 3111 1596 3184 adjecit
1647 3113 1814 3169 lilium
1850 3114 1983 3169 Dei?
2029 3113 2087 3172 Si

485 3203 614 3242 vero
653 3187 926 3244 Christum
973 3191 1195 3244 credere
1237 3204 1301 3244 ea
1348 3183 1566 3244 demum
1623 3185 1756 3240 ﬁdes
1804 3198 1922 3251 est,
1976 3202 2083 3240 non

2192 1895 2339 1967 (pag.
2372 1896 2476 1952 645
2508 1900 2637 1953 101111
2670 1906 2734 1962 1),
2767 1908 2820 1953 01
2849 1895 3000 1953 uilli
3021 1899 3140 1953 libri
3186 1915 3236 1953 ix
3259 1899 3326 1956 de
3366 1898 3622 1954 Trinitate
3644 1917 3663 1955 :
3693 1902 3792 1953 de.-

2190 1971 2351 2040 nique
2380 1985 2526 2024 num.
2553 1971 2624 2026 i3
2655 1969 2746 2025 lib.
2779 1987 2849 2024 xu
2891 1970 2958 2025 de
3003 1968 3276 2026 Trinitate.
3309 1970 3603 2036 Respieere
3629 1987 3794 2040 porro

2188 2039 2441 2095 videntur
2467 2042 2520 2096 bi
2551 2041 2738 2096 Patres
2766 2059 2870 2096 non
2905 2041 3066 2096 modo
3095 2043 3162 2096 ad
3185 2051 3348 2112 caput
3375 2059 3392 2097 1
3427 2039 3674 2105 Joannis,
3702 2057 3794 2097 ve-

2190 2127 2307 2164 rum
2352 2116 2517 2167 etiam
2550 2113 2616 2166 ad
2638 2114 2961 2168 versiculum
2985 2114 3018 2168 6
3041 2115 3232 2184 psalmi
3254 2131 3400 2170 xxxu
3431 2133 3442 2170 :
3483 2114 3650 2170 Verbo
3682 2113 3795 2168 Do-

2190 2183 2316 2236 mini
2341 2185 2455 2238 caeli
2483 2186 2673 2252 ﬁrmati
2695 2196 2837 2239 sunt.

2265 2253 2353 2309 19.
2387 2255 2640 2310 Nonnihil
2676 2257 3025 2312 obscuritatis
3055 2257 3220 2312 habet
3263 2257 3350 2313 hic
3378 2257 3559 2324 locus,
3599 2259 3652 2312 in
3684 2274 3795 2328 quo

2190 2328 2352 2402 etiam
2383 2333 2768 2402 amanuensem
2793 2343 3004 2402 errasse
3020 2339 3184 2399 puto;
3205 2329 3401 2402 desunt
3423 2329 3623 2402 quippe
3650 2331 3794 2402 (mea

2191 2397 2408 2470 quidem
2460 2399 2751 2467 sententia)
2801 2415 2862 2455 ea
2895 2397 3082 2464 verba,
3132 2401 3328 2470 quibus
3355 2397 3628 2456 indicetur
3660 2397 3787 2455 ’11100

2193 2469 2389 2524 tradita
2432 2470 2600 2525 fuisse
2631 2487 2659 2524 a
2702 2471 2911 2527 Joanne
2939 2490 2952 2535 ;
2987 2469 3165 2526 veluti
3183 2473 3281 2527 ista
3301 2514 3315 2534 ,
3344 2483 3435 2526 aut
3464 2472 3644 2526 1111111111
3672 2489 3687 2526 :
3722 2476 3796 2527 uti

2193 2557 2284 2594 nos
2305 2541 2447 2595 docet
2472 2542 2700 2598 Joannes
2726 2562 2780 2598 τι.
2816 2544 3242 2614 quemadmodum
3282 2561 3346 2599 ea:
3389 2545 3594 2599 Joanne
3623 2544 3797 2600 Euan-

2191 2614 2374 2682 gelista
2414 2625 2632 2668 constat.
2678 2614 2820 2669 Tum
2863 2631 2993 2670 vero
3039 2615 3297 2684 Epistulae
3331 2617 3488 2684 hujus
3514 2617 3674 2672 verba
3718 2619 3797 2672 sic

2191 2685 2418 2755 explica.
2466 2683 2568 2740 Per
2612 2703 2760 2755 quem
2807 2683 3102 2752 (Joannem
3124 2688 3333 2744 scilicet
3375 2683 3796 2759 Evangelistam)

2191 2759 2478 2828 accepimus
2505 2799 2520 2822 ,
2567 2774 2854 2813 sermonem
2879 2801 2894 2824 ,
2936 2759 2992 2814 id
3015 2769 3086 2814 est
3134 2760 3386 2815 rationem
3409 2762 3753 2816 universitatis
3778 2789 3794 2825 ι

2190 2829 2352 2897 fuisse
2387 2830 2527 2902 apud
2566 2829 2747 2902 Deum.
2784 2830 3254 2902 Joannesﬂquippe
3281 2833 3393 2885 ha-c
3428 2831 3643 2902 tradidit
3682 2849 3696 2886 :
3727 2830 3796 2884 In

2193 2900 2448 2974 principio
2479 2911 2590 2956 erat
2620 2900 2849 2974 Verbum
2870 2944 2884 2968 ,
2929 2913 2978 2956 et
3016 2900 3238 2956 Verbum
3281 2913 3388 2956 erat
3431 2904 3572 2974 apud
3605 2900 3794 2974 Deum.

2190 2972 2374 3043 Neque
2401 2989 2529 3029 vero
2559 2973 2771 3028 mireris
2800 2989 2888 3029 me
2921 2975 3007 3030 hic
3036 2974 3353 3030 Sermonem
3377 2989 3476 3044 pro
3500 2973 3678 3028 Verbo
3718 2975 3797 3027 di-

2191 3047 2318 3100 vino
2348 3061 2564 3100 sumere
2595 3065 2606 3098 :
2637 3047 2885 3114 quamvis
2911 3045 3078 3110 enim,
3105 3045 3182 3100 uti
3216 3053 3366 3100 notat
3395 3046 3644 3100 Petavius
3673 3046 3796 3114 (lib.

2194 3133 2248 3172 vi
2293 3118 2357 3171 de
2385 3116 2573 3189 Trinit.
2609 3133 2728 3187 cap.
2768 3117 2817 3177 1,
2853 3135 2905 3171 η.
2937 3115 3025 3189 5),
3056 3119 3350 3173 secundam
3373 3117 3653 3172 Trinitatis
3679 3134 3802 3181 per-

2192 3205 2380 3244 sonam
2426 3187 2642 3242 Verbum
2693 3190 2910 3257 potius,
2966 3187 3126 3258 tutam
3175 3189 3476 3260 Sermonem
3519 3191 3799 3260 appellare

487 3257 759 3316 Christum
808 3261 1178 3316 tantumnmdo
1199 3302 1213 3325 ,
1237 3259 1631 3331 sodtlhristum
1664 3257 1828 3331 lilium
1861 3259 1954 3319 Dei
1977 3274 2086 3331 cre-
2113 3252 2156 3314 C
2191 3261 2464 3316 voluerint
2495 3252 2740 3326 Veteres,
2771 3260 2809 3314 ii
2837 3252 3161 3330 przesertim,
3191 3263 3281 3331 qui
3302 3252 3577 3316 Nicaeuum
3595 3252 3798 3316 ’1101101-

487 3331 720 3397 didisse;
752 3349 855 3394 non
888 3343 972 3387 est
999 3347 1192 3387 nomen
1223 3330 1314 3386 lilii
1346 3329 1396 3383 in
1423 3328 1638 3386 Christo
1669 3330 1942 3398 unigenito
1974 3330 2089 3384 Deo

487 3418 552 3456 ex
578 3403 885 3470 adoptionis
929 3403 1349 3466 consuetudine,
1397 3401 1538 3470 quod
1582 3405 1858 3470 proprium
1887 3411 1990 3462 est,
2020 3401 2088 3455 ad

487 3473 738 3537 salutem.
771 3494 789 3525 1
827 3475 1056 3529 Temere
1084 3489 1211 3544 ergo
1243 3471 1466 3528 aliertur
1507 3471 1744 3530 Hilarius
1774 3473 1929 3542 quasi
1977 3473 2088 3527 Eli-

487 3545 668 3613 pando
705 3557 756 3598 et
788 3545 954 3600 Felici
989 3547 1298 3613 Urgelitano
1328 3546 1530 3613 larens.

561 3618 644 3668 18.
675 3615 911 3685 Respicit
948 3607 1298 3682 proc'nldnbio
1345 3607 1409 3668 ad
1449 3615 1775 3670 versiculum
1823 3615 1857 3669 5
1898 3616 2092 3684 capitis

485 3703 500 3740 l
545 3688 820 3758 Evangelii
865 3687 1108 3752 lcannis.
1165 3688 1331 3758 Porro
1362 3685 1635 3758 uberrime
1668 3688 1768 3742 hac
1810 3686 1878 3741 de
1922 3702 2000 3751 re.
2035 3698 2089 3742 οι

485 3774 630 3828 swpe
657 3755 930 3816 disserunt
958 3760 1165 3814 Patres.
1197 3755 1560 3812 Tertullianus
1587 3757 1816 3812 obscure
1847 3759 2084 3828 quidem,

486 3840 544 3886 ut
564 3830 722 3896 solet,
747 3841 800 3894 et
829 3846 1033 3900 presse.
1060 3846 1121 3886 ea
1148 3841 1322 3885 tamen
1350 3829 1534 3894 tradit,
1559 3845 1590 3884 e
1613 3829 1806 3899 quibus
1834 3829 2086 3885 eumdem

486 3916 708 3958 sensum
737 3899 942 3958 elicias.
973 3899 1235 3970 Consule,
1267 3901 1513 3971 obsecro,
1537 3917 1658 3971 qua:
1696 3901 1854 3956 docet
1879 3901 1966 3954 ille
1992 3917 2087 3957 ca-

487 3974 594 4042 pite
657 3976 721 4030 18
786 3975 916 4040 libri
984 3974 1243 4028 adversus
1290 3970 1700 4042 Hermogenem
1745 3990 1756 4025 :
1805 3974 2089 4042 perspicue

485 4041 667 4099 autem
727 4061 848 4114 cap.
899 4045 964 4101 l9
1013 4045 1133 4099 libri
1177 4061 1208 4099 v
1237 4041 1871 4100 adversus’Marcionem
1901 4041 1985 4099 ;ί1
2030 4045 2088 4100 Si

487 4127 712 4180 nonest,
746 4118 936 4186 inquit,
963 4116 1210 4172 Christus
1242 4115 1632 4186 primogenitus
1654 4117 2000 4183 conditionis,
2032 4125 2090 4172 ut

487 4187 680 4244 Sermo
711 4188 1005 4251 Creatoris,
1034 4204 1133 4259 per
1159 4203 1317 4258 quem
1341 4187 1521 4242 omnia
1549 4188 1685 4241 taeta
1712 4198 1856 4252 sunt,
1886 4199 1941 4242 et
1970 4187 2088 4244 sine

485 4275 594 4328 quo
621 4259 752 4313 nihil
781 4260 979 4315 factum
1009 4267 1126 4325 est;
1155 4263 1199 4313 si
1225 4275 1330 4316 non
1362 4262 1414 4314 in
1448 4259 1538 4313 illo
1567 4260 1786 4314 Condita
1817 4271 1940 4314 sunt
1967 4260 2088 4314 uni—

485 4346 646 4386 versa
676 4333 728 4385 in
773 4332 957 4398 caelis,
1001 4343 1054 4388 et
1086 4335 1136 4385 in
1172 4334 1334 4386 terris
1356 4373 1371 4400 ,
1404 4329 1659 4391 visibilia.
1692 4340 1746 4386 et
1775 4332 2084 4400 invisibilia,

484 4401 602 4456 sive
627 4401 826 4468 throni,
858 4404 972 4458 sive
1011 4403 1430 4468 dominationes,
1456 4403 1569 4457 sive
1598 4401 1946 4474 principatus,
1972 4404 2088 4460 sive

487 4483 814 4540 potestates;
845 4475 888 4528 si
931 4490 1035 4528 non
1075 4487 1268 4532 cuneta
1300 4489 1395 4542 per
1437 4473 1610 4538 illum,
1643 4482 1698 4527 et
1731 4475 1785 4530 in
1830 4475 1917 4528 illo
1962 4483 2088 4529 sunt

487 4543 702 4597 condita
747 4545 883 4614 (hrec
925 4546 1066 4598 enim
1112 4543 1370 4598 Marcioni
1412 4543 1709 4614 displicere
1741 4546 2084 4614 oportebat);

487 4628 596 4668 non
629 4617 810 4683 utique
851 4626 956 4669 tam
1002 4616 1142 4680 nude
1186 4616 1455 4686 posuisset
1493 4613 1786 4682 Apostolus
1817 4633 1829 4668 :
1865 4618 1930 4670 Et
1975 4613 2087 4686 ipSe

486 4697 572 4740 est
598 4697 723 4742 ante
749 4701 960 4742 omnes.
995 4685 1278 4755 Quomodo
1309 4687 1452 4740 enim
1481 4695 1606 4741 ante
1636 4700 1855 4753 omnes,
1901 4689 1944 4741 si
1971 4685 2085 4750 non

488 4767 614 4832 ante
659 4758 887 4832 (nimia?
926 4777 944 4811 1
997 4755 1065 4832 Et
1093 4758 1223 4832 alibi
1249 4758 1487 4832 apertius
1518 4757 1760 4832 (Apolog.
1800 4775 1916 4828 cap.
1945 4759 2039 4832 21)
2068 4776 2082 4814 :

485 4827 830 4908 Aé'IO‘dﬂneir.
855 4830 1107 4908 eumdem,
1137 4830 1223 4908 qui
1251 4827 1398 4908 uerbo
1421 4830 1590 4908 omnia
1617 4827 1826 4908 faceret,
1861 4827 1906 4883 et
1933 4827 2084 4902 fecis-

488 4898 583 4972 set.
628 4898 871 4972 Cyrillus
911 4898 1431 4972 HiemSol‘yniitanus
1482 4902 1534 4957 in
1564 4898 1809 4956 eamdem
1865 4898 2086 4958 semen.

487 4971 614 5024 tiam
647 4971 745 5043 (b):
781 4990 800 5024 1
833 4971 925 5026 Vis
947 4989 1074 5028 vero
1095 4971 1396 5038 addiscere,
1425 4971 1568 5044 quod
1595 4989 1716 5028 cum
1742 4973 1899 5030 Patre
1925 4977 2088 5030 etiam

488 5052 613 5098 ante
640 5046 1137 5099 inhumanationem
1168 5055 1250 5099 est
1291 5045 1538 5100 Christus
1572 5047 1859 5112 Dominus;
1891 5059 1949 5101 ut
1981 5062 2087 5102 non

489 5117 662 5168 solum
696 5116 802 5170 lide
831 5115 1059 5184 recipias
1089 5115 1140 5170 id
1170 5115 1313 5187 quod
1337 5116 1554 5184 dicitur,
1586 5133 1772 5172 verum
1799 5119 1962 5174 etiam
1994 5120 2089 5174 de-

562 5289 642 5372 (a’)
673 5289 739 5344 Et
786 5290 839 5345 in
888 5287 1074 5346 Iesum
1103 5291 1408 5360 Christum,
1454 5293 1624 5349 tilldm
1663 5293 1783 5366 ejus
1826 5297 2084 5370 unicum;

489 5363 780 5416 Dominum
807 5373 1074 5418 nostrum.

561 5434 636 5506 (ὁ)
675 5436 895 5507 Catec_h.
935 5451 987 5507 x.
1041 5451 1096 5490 n.
1144 5435 1198 5501 6,
1253 5433 1556 5507 interprete
1585 5429 1794 5494 clariss.
1851 5440 2092 5498 Antonio

488 5503 792 5573 Augustino
819 5505 1046 5562 Toutée.
1398 5503 1415 5507 ”
1747 5563 1750 5566 .

559 5574 634 5649 (ε)
677 5574 902 5630 Tertull.
935 5587 1137 5651 contra
1183 5577 1494 5651 Hermagen.
1555 5594 1678 5650 cap.
1729 5580 1832 5651 0ος
1893 5595 2084 5642 contra

484 5646 748 5726 grumam
779 5661 898 5716 cap.
1044 5646 1465 5726 N9_vatianus'(si
1488 5653 1532 5707 is
1561 5646 1847 5726 1010101·Ιο01
1875 5655 1997 5713 libri
2023 5658 2086 5712 de

490 5713 890 5844 Trinumbcap.
936 5720 1023 5787 51.
1070 5721 1284 5844 Οἷρῐᾶδ.
1329 5713 1422 5779 lib‘.
1479 5740 1516 5779 tt
1571 5713 1840 5780 Testt'm'o.‘
1869 5741 1990 5800 cap.
2023 5729 2084 5794 5.,

490 5799 540 5842 et
593 5792 662 5844 de
764 5806 857 5844 nu.
909 5791 1085 5844 Eccle.
1164 5803 1338 5844 aclan-
1384 5797 1473 5844 lih-
1505 5799 1556 5844 ni
1605 5798 1815 5844 Institi].
1846 5815 1963 5844 mm,
2001 5799 2075 5844 As

491 5737 890 5844 trinumbcap.
936 5737 1023 5787 at.
1070 5737 1284 5849 bipl‘la.
1329 5737 1422 5779 Ιιυ.
1479 5740 1516 5779 tt
1571 5737 1814 5780 l'esttttto.
1869 5741 1990 5800 cap.
2023 5737 2075 5794 5..

484 5799 540 5874 et
593 5792 662 5844 de
725 5806 861 5874 .mt.
909 5791 1085 5847 Eccle.
1164 5803 1358 5874 11011111.Δ
1383 5797 1474 5854 lib.
1505 5799 1556 5853 tv
1603 5798 1815 5855 Institu.
1846 5815 1966 5870 cap.
2001 5799 2075 5858 4:

483 5862 627 5938 λόγος
653 5862 792 5916 enim
815 5869 865 5917 et
882 5878 1164 5922 sermonem
1185 5869 1462 5940 signiﬁcat,
1493 5882 1540 5928 et
1568 5875 1822 5930 rationem
1841 5862 1962 5946 quia
1982 5875 2072 5937 ille

2194 3335 2324 3388 lium
2371 3342 2497 3388 sunt
2541 3333 2855 3404 subsecuti;
2904 3333 3089 3402 negari
3132 3343 3310 3388 tamen
3357 3334 3580 3388 minime
3621 3342 3800 3404 potest

2193 3405 2438 3460 eamdem
2465 3406 2636 3469 ipSam
2659 3403 2950 3458 secundam
2986 3405 3340 3460 sanctissimae
3361 3403 3642 3461 Trinitatis
3672 3422 3796 3474 per-

2191 3492 2380 3532 snnam
2406 3477 2671 3532 Sermonis
2701 3477 2964 3530 vocabulo
2993 3476 3158 3530 fuisse
3190 3477 3567 3546 significatam.
3602 3491 3705 3530 non
3732 3478 3797 3528 ah

2192 3549 2260 3604 iis
2291 3558 2500 3620 tantum
2521 3589 2535 3612 ,
2567 3550 2656 3616 qui
2687 3548 2964 3620 Nicaanum
3001 3550 3260 3620 prmivere
3293 3551 3386 3620 (c),
3417 3564 3604 3620 verum
3635 3551 3796 3602 etiam

2191 3623 2260 3674 ab
2293 3621 2378 3685 iis,
2409 3619 2501 3689 qui
2529 3620 2671 3689 illud
2709 3627 2836 3673 sunt
2866 3619 3160 3674 subsecuti.
3199 3619 3309 3674 Hoc
3340 3619 3501 3674 modo
3543 3619 3796 3676 Paulinus

2191 3688 2434 3746 Nolanus
2462 3688 2673 3763 (Natat.
2708 3707 2758 3744 vr
2793 3693 2852 3745 S.
2881 3689 3073 3745 Felicis
3100 3707 3230 3745 vers.
3263 3689 3358 3762 35)
3385 3711 3398 3748 :

2287 3803 2650 3868 Christe‘Deus
2673 3799 2854 3854 Felicis
2876 3805 3012 3868 ades,
3038 3805 3107 3868 dar
3126 3809 3255 3854 nunc
3279 3803 3396 3855 mihi
3424 3805 3631 3855 verbum

2285 3868 2464 3917 Sermo
2489 3865 2647 3926 Deus,
2672 3867 2733 3916 da
2760 3865 3069 3932 perspicuam
3094 3867 3348 3933 Sapientia
3373 3873 3607 3918 mentem.

2265 3973 2523 4046 Rusticus
2555 3986 2769 4046 qucque
2799 3969 2880 4046 (d)
2922 3989 2934 4024 :
2979 3991 2998 4024 1
3031 3971 3091 4027 Si
3144 3987 3275 4046 ergo
3325 3971 3503 4046 [nodis
3546 3973 3798 4046 omnibus

2193 4045 2271 4098 sic
2307 4044 2538 4099 Verbum
2587 4043 2977 4112 sempiternum
3020 4053 3124 4109 est,
3160 4045 3299 4098 sicut
3320 4043 3507 4114 Pater,
3543 4044 3797 4114 impossi-

2194 4115 2426 4185 bilisque
2449 4117 2588 4170 idem
2615 4117 2708 4170 Dei
2737 4115 2953 4178 Sermo,
2978 4123 3034 4170 et
3058 4113 3382 4171 invertibilis
3403 4115 3541 4172 sicut
3569 4113 3746 4170 Pater.
3774 4135 3793 4170 1

2192 4186 2526 4255 Augustinus
2553 4186 2756 4256 pariter
2781 4185 2852 4259 (e)
2885 4204 2952 4259 :71
2983 4188 3127 4242 Misit
3151 4186 3348 4242 Sermo
3378 4187 3470 4241 Dei
3496 4186 3670 4255 legem
3705 4204 3800 4255 per

2193 4274 2409 4330 servum
2441 4275 2622 4323 suum,
2656 4273 2757 4330 nec
2789 4258 3001 4330 prol‘nit
3021 4260 3074 4313 in
3102 4261 3340 4330 peccatis
3369 4269 3582 4330 mortuo
3601 4259 3795 4328 generi

2195 4329 2516 4404 humano.)
2569 4329 2713 4404 Alibi
2766 4344 2896 4384 vero
2937 4329 3138 4404 (Serm.
3179 4330 3213 4385 8
3251 4330 3317 4383 de
3352 4329 3523 4404 verbis
3560 4329 3798 4404 Apostoli

2193 4418 2246 4456 n.
2281 4399 2369 4471 t):
2401 4422 2418 4456 1
2446 4402 2560 4457 Non
2593 4402 2913 4473 liberaretur
2935 4399 3232 4456 humanum
3255 4416 3450 4473 genus,
3475 4402 3576 4456 nisi
3603 4399 3799 4458 Sermo

2194 4473 2289 4529 Dei
2314 4476 2622 4543 dignaretur
2646 4488 2768 4528 esse
2797 4472 3084 4529 humanus.
3125 4491 3147 4527 1
3267 4472 3272 4473 ⁷
3841 4479 3853 4486 ’

2265 4545 2403 4612 Quin
2430 4557 2482 4601 et
2507 4545 2870 4616 Hieronymus
2895 4548 3120 4613 primam
3135 4545 3420 4616 Theophili
3445 4544 3798 4602 Alexandrini

2195 4616 2443 4686 Episc0pi
2475 4617 2781 4678 νας-0111110111
2808 4618 3093 4686 epistolam
3123 4620 3174 4672 in
3203 4620 3423 4673 latinum
3451 4629 3690 4682 vertens,
3720 4619 3798 4672 sic

2193 4689 2442 4744 eumdem
2465 4687 2826 4761 Tli_e0pbilunt
2841 4690 3166 4761 scribentem
3189 4689 3390 4761 inducit
3416 4687 3688 4761 (Epist.in
3701 4687 3800 4740 Ve-

2195 4776 2307 4814 ron.
2327 4761 2462 4833 iedit.
2491 4759 2581 4824 96,
2613 4777 2666 4814 η.
2703 4759 2756 4829 7)
2782 4777 2796 4816 :
2820 4779 2839 4814 1
2870 4760 3023 4826 Quod
3045 4760 3092 4815 si
3113 4773 3301 4833 regnat
3323 4758 3518 4816 Sermo
3546 4760 3660 4824 Dei,
3686 4763 3796 4833 uti-

2189 4846 2294 4900 que
2325 4832 2465 4888 Deus
2496 4839 2600 4897 est,
2630 4839 2737 4886 etc.
2768 4851 2791 4903 1
2827 4835 3001 4902 Atque
3033 4847 3094 4886 ea
3136 4831 3356 4903 quidem
3385 4833 3612 4898 hujusce
3644 4831 3796 4886 vocis

2197 4905 2476 4971 usurpatio
2507 4903 2643 4958 adeo
2671 4901 2944 4960 nonnullis
2972 4901 3265 4972 placuit,ut
3293 4903 3350 4960 in
3379 4904 3598 4958 latinam
3625 4903 3793 4972 ipsam

2196 4975 2378 5030 Sacra:
2406 4975 2704 5044 Scriptura:
2735 4975 3242 5044 interpretationem
3271 4992 3389 5032 eam
3433 4975 3747 5030 inducerent
3774 4990 3789 5037 ;

2193 5047 2416 5118 quippe,
2447 5058 2701 5102 monente
2728 5048 3029 5117 Augustino
3049 5048 3115 5118 (Ῑ)
3138 5089 3153 5115 ,
3177 5050 3228 5103 111
3255 5047 3580 5116 quibusdam
3594 5046 3795 5118 codici-

2195 5118 2296 5174 bus
2325 5116 2508 5172 Sermo
2541 5116 2836 5188 legebatur,
2867 5122 2956 5174 ubi
2987 5116 3125 5174 nunc
3169 5119 3388 5174 Verbum
3415 5121 3666 5190 legimus.
3701 5117 3793 5173 Ille

2196 5307 2245 5356 et
2267 5314 2366 5354 vos:
2395 5305 2491 5364 est,
2521 5306 2571 5352 et
2599 5297 2850 5369 sapientia
2879 5297 2974 5352 Dei
2998 5314 3012 5364 ;
3044 5305 3100 5354 et
3118 5299 3292 5369 capite
3313 5297 3368 5365 8,
3398 5298 3489 5354 ubi
3533 5299 3648 5369 inec
3676 5293 3791 5356 elo-

2199 5372 2382 5441 quitur
2417 5387 2429 5424 :
2462 5363 2836 5424 merito'sermo
2858 5412 2872 5435 ,
2903 5379 2949 5424 et
2984 5363 3199 5423 νει-1111111
3220 5366 3320 5422 Dei
3345 5363 3553 5427 dicitur.
3590 5363 3792 5426 Rursus

2198 5457 2317 5512 cap.
2350 5443 2414 5508 9,
2446 5442 2536 5496 sed
2569 5443 2746 5495 melius
2782 5441 2949 5496 Grarci
2979 5443 3131 5517 λόγον
3153 5441 3349 5508 dicunt,
3383 5457 3536 5512 quam
3559 5457 3652 5497 nos
3680 5459 3791 5497 ver-

2193 5515 2311 5568 bum
2340 5516 2444 5568 sive
2470 5528 2774 5566 sermonem.

2227 5532 2311 5568 um
2340 5530 2444 5568 sive
2470 5528 2774 5566 sermonem.

2265 5584 2434 5662 (11)]11
2482 5585 2633 5662 initio
2664 5583 3058 5662 disputationis
3070 5593 3278 5662 contra
3311 5585 3658 5660 Acephatos;
3702 5586 3792 5642 Bi-

2189 5653 2322 5729 blio.
2353 5655 2469 5729 Pat.
2511 5653 2678 5706 Paris.
2705 5653 2850 5729 t.'tv,
2884 5674 3001 5729 pag.
3029 5657 3154 5715 798.

2283 5724 2334 5799 e)
2361 5725 2475 5800 Lib.
2508 5739 2582 5780 xu
2610 5738 2795 5782 contra
2826 5724 3102 5792 Faustum,
3133 5743 3252 5800 cap.
3287 5729 3378 5784 35.

2282 5794 2326 5872 Γ)
2366 5799 2602 5856 Tractat.
2637 5815 2732 5856 seu
2760 5801 3020 5859 Sermdne
3056 5794 3278 5869 108,'in
3315 5802 3472 5859 toan.
3527 5820 3583 5860 n.
3617 5807 3653 5864 5
3678 5823 3694 5860 :
3723 5794 3795 5864 EE

2184 5875 2235 5932 in
2264 5873 2567 5952 quibusdam
2592 5874 2853 5931 codicibus
2880 5878 3103 5956 positum
3124 5884 3238 5934 est:
3271 5878 3499 5937 Verbum
3519 5887 3668 5935 11111111
3690 5887 3772 5939 νε-
