  <div class='ocr_page' id='page_1' title='image "/cluster/home/n/w/nwhite01/storage/ocr_20150623/10/hvd.32044015471279/388.png"; bbox 0 0 4062 6332; ppageno 0'>
   <div class='ocr_carea' id='block_1_1' title="bbox 262 323 370 381">
    <p class='ocr_par' dir='ltr' id='par_1_1' title="bbox 262 323 370 381">
     <span class='ocr_line' id='line_1_1' title="bbox 262 323 370 381; baseline 0.046 -5"><span class='ocrx_word' id='word_1_1' title='bbox 262 323 370 381; x_wconf 63' lang='grc' dir='ltr'>τῦῧ</span> 
     </span>
    </p>
   </div>
   <div class='ocr_carea' id='block_1_2' title="bbox 955 326 2920 392">
    <p class='ocr_par' dir='ltr' id='par_1_2' title="bbox 955 326 2920 392">
     <span class='ocr_line' id='line_1_2' title="bbox 955 326 2920 392; baseline 0.003 -7"><span class='ocrx_word' id='word_1_2' title='bbox 955 326 1019 386; x_wconf 73' lang='grc' dir='ltr'>ιΝ</span> <span class='ocrx_word' id='word_1_3' title='bbox 1071 328 1321 388; x_wconf 77' lang='grc' dir='ltr'>ιιιιΑιιιι</span> <span class='ocrx_word' id='word_1_4' title='bbox 1398 327 1780 386; x_wconf 58' lang='grc' dir='ltr'><strong>ΕΡΙΒΊὈΙΛΒΙ</strong></span> <span class='ocrx_word' id='word_1_5' title='bbox 1818 328 1947 388; x_wconf 69' lang='grc' dir='ltr'><strong>ειςυ</strong></span> <span class='ocrx_word' id='word_1_6' title='bbox 1990 330 2336 390; x_wconf 65' lang='lat' dir='ltr'><strong>“BELLUM</strong></span> <span class='ocrx_word' id='word_1_7' title='bbox 2380 333 2920 392; x_wconf 66' lang='lat' dir='ltr'><strong>ANNO‘I‘ATIONBS.</strong></span> 
     </span>
    </p>
   </div>
   <div class='ocr_carea' id='block_1_3' title="bbox 3447 336 3552 397">
    <p class='ocr_par' dir='ltr' id='par_1_3' title="bbox 3447 336 3552 397">
     <span class='ocr_line' id='line_1_3' title="bbox 3447 336 3552 397; baseline 0.048 -5"><span class='ocrx_word' id='word_1_8' title='bbox 3447 336 3552 397; x_wconf 75' lang='grc'><strong>766</strong></span> 
     </span>
    </p>
   </div>
   <div class='ocr_carea' id='block_1_4' title="bbox 260 446 3554 518">
    <p class='ocr_par' dir='ltr' id='par_1_4' title="bbox 260 446 3554 518">
     <span class='ocr_line' id='line_1_4' title="bbox 260 446 3554 518; baseline 0.001 -17"><span class='ocrx_word' id='word_1_9' title='bbox 260 466 365 518; x_wconf 87' lang='lat' dir='ltr'><strong>qua</strong></span> <span class='ocrx_word' id='word_1_10' title='bbox 418 463 512 518; x_wconf 82' lang='lat' dir='ltr'><strong>per</strong></span> <span class='ocrx_word' id='word_1_11' title='bbox 555 462 616 502; x_wconf 86' lang='lat' dir='ltr'><strong>ea</strong></span> <span class='ocrx_word' id='word_1_12' title='bbox 665 455 906 516; x_wconf 68' lang='lat' dir='ltr'><strong>tempora</strong></span> <span class='ocrx_word' id='word_1_13' title='bbox 953 448 1290 516; x_wconf 82' lang='lat' dir='ltr'><strong>potissimum</strong></span> <span class='ocrx_word' id='word_1_14' title='bbox 1328 446 1702 517; x_wconf 80' lang='lat' dir='ltr'><strong>disputabatur</strong></span> <span class='ocrx_word' id='word_1_15' title='bbox 1741 467 1752 500; x_wconf 90' lang='lat'>:</span> <span class='ocrx_word' id='word_1_16' title='bbox 1802 461 1855 502; x_wconf 88' lang='lat' dir='ltr'><strong>at</strong></span> <span class='ocrx_word' id='word_1_17' title='bbox 1882 451 1934 509; x_wconf 79' lang='grc' dir='ltr'><strong>Α</strong></span> <span class='ocrx_word' id='word_1_18' title='bbox 1961 447 2181 504; x_wconf 83' lang='lat' dir='ltr'><strong>habent.</strong></span> <span class='ocrx_word' id='word_1_19' title='bbox 2215 449 2360 506; x_wconf 86' lang='lat' dir='ltr'><strong>Satis</strong></span> <span class='ocrx_word' id='word_1_20' title='bbox 2383 450 2510 506; x_wconf 89' lang='lat' dir='ltr'><strong>mihi</strong></span> <span class='ocrx_word' id='word_1_21' title='bbox 2537 451 2660 518; x_wconf 89' lang='lat' dir='ltr'><strong>erit,</strong></span> <span class='ocrx_word' id='word_1_22' title='bbox 2693 454 2740 506; x_wconf 90' lang='lat' dir='ltr'><strong>si</strong></span> <span class='ocrx_word' id='word_1_23' title='bbox 2772 451 2841 507; x_wconf 90' lang='lat' dir='ltr'><strong>ad</strong></span> <span class='ocrx_word' id='word_1_24' title='bbox 2873 449 3159 505; x_wconf 86' lang='lat' dir='ltr'><strong>nonnullos</strong></span> <span class='ocrx_word' id='word_1_25' title='bbox 3189 449 3378 506; x_wconf 90' lang='lat' dir='ltr'><strong>Hilarii</strong></span> <span class='ocrx_word' id='word_1_26' title='bbox 3401 450 3554 504; x_wconf 81' lang='lat' dir='ltr'><strong>locus</strong></span> 
     </span>
    </p>
   </div>
   <div class='ocr_carea' id='block_1_5' title="bbox 260 517 1853 591">
    <p class='ocr_par' dir='ltr' id='par_1_5' title="bbox 260 517 1853 591">
     <span class='ocr_line' id='line_1_5' title="bbox 260 517 1853 591; baseline -0.001 -17"><span class='ocrx_word' id='word_1_27' title='bbox 260 517 522 576; x_wconf 82' lang='lat' dir='ltr'><strong>articulos</strong></span> <span class='ocrx_word' id='word_1_28' title='bbox 577 517 812 588; x_wconf 78' lang='lat' dir='ltr'><strong>reliquos</strong></span> <span class='ocrx_word' id='word_1_29' title='bbox 861 521 1170 575; x_wconf 73' lang='lat' dir='ltr'><strong>summatim</strong></span> <span class='ocrx_word' id='word_1_30' title='bbox 1229 518 1699 589; x_wconf 76' lang='lat' dir='ltr'><strong>comprehendenti</strong></span> <span class='ocrx_word' id='word_1_31' title='bbox 1750 521 1853 591; x_wconf 72' lang='lat' dir='ltr'><strong>(ti).</strong></span> 
     </span>
    </p>
   </div>
   <div class='ocr_carea' id='block_1_6' title="bbox 259 591 1859 661">
    <p class='ocr_par' dir='ltr' id='par_1_6' title="bbox 259 591 1859 661">
     <span class='ocr_line' id='line_1_6' title="bbox 259 591 1859 661; baseline 0.001 -16"><span class='ocrx_word' id='word_1_32' title='bbox 259 592 417 658; x_wconf 89' lang='lat' dir='ltr'><strong>Quod</strong></span> <span class='ocrx_word' id='word_1_33' title='bbox 444 591 640 647; x_wconf 90' lang='lat' dir='ltr'><strong>mirum</strong></span> <span class='ocrx_word' id='word_1_34' title='bbox 671 606 775 646; x_wconf 90' lang='lat' dir='ltr'><strong>non</strong></span> <span class='ocrx_word' id='word_1_35' title='bbox 803 602 883 646; x_wconf 87' lang='lat' dir='ltr'><strong>est</strong></span> <span class='ocrx_word' id='word_1_36' title='bbox 902 609 918 656; x_wconf 82' lang='lat'><strong>;</strong></span> <span class='ocrx_word' id='word_1_37' title='bbox 940 593 1139 648; x_wconf 88' lang='lat' dir='ltr'><strong>etenim</strong></span> <span class='ocrx_word' id='word_1_38' title='bbox 1165 591 1220 646; x_wconf 85' lang='lat' dir='ltr'><strong>lii</strong></span> <span class='ocrx_word' id='word_1_39' title='bbox 1245 592 1343 661; x_wconf 88' lang='lat' dir='ltr'><strong>ipsi</strong></span> <span class='ocrx_word' id='word_1_40' title='bbox 1370 591 1581 647; x_wconf 81' lang='lat' dir='ltr'><strong>articuli</strong></span> <span class='ocrx_word' id='word_1_41' title='bbox 1604 591 1859 646; x_wconf 88' lang='lat' dir='ltr'><strong>articulos</strong></span> 
     </span>
    </p>
   </div>
   <div class='ocr_carea' id='block_1_7' title="bbox 259 663 1856 733">
    <p class='ocr_par' dir='ltr' id='par_1_7' title="bbox 259 663 1856 733">
     <span class='ocr_line' id='line_1_7' title="bbox 259 663 1856 733; baseline -0.001 -15"><span class='ocrx_word' id='word_1_42' title='bbox 259 678 359 718; x_wconf 87' lang='lat' dir='ltr'><strong>eos</strong></span> <span class='ocrx_word' id='word_1_43' title='bbox 383 672 474 717; x_wconf 91' lang='lat' dir='ltr'><strong>aut</strong></span> <span class='ocrx_word' id='word_1_44' title='bbox 495 665 923 732; x_wconf 79' lang='lat' dir='ltr'><strong>complectuntur</strong></span> <span class='ocrx_word' id='word_1_45' title='bbox 944 674 1034 718; x_wconf 88' lang='lat' dir='ltr'><strong>aut</strong></span> <span class='ocrx_word' id='word_1_46' title='bbox 1062 664 1309 729; x_wconf 86' lang='lat' dir='ltr'><strong>ittnuunt,</strong></span> <span class='ocrx_word' id='word_1_47' title='bbox 1331 678 1469 733; x_wconf 82' lang='lat' dir='ltr'><strong>quos</strong></span> <span class='ocrx_word' id='word_1_48' title='bbox 1489 663 1856 733; x_wconf 80' lang='lat' dir='ltr'><strong>Apostolicttm</strong></span> 
     </span>
    </p>
   </div>
   <div class='ocr_carea' id='block_1_8' title="bbox 259 733 1859 806">
    <p class='ocr_par' dir='ltr' id='par_1_8' title="bbox 259 733 1859 806">
     <span class='ocr_line' id='line_1_8' title="bbox 259 733 1859 806; baseline -0.001 -15"><span class='ocrx_word' id='word_1_49' title='bbox 259 735 580 806; x_wconf 82' lang='lat' dir='ltr'><strong>Symbolum</strong></span> <span class='ocrx_word' id='word_1_50' title='bbox 609 735 802 800; x_wconf 85' lang='lat' dir='ltr'><strong>tradit;</strong></span> <span class='ocrx_word' id='word_1_51' title='bbox 829 735 966 790; x_wconf 89' lang='lat' dir='ltr'><strong>adeo</strong></span> <span class='ocrx_word' id='word_1_52' title='bbox 990 746 1046 790; x_wconf 88' lang='grc' dir='ltr'><strong>ιιι</strong></span> <span class='ocrx_word' id='word_1_53' title='bbox 1078 736 1132 790; x_wconf 82' lang='lat' dir='ltr'><strong>bi</strong></span> <span class='ocrx_word' id='word_1_54' title='bbox 1157 737 1280 805; x_wconf 86' lang='lat' dir='ltr'><strong>ipsi,</strong></span> <span class='ocrx_word' id='word_1_55' title='bbox 1308 749 1444 804; x_wconf 88' lang='lat' dir='ltr'><strong>quos</strong></span> <span class='ocrx_word' id='word_1_56' title='bbox 1469 735 1645 802; x_wconf 91' lang='lat' dir='ltr'><strong>attuli,</strong></span> <span class='ocrx_word' id='word_1_57' title='bbox 1672 733 1859 790; x_wconf 84' lang='lat' dir='ltr'><strong>Patres</strong></span> 
     </span>
    </p>
   </div>
   <div class='ocr_carea' id='block_1_9' title="bbox 259 806 1857 877">
    <p class='ocr_par' dir='ltr' id='par_1_9' title="bbox 259 806 1857 877">
     <span class='ocr_line' id='line_1_9' title="bbox 259 806 1857 877; baseline 0.001 -17"><span class='ocrx_word' id='word_1_58' title='bbox 259 807 483 861; x_wconf 89' lang='lat' dir='ltr'><strong>minime</strong></span> <span class='ocrx_word' id='word_1_59' title='bbox 513 823 698 861; x_wconf 89' lang='lat' dir='ltr'><strong>eorum</strong></span> <span class='ocrx_word' id='word_1_60' title='bbox 733 807 1065 876; x_wconf 89' lang='lat' dir='ltr'><strong>persuasioni</strong></span> <span class='ocrx_word' id='word_1_61' title='bbox 1091 807 1356 862; x_wconf 78' lang='lat' dir='ltr'><strong>obsistunt</strong></span> <span class='ocrx_word' id='word_1_62' title='bbox 1377 847 1392 872; x_wconf 89' lang='lat'><strong>,</strong></span> <span class='ocrx_word' id='word_1_63' title='bbox 1427 810 1512 877; x_wconf 86' lang='lat' dir='ltr'><strong>qui</strong></span> <span class='ocrx_word' id='word_1_64' title='bbox 1543 806 1857 876; x_wconf 59' lang='lat' dir='ltr'><strong>Symbolum</strong></span> 
     </span>
    </p>
   </div>
   <div class='ocr_carea' id='block_1_10' title="bbox 256 877 1781 948">
    <p class='ocr_par' dir='ltr' id='par_1_10' title="bbox 256 877 1781 948">
     <span class='ocr_line' id='line_1_10' title="bbox 256 877 1781 948; baseline -0.001 -16"><span class='ocrx_word' id='word_1_65' title='bbox 256 879 634 947; x_wconf 69' lang='lat' dir='ltr'><strong>Apostolicum</strong></span> <span class='ocrx_word' id='word_1_66' title='bbox 667 879 734 934; x_wconf 85' lang='lat' dir='ltr'><strong>ab</strong></span> <span class='ocrx_word' id='word_1_67' title='bbox 764 879 1037 948; x_wconf 86' lang='lat' dir='ltr'><strong>Apostolis</strong></span> <span class='ocrx_word' id='word_1_68' title='bbox 1065 879 1192 947; x_wconf 84' lang='lat' dir='ltr'><strong>ipsis</strong></span> <span class='ocrx_word' id='word_1_69' title='bbox 1213 879 1469 934; x_wconf 87' lang='lat' dir='ltr'><strong>dictatum</strong></span> <span class='ocrx_word' id='word_1_70' title='bbox 1491 877 1781 932; x_wconf 83' lang='lat' dir='ltr'><strong>al‘tirmant.</strong></span> 
     </span>
    </p>
   </div>
   <div class='ocr_carea' id='block_1_11' title="bbox 337 951 1856 1020">
    <p class='ocr_par' dir='ltr' id='par_1_11' title="bbox 337 951 1856 1020">
     <span class='ocr_line' id='line_1_11' title="bbox 337 951 1856 1020; baseline 0.001 -15"><span class='ocrx_word' id='word_1_71' title='bbox 337 951 430 1006; x_wconf 75' lang='lat'><strong>50.</strong></span> <span class='ocrx_word' id='word_1_72' title='bbox 475 951 767 1020; x_wconf 81' lang='lat' dir='ltr'><strong>Epistulam</strong></span> <span class='ocrx_word' id='word_1_73' title='bbox 801 951 936 1006; x_wconf 84' lang='lat' dir='ltr'><strong>hanc</strong></span> <span class='ocrx_word' id='word_1_74' title='bbox 957 965 1054 1020; x_wconf 88' lang='lat' dir='ltr'><strong>pro</strong></span> <span class='ocrx_word' id='word_1_75' title='bbox 1074 951 1388 1006; x_wconf 77' lang='lat' dir='ltr'><strong>diversitate</strong></span> <span class='ocrx_word' id='word_1_76' title='bbox 1416 959 1856 1020; x_wconf 76' lang='lat' dir='ltr'><strong>argumentorum</strong></span> 
     </span>
    </p>
   </div>
   <div class='ocr_carea' id='block_1_12' title="bbox 257 1022 1856 1094">
    <p class='ocr_par' dir='ltr' id='par_1_12' title="bbox 257 1022 1856 1094">
     <span class='ocr_line' id='line_1_12' title="bbox 257 1022 1856 1094; baseline 0.001 -18"><span class='ocrx_word' id='word_1_77' title='bbox 257 1022 313 1076; x_wconf 88' lang='lat' dir='ltr'><strong>in</strong></span> <span class='ocrx_word' id='word_1_78' title='bbox 341 1031 454 1077; x_wconf 89' lang='lat' dir='ltr'><strong>tres</strong></span> <span class='ocrx_word' id='word_1_79' title='bbox 483 1032 660 1091; x_wconf 87' lang='lat' dir='ltr'><strong>partes</strong></span> <span class='ocrx_word' id='word_1_80' title='bbox 685 1023 927 1077; x_wconf 79' lang='lat' dir='ltr'><strong>dividere</strong></span> <span class='ocrx_word' id='word_1_81' title='bbox 948 1035 1254 1094; x_wconf 75' lang='lat' dir='ltr'><strong>possumus.</strong></span> <span class='ocrx_word' id='word_1_82' title='bbox 1279 1022 1520 1078; x_wconf 84' lang='lat' dir='ltr'><strong>Priorem</strong></span> <span class='ocrx_word' id='word_1_83' title='bbox 1545 1032 1772 1094; x_wconf 84' lang='lat' dir='ltr'><strong>partem,</strong></span> <span class='ocrx_word' id='word_1_84' title='bbox 1803 1023 1856 1077; x_wconf 92' lang='lat' dir='ltr'><strong>in</strong></span> 
     </span>
    </p>
   </div>
   <div class='ocr_carea' id='block_1_13' title="bbox 255 1093 1855 1164">
    <p class='ocr_par' dir='ltr' id='par_1_13' title="bbox 255 1093 1855 1164">
     <span class='ocr_line' id='line_1_13' title="bbox 255 1093 1855 1164; baseline 0.002 -18"><span class='ocrx_word' id='word_1_85' title='bbox 255 1111 362 1158; x_wconf 82' lang='lat' dir='ltr'><strong>qua</strong></span> <span class='ocrx_word' id='word_1_86' title='bbox 391 1095 652 1149; x_wconf 80' lang='lat' dir='ltr'><strong>hactenus</strong></span> <span class='ocrx_word' id='word_1_87' title='bbox 684 1093 1042 1164; x_wconf 87' lang='lat' dir='ltr'><strong>perstititttus,</strong></span> <span class='ocrx_word' id='word_1_88' title='bbox 1078 1094 1238 1149; x_wconf 80' lang='lat' dir='ltr'><strong>habet</strong></span> <span class='ocrx_word' id='word_1_89' title='bbox 1266 1108 1474 1148; x_wconf 88' lang='lat' dir='ltr'><strong>summa</strong></span> <span class='ocrx_word' id='word_1_90' title='bbox 1505 1093 1855 1149; x_wconf 68' lang='lat' dir='ltr'><strong>articulorum</strong></span> 
     </span>
    </p>
   </div>
   <div class='ocr_carea' id='block_1_14' title="bbox 256 1165 1854 1236">
    <p class='ocr_par' dir='ltr' id='par_1_14' title="bbox 256 1165 1854 1236">
     <span class='ocr_line' id='line_1_14' title="bbox 256 1165 1854 1236; baseline 0 -16"><span class='ocrx_word' id='word_1_91' title='bbox 256 1165 385 1220; x_wconf 83' lang='lat' dir='ltr'><strong>ﬁdei</strong></span> <span class='ocrx_word' id='word_1_92' title='bbox 427 1177 662 1227; x_wconf 69' lang='lat' dir='ltr'><strong>nostris;</strong></span> <span class='ocrx_word' id='word_1_93' title='bbox 695 1176 900 1236; x_wconf 87' lang='lat' dir='ltr'><strong>partem</strong></span> <span class='ocrx_word' id='word_1_94' title='bbox 942 1167 1188 1232; x_wconf 86' lang='lat' dir='ltr'><strong>alteram,</strong></span> <span class='ocrx_word' id='word_1_95' title='bbox 1225 1181 1382 1234; x_wconf 85' lang='lat' dir='ltr'><strong>quam</strong></span> <span class='ocrx_word' id='word_1_96' title='bbox 1427 1181 1568 1221; x_wconf 90' lang='lat' dir='ltr'><strong>nunc</strong></span> <span class='ocrx_word' id='word_1_97' title='bbox 1605 1165 1854 1236; x_wconf 75' lang='lat' dir='ltr'><strong>aggredi-</strong></span> 
     </span>
    </p>
   </div>
   <div class='ocr_carea' id='block_1_15' title="bbox 254 1236 1852 1308">
    <p class='ocr_par' dir='ltr' id='par_1_15' title="bbox 254 1236 1852 1308">
     <span class='ocr_line' id='line_1_15' title="bbox 254 1236 1852 1308; baseline 0.001 -16"><span class='ocrx_word' id='word_1_98' title='bbox 254 1253 403 1303; x_wconf 88' lang='lat' dir='ltr'><strong>mur,</strong></span> <span class='ocrx_word' id='word_1_99' title='bbox 447 1237 750 1296; x_wconf 83' lang='lat' dir='ltr'><strong>accuratior</strong></span> <span class='ocrx_word' id='word_1_100' title='bbox 792 1236 1080 1308; x_wconf 83' lang='lat' dir='ltr'><strong>explicatio</strong></span> <span class='ocrx_word' id='word_1_101' title='bbox 1121 1238 1432 1293; x_wconf 87' lang='lat' dir='ltr'><strong>eorntndem</strong></span> <span class='ocrx_word' id='word_1_102' title='bbox 1483 1238 1852 1293; x_wconf 86' lang='lat' dir='ltr'><strong>articulorum.</strong></span> 
     </span>
    </p>
   </div>
   <div class='ocr_carea' id='block_1_16' title="bbox 255 1308 1857 1380">
    <p class='ocr_par' dir='ltr' id='par_1_16' title="bbox 255 1308 1857 1380">
     <span class='ocr_line' id='line_1_16' title="bbox 255 1308 1857 1380; baseline 0.001 -16"><span class='ocrx_word' id='word_1_103' title='bbox 255 1308 430 1364; x_wconf 88' lang='lat' dir='ltr'><strong>Porro</strong></span> <span class='ocrx_word' id='word_1_104' title='bbox 472 1327 540 1364; x_wconf 92' lang='lat' dir='ltr'><strong>ue</strong></span> <span class='ocrx_word' id='word_1_105' title='bbox 580 1309 712 1380; x_wconf 90' lang='lat' dir='ltr'><strong>quid</strong></span> <span class='ocrx_word' id='word_1_106' title='bbox 760 1309 1119 1376; x_wconf 91' lang='lat' dir='ltr'><strong>dissimulem,</strong></span> <span class='ocrx_word' id='word_1_107' title='bbox 1151 1309 1243 1364; x_wconf 83' lang='lat' dir='ltr'><strong>ditt</strong></span> <span class='ocrx_word' id='word_1_108' title='bbox 1276 1310 1582 1378; x_wconf 79' lang='lat' dir='ltr'><strong>suspicatus</strong></span> <span class='ocrx_word' id='word_1_109' title='bbox 1603 1323 1746 1369; x_wconf 86' lang='lat' dir='ltr'><strong>sum.</strong></span> <span class='ocrx_word' id='word_1_110' title='bbox 1789 1326 1857 1366; x_wconf 88' lang='lat' dir='ltr'><strong>ne</strong></span> 
     </span>
    </p>
   </div>
   <div class='ocr_carea' id='block_1_17' title="bbox 257 1379 1858 1452">
    <p class='ocr_par' dir='ltr' id='par_1_17' title="bbox 257 1379 1858 1452">
     <span class='ocr_line' id='line_1_17' title="bbox 257 1379 1858 1452; baseline 0.002 -18"><span class='ocrx_word' id='word_1_111' title='bbox 257 1380 547 1451; x_wconf 74' lang='lat' dir='ltr'><strong>legendum</strong></span> <span class='ocrx_word' id='word_1_112' title='bbox 573 1379 716 1452; x_wconf 74' lang='lat' dir='ltr'><strong>esset</strong></span> <span class='ocrx_word' id='word_1_113' title='bbox 744 1382 918 1450; x_wconf 81' lang='lat' dir='ltr'><strong>potius</strong></span> <span class='ocrx_word' id='word_1_114' title='bbox 946 1381 1062 1450; x_wconf 85' lang='lat' dir='ltr'><strong>quis</strong></span> <span class='ocrx_word' id='word_1_115' title='bbox 1090 1381 1155 1435; x_wconf 81' lang='lat' dir='ltr'><strong>sit</strong></span> <span class='ocrx_word' id='word_1_116' title='bbox 1176 1381 1317 1452; x_wconf 86' lang='lat' dir='ltr'><strong>(seu,</strong></span> <span class='ocrx_word' id='word_1_117' title='bbox 1339 1381 1383 1435; x_wconf 91' lang='lat' dir='ltr'><strong>si</strong></span> <span class='ocrx_word' id='word_1_118' title='bbox 1411 1383 1510 1443; x_wconf 90' lang='lat' dir='ltr'><strong>vis,</strong></span> <span class='ocrx_word' id='word_1_119' title='bbox 1531 1382 1646 1451; x_wconf 83' lang='lat' dir='ltr'><strong>quis</strong></span> <span class='ocrx_word' id='word_1_120' title='bbox 1664 1379 1780 1451; x_wconf 85' lang='lat' dir='ltr'><strong>est),</strong></span> <span class='ocrx_word' id='word_1_121' title='bbox 1811 1393 1858 1438; x_wconf 86' lang='lat' dir='ltr'><strong>et</strong></span> 
     </span>
    </p>
   </div>
   <div class='ocr_carea' id='block_1_18' title="bbox 259 1449 1857 1523">
    <p class='ocr_par' dir='ltr' id='par_1_18' title="bbox 259 1449 1857 1523">
     <span class='ocr_line' id='line_1_18' title="bbox 259 1449 1857 1523; baseline 0.002 -17"><span class='ocrx_word' id='word_1_122' title='bbox 259 1449 433 1523; x_wconf 73' lang='lat' dir='ltr'><strong>qualis</strong></span> <span class='ocrx_word' id='word_1_123' title='bbox 476 1453 614 1521; x_wconf 77' lang='lat' dir='ltr'><strong>filius</strong></span> <span class='ocrx_word' id='word_1_124' title='bbox 649 1449 768 1506; x_wconf 77' lang='lat' dir='ltr'><strong>Dei.</strong></span> <span class='ocrx_word' id='word_1_125' title='bbox 813 1453 1127 1518; x_wconf 75' lang='lat' dir='ltr'><strong>Suspicatus</strong></span> <span class='ocrx_word' id='word_1_126' title='bbox 1165 1449 1364 1522; x_wconf 83' lang='lat' dir='ltr'><strong>pariter</strong></span> <span class='ocrx_word' id='word_1_127' title='bbox 1405 1449 1552 1516; x_wconf 75' lang='lat' dir='ltr'><strong>sum,</strong></span> <span class='ocrx_word' id='word_1_128' title='bbox 1579 1468 1646 1508; x_wconf 88' lang='lat' dir='ltr'><strong>ne</strong></span> <span class='ocrx_word' id='word_1_129' title='bbox 1675 1449 1857 1509; x_wconf 86' lang='lat' dir='ltr'><strong>addita</strong></span> 
     </span>
    </p>
   </div>
   <div class='ocr_carea' id='block_1_19' title="bbox 260 1524 1856 1594">
    <p class='ocr_par' dir='ltr' id='par_1_19' title="bbox 260 1524 1856 1594">
     <span class='ocr_line' id='line_1_19' title="bbox 260 1524 1856 1594; baseline 0.003 -17"><span class='ocrx_word' id='word_1_130' title='bbox 260 1526 460 1580; x_wconf 88' lang='lat' dir='ltr'><strong>lttcrint</strong></span> <span class='ocrx_word' id='word_1_131' title='bbox 501 1526 757 1594; x_wconf 86' lang='lat' dir='ltr'><strong>deinceps</strong></span> <span class='ocrx_word' id='word_1_132' title='bbox 783 1526 941 1578; x_wconf 77' lang='lat' dir='ltr'><strong>verba</strong></span> <span class='ocrx_word' id='word_1_133' title='bbox 993 1524 1081 1578; x_wconf 88' lang='lat' dir='ltr'><strong>illa</strong></span> <span class='ocrx_word' id='word_1_134' title='bbox 1122 1542 1136 1578; x_wconf 72' lang='grc' dir='ltr'><strong>ι</strong></span> <span class='ocrx_word' id='word_1_135' title='bbox 1183 1536 1281 1578; x_wconf 81' lang='lat' dir='ltr'><strong>tres</strong></span> <span class='ocrx_word' id='word_1_136' title='bbox 1321 1525 1453 1578; x_wconf 84' lang='lat' dir='ltr'><strong>enim</strong></span> <span class='ocrx_word' id='word_1_137' title='bbox 1497 1540 1660 1578; x_wconf 80' lang='lat' dir='ltr'><strong>unum</strong></span> <span class='ocrx_word' id='word_1_138' title='bbox 1693 1535 1812 1579; x_wconf 79' lang='lat' dir='ltr'><strong>sunt</strong></span> <span class='ocrx_word' id='word_1_139' title='bbox 1837 1543 1856 1581; x_wconf 87' lang='lat'><strong>.&#39;</strong></span> 
     </span>
    </p>
   </div>
   <div class='ocr_carea' id='block_1_20' title="bbox 257 1596 1856 1663">
    <p class='ocr_par' dir='ltr' id='par_1_20' title="bbox 257 1596 1856 1663">
     <span class='ocr_line' id='line_1_20' title="bbox 257 1596 1856 1663; baseline 0.001 -12"><span class='ocrx_word' id='word_1_140' title='bbox 257 1597 461 1651; x_wconf 79' lang='lat' dir='ltr'><strong>etenim</strong></span> <span class='ocrx_word' id='word_1_141' title='bbox 492 1597 761 1663; x_wconf 87' lang='lat' dir='ltr'><strong>respicere</strong></span> <span class='ocrx_word' id='word_1_142' title='bbox 801 1597 961 1651; x_wconf 84' lang='lat' dir='ltr'><strong>verba</strong></span> <span class='ocrx_word' id='word_1_143' title='bbox 993 1597 1107 1652; x_wconf 69' lang='lat' dir='ltr'><strong>haec</strong></span> <span class='ocrx_word' id='word_1_144' title='bbox 1135 1597 1389 1652; x_wconf 88' lang='lat' dir='ltr'><strong>videntur</strong></span> <span class='ocrx_word' id='word_1_145' title='bbox 1417 1597 1483 1652; x_wconf 88' lang='lat' dir='ltr'><strong>ad</strong></span> <span class='ocrx_word' id='word_1_146' title='bbox 1513 1596 1692 1652; x_wconf 83' lang='lat' dir='ltr'><strong>nobile</strong></span> <span class='ocrx_word' id='word_1_147' title='bbox 1724 1597 1856 1653; x_wconf 87' lang='lat' dir='ltr'><strong>illud</strong></span> 
     </span>
    </p>
   </div>
   <div class='ocr_carea' id='block_1_21' title="bbox 254 1666 1857 1742">
    <p class='ocr_par' dir='ltr' id='par_1_21' title="bbox 254 1666 1857 1742">
     <span class='ocr_line' id='line_1_21' title="bbox 254 1666 1857 1742; baseline 0.001 -20"><span class='ocrx_word' id='word_1_148' title='bbox 254 1666 483 1742; x_wconf 76' lang='lat' dir='ltr'><strong>Joannis</strong></span> <span class='ocrx_word' id='word_1_149' title='bbox 507 1667 586 1742; x_wconf 71' lang='grc' dir='ltr'><strong>(ό)</strong></span> <span class='ocrx_word' id='word_1_150' title='bbox 617 1667 982 1742; x_wconf 83' lang='lat' dir='ltr'><strong>testimonium</strong></span> <span class='ocrx_word' id='word_1_151' title='bbox 1024 1686 1038 1723; x_wconf 91' lang='lat'><strong>:</strong></span> <span class='ocrx_word' id='word_1_152' title='bbox 1076 1667 1200 1742; x_wconf 77' lang='lat' dir='ltr'><strong>Tres</strong></span> <span class='ocrx_word' id='word_1_153' title='bbox 1242 1679 1357 1742; x_wconf 79' lang='lat' dir='ltr'><strong>situt</strong></span> <span class='ocrx_word' id='word_1_154' title='bbox 1384 1669 1471 1736; x_wconf 76' lang='lat' dir='ltr'><strong>qui</strong></span> <span class='ocrx_word' id='word_1_155' title='bbox 1500 1669 1857 1742; x_wconf 71' lang='lat' dir='ltr'><strong>testiinonium</strong></span> 
     </span>
    </p>
   </div>
   <div class='ocr_carea' id='block_1_22' title="bbox 255 1739 1855 1810">
    <p class='ocr_par' dir='ltr' id='par_1_22' title="bbox 255 1739 1855 1810">
     <span class='ocr_line' id='line_1_22' title="bbox 255 1739 1855 1810; baseline 0.003 -18"><span class='ocrx_word' id='word_1_156' title='bbox 255 1739 385 1793; x_wconf 86' lang='lat' dir='ltr'><strong>dant</strong></span> <span class='ocrx_word' id='word_1_157' title='bbox 435 1740 488 1794; x_wconf 89' lang='lat' dir='ltr'><strong>in</strong></span> <span class='ocrx_word' id='word_1_158' title='bbox 520 1739 684 1804; x_wconf 69' lang='lat' dir='ltr'><strong>coelo,</strong></span> <span class='ocrx_word' id='word_1_159' title='bbox 735 1751 868 1803; x_wconf 81' lang='lat' dir='ltr'><strong>etc.;</strong></span> <span class='ocrx_word' id='word_1_160' title='bbox 897 1741 962 1792; x_wconf 88' lang='lat' dir='ltr'><strong>ad</strong></span> <span class='ocrx_word' id='word_1_161' title='bbox 1015 1739 1158 1809; x_wconf 90' lang='lat' dir='ltr'><strong>quod</strong></span> <span class='ocrx_word' id='word_1_162' title='bbox 1207 1739 1424 1810; x_wconf 90' lang='lat' dir='ltr'><strong>quidem</strong></span> <span class='ocrx_word' id='word_1_163' title='bbox 1463 1741 1581 1794; x_wconf 87' lang='lat' dir='ltr'><strong>aliis</strong></span> <span class='ocrx_word' id='word_1_164' title='bbox 1625 1741 1680 1794; x_wconf 92' lang='lat' dir='ltr'><strong>in</strong></span> <span class='ocrx_word' id='word_1_165' title='bbox 1723 1741 1855 1796; x_wconf 82' lang='lat' dir='ltr'><strong>locis</strong></span> 
     </span>
    </p>
   </div>
   <div class='ocr_carea' id='block_1_23' title="bbox 255 1811 1851 1880">
    <p class='ocr_par' dir='ltr' id='par_1_23' title="bbox 255 1811 1851 1880">
     <span class='ocr_line' id='line_1_23' title="bbox 255 1811 1851 1880; baseline 0.002 -15"><span class='ocrx_word' id='word_1_166' title='bbox 255 1811 484 1866; x_wconf 87' lang='lat' dir='ltr'><strong>minime</strong></span> <span class='ocrx_word' id='word_1_167' title='bbox 538 1811 844 1880; x_wconf 77' lang='lat' dir='ltr'><strong>respexisse</strong></span> <span class='ocrx_word' id='word_1_168' title='bbox 895 1811 1107 1866; x_wconf 83' lang='lat' dir='ltr'><strong>videtur</strong></span> <span class='ocrx_word' id='word_1_169' title='bbox 1161 1811 1414 1867; x_wconf 76' lang='lat' dir='ltr'><strong>Hilarius.</strong></span> <span class='ocrx_word' id='word_1_170' title='bbox 1473 1811 1618 1866; x_wconf 81' lang='lat' dir='ltr'><strong>Nihil</strong></span> <span class='ocrx_word' id='word_1_171' title='bbox 1673 1821 1851 1868; x_wconf 84' lang='lat' dir='ltr'><strong>tamen</strong></span> 
     </span>
    </p>
   </div>
   <div class='ocr_carea' id='block_1_24' title="bbox 254 1882 1851 1954">
    <p class='ocr_par' dir='ltr' id='par_1_24' title="bbox 254 1882 1851 1954">
     <span class='ocr_line' id='line_1_24' title="bbox 254 1882 1851 1954; baseline 0.002 -17"><span class='ocrx_word' id='word_1_172' title='bbox 254 1882 574 1938; x_wconf 82' lang='lat' dir='ltr'><strong>mutandum</strong></span> <span class='ocrx_word' id='word_1_173' title='bbox 604 1883 730 1938; x_wconf 82' lang='lat' dir='ltr'><strong>duxi</strong></span> <span class='ocrx_word' id='word_1_174' title='bbox 779 1883 940 1937; x_wconf 83' lang='lat' dir='ltr'><strong>etiam</strong></span> <span class='ocrx_word' id='word_1_175' title='bbox 995 1882 1048 1938; x_wconf 85' lang='lat' dir='ltr'><strong>iii</strong></span> <span class='ocrx_word' id='word_1_176' title='bbox 1089 1883 1544 1954; x_wconf 80' lang='lat' dir='ltr'><strong>subsequentibus</strong></span> <span class='ocrx_word' id='word_1_177' title='bbox 1591 1900 1606 1937; x_wconf 71' lang='grc' dir='ltr'><strong><em>ε</em></strong></span> <span class='ocrx_word' id='word_1_178' title='bbox 1651 1888 1851 1940; x_wconf 82' lang='lat' dir='ltr'><strong>etenim</strong></span> 
     </span>
    </p>
   </div>
   <div class='ocr_carea' id='block_1_25' title="bbox 253 1954 1854 2025">
    <p class='ocr_par' dir='ltr' id='par_1_25' title="bbox 253 1954 1854 2025">
     <span class='ocr_line' id='line_1_25' title="bbox 253 1954 1854 2025; baseline 0.002 -17"><span class='ocrx_word' id='word_1_179' title='bbox 253 1955 598 2010; x_wconf 76' lang='lat' dir='ltr'><strong>rectissimus</strong></span> <span class='ocrx_word' id='word_1_180' title='bbox 626 1964 712 2009; x_wconf 61' lang='lat' dir='ltr'><strong>e~t</strong></span> <span class='ocrx_word' id='word_1_181' title='bbox 737 1954 912 2010; x_wconf 90' lang='lat' dir='ltr'><strong>adhuc</strong></span> <span class='ocrx_word' id='word_1_182' title='bbox 940 1969 1154 2019; x_wconf 77' lang='lat' dir='ltr'><strong>sensus,</strong></span> <span class='ocrx_word' id='word_1_183' title='bbox 1185 1957 1230 2009; x_wconf 82' lang='lat' dir='ltr'><strong>si</strong></span> <span class='ocrx_word' id='word_1_184' title='bbox 1259 1955 1438 2024; x_wconf 77' lang='lat' dir='ltr'><strong>legas,</strong></span> <span class='ocrx_word' id='word_1_185' title='bbox 1471 1955 1584 2025; x_wconf 81' lang='lat' dir='ltr'><strong>quis</strong></span> <span class='ocrx_word' id='word_1_186' title='bbox 1612 1965 1778 2023; x_wconf 78' lang='lat' dir='ltr'><strong>esset,</strong></span> <span class='ocrx_word' id='word_1_187' title='bbox 1807 1968 1854 2012; x_wconf 91' lang='lat' dir='ltr'><strong>et</strong></span> 
     </span>
    </p>
   </div>
   <div class='ocr_carea' id='block_1_26' title="bbox 253 2025 1855 2109">
    <p class='ocr_par' dir='ltr' id='par_1_26' title="bbox 253 2025 1855 2109">
     <span class='ocr_line' id='line_1_26' title="bbox 253 2025 1855 2109; baseline 0.002 -31"><span class='ocrx_word' id='word_1_188' title='bbox 253 2027 425 2109; x_wconf 71' lang='lat' dir='ltr'><strong>qualis</strong></span> <span class='ocrx_word' id='word_1_189' title='bbox 453 2027 596 2109; x_wconf 62' lang='lat' dir='ltr'><strong>(ilius</strong></span> <span class='ocrx_word' id='word_1_190' title='bbox 625 2025 720 2108; x_wconf 82' lang='lat' dir='ltr'><strong>Dei</strong></span> <span class='ocrx_word' id='word_1_191' title='bbox 753 2042 770 2082; x_wconf 93' lang='lat'><strong><em>:</em></strong></span> <span class='ocrx_word' id='word_1_192' title='bbox 813 2028 977 2109; x_wconf 62' lang='lat' dir='ltr'><strong>intrito</strong></span> <span class='ocrx_word' id='word_1_193' title='bbox 1011 2042 1132 2109; x_wconf 78' lang='lat' dir='ltr'><strong>cum</strong></span> <span class='ocrx_word' id='word_1_194' title='bbox 1178 2027 1389 2109; x_wconf 86' lang='lat' dir='ltr'><strong>nonde</strong></span> <span class='ocrx_word' id='word_1_195' title='bbox 1421 2029 1708 2109; x_wconf 79' lang='lat' dir='ltr'><strong>praesenti,</strong></span> <span class='ocrx_word' id='word_1_196' title='bbox 1762 2029 1855 2109; x_wconf 41' lang='lat' dir='ltr'><strong>sed</strong></span> 
     </span>
    </p>
   </div>
   <div class='ocr_carea' id='block_1_27' title="bbox 252 2096 1852 2168">
    <p class='ocr_par' dir='ltr' id='par_1_27' title="bbox 252 2096 1852 2168">
     <span class='ocr_line' id='line_1_27' title="bbox 252 2096 1852 2168; baseline 0.003 -18"><span class='ocrx_word' id='word_1_197' title='bbox 252 2097 325 2152; x_wconf 90' lang='lat' dir='ltr'><strong>de</strong></span> <span class='ocrx_word' id='word_1_198' title='bbox 363 2096 762 2168; x_wconf 81' lang='lat' dir='ltr'><strong>antiquissimo,</strong></span> <span class='ocrx_word' id='word_1_199' title='bbox 809 2104 865 2154; x_wconf 86' lang='lat' dir='ltr'><strong>ut</strong></span> <span class='ocrx_word' id='word_1_200' title='bbox 901 2096 972 2152; x_wconf 85' lang='lat' dir='ltr'><strong>ita</strong></span> <span class='ocrx_word' id='word_1_201' title='bbox 1011 2099 1217 2168; x_wconf 87' lang='lat' dir='ltr'><strong>loquar,</strong></span> <span class='ocrx_word' id='word_1_202' title='bbox 1253 2108 1305 2152; x_wconf 88' lang='lat' dir='ltr'><strong>et</strong></span> <span class='ocrx_word' id='word_1_203' title='bbox 1344 2096 1546 2153; x_wconf 70' lang='lat' dir='ltr'><strong>atterite</strong></span> <span class='ocrx_word' id='word_1_204' title='bbox 1576 2106 1718 2154; x_wconf 86' lang='lat' dir='ltr'><strong>statu</strong></span> <span class='ocrx_word' id='word_1_205' title='bbox 1761 2101 1852 2155; x_wconf 84' lang='lat' dir='ltr'><strong>lilii</strong></span> 
     </span>
    </p>
   </div>
   <div class='ocr_carea' id='block_1_28' title="bbox 253 2168 1856 2238">
    <p class='ocr_par' dir='ltr' id='par_1_28' title="bbox 253 2168 1856 2238">
     <span class='ocr_line' id='line_1_28' title="bbox 253 2168 1856 2238; baseline 0.002 -15"><span class='ocrx_word' id='word_1_206' title='bbox 253 2170 350 2223; x_wconf 77' lang='lat' dir='ltr'><strong>Dei</strong></span> <span class='ocrx_word' id='word_1_207' title='bbox 383 2169 613 2226; x_wconf 76' lang='lat' dir='ltr'><strong>Arianos</strong></span> <span class='ocrx_word' id='word_1_208' title='bbox 645 2172 783 2224; x_wconf 82' lang='lat' dir='ltr'><strong>inter</strong></span> <span class='ocrx_word' id='word_1_209' title='bbox 811 2178 867 2224; x_wconf 89' lang='lat' dir='ltr'><strong>et</strong></span> <span class='ocrx_word' id='word_1_210' title='bbox 911 2168 1220 2226; x_wconf 85' lang='lat' dir='ltr'><strong>Catholicos</strong></span> <span class='ocrx_word' id='word_1_211' title='bbox 1247 2171 1630 2238; x_wconf 86' lang='lat' dir='ltr'><strong>disputaretur,</strong></span> <span class='ocrx_word' id='word_1_212' title='bbox 1661 2173 1856 2227; x_wconf 76' lang='lat' dir='ltr'><strong>met-ito</strong></span> 
     </span>
    </p>
   </div>
   <div class='ocr_carea' id='block_1_29' title="bbox 253 2240 1853 2314">
    <p class='ocr_par' dir='ltr' id='par_1_29' title="bbox 253 2240 1853 2314">
     <span class='ocr_line' id='line_1_29' title="bbox 253 2240 1853 2314; baseline 0.001 -18"><span class='ocrx_word' id='word_1_213' title='bbox 253 2242 497 2314; x_wconf 80' lang='lat' dir='ltr'><strong>scribere</strong></span> <span class='ocrx_word' id='word_1_214' title='bbox 527 2241 699 2312; x_wconf 88' lang='lat' dir='ltr'><strong>potuit</strong></span> <span class='ocrx_word' id='word_1_215' title='bbox 727 2240 1116 2312; x_wconf 74' lang='lat' dir='ltr'><strong>Hilarius,qttis</strong></span> <span class='ocrx_word' id='word_1_216' title='bbox 1145 2253 1272 2296; x_wconf 86' lang='lat' dir='ltr'><strong>esset</strong></span> <span class='ocrx_word' id='word_1_217' title='bbox 1303 2243 1397 2314; x_wconf 86' lang='lat' dir='ltr'><strong>(ab</strong></span> <span class='ocrx_word' id='word_1_218' title='bbox 1420 2244 1721 2298; x_wconf 52' lang='lat' dir='ltr'><strong>aeternitate</strong></span> <span class='ocrx_word' id='word_1_219' title='bbox 1752 2245 1853 2298; x_wconf 76' lang='lat' dir='ltr'><strong>sri-</strong></span> 
     </span>
    </p>
   </div>
   <div class='ocr_carea' id='block_1_30' title="bbox 255 2313 1853 2384">
    <p class='ocr_par' dir='ltr' id='par_1_30' title="bbox 255 2313 1853 2384">
     <span class='ocr_line' id='line_1_30' title="bbox 255 2313 1853 2384; baseline 0.003 -18"><span class='ocrx_word' id='word_1_220' title='bbox 255 2313 412 2376; x_wconf 87' lang='lat' dir='ltr'><strong>licet,</strong></span> <span class='ocrx_word' id='word_1_221' title='bbox 436 2325 488 2369; x_wconf 87' lang='lat' dir='ltr'><strong>et</strong></span> <span class='ocrx_word' id='word_1_222' title='bbox 517 2324 643 2369; x_wconf 85' lang='lat' dir='ltr'><strong>ante</strong></span> <span class='ocrx_word' id='word_1_223' title='bbox 674 2322 916 2383; x_wconf 84' lang='lat' dir='ltr'><strong>tempora</strong></span> <span class='ocrx_word' id='word_1_224' title='bbox 949 2315 1132 2382; x_wconf 78' lang='lat' dir='ltr'><strong>ﬁctitia</strong></span> <span class='ocrx_word' id='word_1_225' title='bbox 1160 2313 1348 2384; x_wconf 88' lang='lat' dir='ltr'><strong>etiam)</strong></span> <span class='ocrx_word' id='word_1_226' title='bbox 1375 2314 1514 2380; x_wconf 80' lang='lat' dir='ltr'><strong>ﬁlius</strong></span> <span class='ocrx_word' id='word_1_227' title='bbox 1537 2314 1654 2368; x_wconf 74' lang='lat' dir='ltr'><strong>Dei.</strong></span> <span class='ocrx_word' id='word_1_228' title='bbox 1685 2314 1853 2370; x_wconf 85' lang='lat' dir='ltr'><strong>Verba</strong></span> 
     </span>
    </p>
   </div>
   <div class='ocr_carea' id='block_1_31' title="bbox 254 2385 1856 2456">
    <p class='ocr_par' dir='ltr' id='par_1_31' title="bbox 254 2385 1856 2456">
     <span class='ocr_line' id='line_1_31' title="bbox 254 2385 1856 2456; baseline 0.004 -19"><span class='ocrx_word' id='word_1_229' title='bbox 254 2399 422 2454; x_wconf 89' lang='lat' dir='ltr'><strong>porro</strong></span> <span class='ocrx_word' id='word_1_230' title='bbox 448 2386 534 2439; x_wconf 88' lang='lat' dir='ltr'><strong>illa</strong></span> <span class='ocrx_word' id='word_1_231' title='bbox 566 2393 669 2439; x_wconf 76' lang='lat' dir='ltr'><strong>tres</strong></span> <span class='ocrx_word' id='word_1_232' title='bbox 693 2386 828 2439; x_wconf 74' lang='lat' dir='ltr'><strong>enim</strong></span> <span class='ocrx_word' id='word_1_233' title='bbox 851 2399 1012 2438; x_wconf 80' lang='lat' dir='ltr'><strong>unum</strong></span> <span class='ocrx_word' id='word_1_234' title='bbox 1041 2395 1179 2448; x_wconf 78' lang='lat' dir='ltr'><strong>sunt,</strong></span> <span class='ocrx_word' id='word_1_235' title='bbox 1212 2394 1435 2456; x_wconf 78' lang='lat' dir='ltr'><strong>potuere</strong></span> <span class='ocrx_word' id='word_1_236' title='bbox 1463 2387 1586 2454; x_wconf 88' lang='lat' dir='ltr'><strong>poni</strong></span> <span class='ocrx_word' id='word_1_237' title='bbox 1616 2385 1684 2441; x_wconf 85' lang='lat' dir='ltr'><strong>ab</strong></span> <span class='ocrx_word' id='word_1_238' title='bbox 1715 2385 1856 2442; x_wconf 64' lang='grc'><strong>111111-</strong></span> 
     </span>
    </p>
   </div>
   <div class='ocr_carea' id='block_1_32' title="bbox 255 2457 1857 2529">
    <p class='ocr_par' dir='ltr' id='par_1_32' title="bbox 255 2457 1857 2529">
     <span class='ocr_line' id='line_1_32' title="bbox 255 2457 1857 2529; baseline 0.002 -19"><span class='ocrx_word' id='word_1_239' title='bbox 255 2458 338 2510; x_wconf 92' lang='lat' dir='ltr'><strong>rio</strong></span> <span class='ocrx_word' id='word_1_240' title='bbox 381 2471 485 2512; x_wconf 88' lang='lat' dir='ltr'><strong>non</strong></span> <span class='ocrx_word' id='word_1_241' title='bbox 516 2457 582 2512; x_wconf 82' lang='lat' dir='ltr'><strong>ad</strong></span> <span class='ocrx_word' id='word_1_242' title='bbox 615 2457 873 2523; x_wconf 72' lang='lat' dir='ltr'><strong>Arian‘os,</strong></span> <span class='ocrx_word' id='word_1_243' title='bbox 907 2467 961 2529; x_wconf 86' lang='lat' dir='ltr'><strong>ut</strong></span> <span class='ocrx_word' id='word_1_244' title='bbox 989 2457 1116 2529; x_wconf 83' lang='lat' dir='ltr'><strong>oliui</strong></span> <span class='ocrx_word' id='word_1_245' title='bbox 1137 2500 1152 2520; x_wconf 88' lang='lat'><strong>,</strong></span> <span class='ocrx_word' id='word_1_246' title='bbox 1190 2471 1352 2529; x_wconf 90' lang='lat' dir='ltr'><strong>qunm</strong></span> <span class='ocrx_word' id='word_1_247' title='bbox 1393 2459 1557 2513; x_wconf 85' lang='lat' dir='ltr'><strong>libros</strong></span> <span class='ocrx_word' id='word_1_248' title='bbox 1585 2460 1650 2513; x_wconf 88' lang='lat' dir='ltr'><strong>de</strong></span> <span class='ocrx_word' id='word_1_249' title='bbox 1678 2459 1857 2514; x_wconf 85' lang='lat' dir='ltr'><strong>Trini-</strong></span> 
     </span>
    </p>
   </div>
   <div class='ocr_carea' id='block_1_33' title="bbox 255 2528 1856 2600">
    <p class='ocr_par' dir='ltr' id='par_1_33' title="bbox 255 2528 1856 2600">
     <span class='ocr_line' id='line_1_33' title="bbox 255 2528 1856 2600; baseline 0.004 -19"><span class='ocrx_word' id='word_1_250' title='bbox 255 2537 366 2600; x_wconf 82' lang='lat' dir='ltr'><strong>tate</strong></span> <span class='ocrx_word' id='word_1_251' title='bbox 389 2538 758 2600; x_wconf 78' lang='lat' dir='ltr'><strong>componeret,</strong></span> <span class='ocrx_word' id='word_1_252' title='bbox 779 2529 872 2584; x_wconf 89' lang='lat' dir='ltr'><strong>sed</strong></span> <span class='ocrx_word' id='word_1_253' title='bbox 895 2528 959 2584; x_wconf 88' lang='lat' dir='ltr'><strong>ad</strong></span> <span class='ocrx_word' id='word_1_254' title='bbox 984 2528 1296 2586; x_wconf 72' lang='lat' dir='ltr'><strong>catholicos</strong></span> <span class='ocrx_word' id='word_1_255' title='bbox 1319 2531 1610 2598; x_wconf 87' lang='lat' dir='ltr'><strong>scribente,</strong></span> <span class='ocrx_word' id='word_1_256' title='bbox 1629 2531 1856 2600; x_wconf 83' lang='lat' dir='ltr'><strong>ideoque</strong></span> 
     </span>
    </p>
   </div>
   <div class='ocr_carea' id='block_1_34' title="bbox 252 2598 1855 2673">
    <p class='ocr_par' dir='ltr' id='par_1_34' title="bbox 252 2598 1855 2673">
     <span class='ocr_line' id='line_1_34' title="bbox 252 2598 1855 2673; baseline 0.004 -20"><span class='ocrx_word' id='word_1_257' title='bbox 252 2598 334 2673; x_wconf 79' lang='lat' dir='ltr'><strong>ad</strong></span> <span class='ocrx_word' id='word_1_258' title='bbox 363 2598 718 2672; x_wconf 70' lang='lat' dir='ltr'><strong>agitoSeentcs</strong></span> <span class='ocrx_word' id='word_1_259' title='bbox 762 2602 1206 2673; x_wconf 10' lang='lat' dir='ltr'><strong>vimptestimoziii</strong></span> <span class='ocrx_word' id='word_1_260' title='bbox 1243 2604 1417 2668; x_wconf 88' lang='lat' dir='ltr'><strong>illius,</strong></span> <span class='ocrx_word' id='word_1_261' title='bbox 1459 2605 1602 2673; x_wconf 86' lang='lat' dir='ltr'><strong>quod</strong></span> <span class='ocrx_word' id='word_1_262' title='bbox 1643 2614 1698 2658; x_wconf 89' lang='lat' dir='ltr'><strong>et</strong></span> <span class='ocrx_word' id='word_1_263' title='bbox 1730 2598 1855 2660; x_wconf 80' lang='lat' dir='ltr'><strong>ante</strong></span> 
     </span>
    </p>
   </div>
   <div class='ocr_carea' id='block_1_35' title="bbox 253 2670 1856 2745">
    <p class='ocr_par' dir='ltr' id='par_1_35' title="bbox 253 2670 1856 2745">
     <span class='ocr_line' id='line_1_35' title="bbox 253 2670 1856 2745; baseline 0.005 -21"><span class='ocrx_word' id='word_1_264' title='bbox 253 2670 516 2745; x_wconf 78' lang='lat' dir='ltr'><strong>Hilarium</strong></span> <span class='ocrx_word' id='word_1_265' title='bbox 549 2673 840 2745; x_wconf 78' lang='lat' dir='ltr'><strong>indicatum</strong></span> <span class='ocrx_word' id='word_1_266' title='bbox 871 2671 1046 2729; x_wconf 78' lang='lat' dir='ltr'><strong>fuerat</strong></span> <span class='ocrx_word' id='word_1_267' title='bbox 1084 2689 1114 2729; x_wconf 91' lang='lat' dir='ltr'><strong>a</strong></span> <span class='ocrx_word' id='word_1_268' title='bbox 1147 2674 1434 2745; x_wconf 79' lang='lat' dir='ltr'><strong>Cypriane.</strong></span> <span class='ocrx_word' id='word_1_269' title='bbox 1477 2670 1616 2731; x_wconf 52' lang='lat' dir='ltr'><strong>&#39;Vide</strong></span> <span class='ocrx_word' id='word_1_270' title='bbox 1642 2691 1762 2744; x_wconf 75' lang='lat' dir='ltr'><strong>qua:</strong></span> <span class='ocrx_word' id='word_1_271' title='bbox 1787 2675 1856 2732; x_wconf 79' lang='lat' dir='ltr'><strong>de</strong></span> 
     </span>
    </p>
   </div>
   <div class='ocr_carea' id='block_1_36' title="bbox 253 2741 1853 2803">
    <p class='ocr_par' dir='ltr' id='par_1_36' title="bbox 253 2741 1853 2803">
     <span class='ocr_line' id='line_1_36' title="bbox 253 2741 1853 2803; baseline 0.004 -7"><span class='ocrx_word' id='word_1_272' title='bbox 253 2743 567 2798; x_wconf 84' lang='lat' dir='ltr'><strong>testimonio</strong></span> <span class='ocrx_word' id='word_1_273' title='bbox 611 2741 714 2798; x_wconf 87' lang='lat' dir='ltr'><strong>hoc</strong></span> <span class='ocrx_word' id='word_1_274' title='bbox 757 2745 1017 2801; x_wconf 85' lang='lat' dir='ltr'><strong>adversus</strong></span> <span class='ocrx_word' id='word_1_275' title='bbox 1058 2741 1302 2801; x_wconf 82' lang='lat' dir='ltr'><strong>recentes</strong></span> <span class='ocrx_word' id='word_1_276' title='bbox 1333 2747 1562 2803; x_wconf 78' lang='lat' dir='ltr'><strong>Arianos</strong></span> <span class='ocrx_word' id='word_1_277' title='bbox 1593 2741 1853 2802; x_wconf 75' lang='lat' dir='ltr'><strong>Catholici</strong></span> 
     </span>
    </p>
   </div>
   <div class='ocr_carea' id='block_1_37' title="bbox 253 2813 1855 2889">
    <p class='ocr_par' dir='ltr' id='par_1_37' title="bbox 253 2813 1855 2889">
     <span class='ocr_line' id='line_1_37' title="bbox 253 2813 1855 2889; baseline 0.004 -20"><span class='ocrx_word' id='word_1_278' title='bbox 253 2813 554 2889; x_wconf 83' lang='lat' dir='ltr'><strong>disputant.</strong></span> <span class='ocrx_word' id='word_1_279' title='bbox 585 2815 838 2872; x_wconf 81' lang='lat' dir='ltr'><strong>Profecto</strong></span> <span class='ocrx_word' id='word_1_280' title='bbox 867 2819 1168 2874; x_wconf 84' lang='lat' dir='ltr'><strong>rectissime</strong></span> <span class='ocrx_word' id='word_1_281' title='bbox 1199 2829 1480 2889; x_wconf 82' lang='lat' dir='ltr'><strong>propterea</strong></span> <span class='ocrx_word' id='word_1_282' title='bbox 1512 2821 1704 2889; x_wconf 70' lang='lat' dir='ltr'><strong>posita:</strong></span> <span class='ocrx_word' id='word_1_283' title='bbox 1731 2828 1855 2875; x_wconf 86' lang='lat' dir='ltr'><strong>sunt</strong></span> 
     </span>
    </p>
   </div>
   <div class='ocr_carea' id='block_1_38' title="bbox 249 2888 1855 2956">
    <p class='ocr_par' dir='ltr' id='par_1_38' title="bbox 249 2888 1855 2956">
     <span class='ocr_line' id='line_1_38' title="bbox 249 2888 1855 2956; baseline 0.004 -16"><span class='ocrx_word' id='word_1_284' title='bbox 249 2901 419 2943; x_wconf 81' lang='lat' dir='ltr'><strong>voces</strong></span> <span class='ocrx_word' id='word_1_285' title='bbox 458 2888 598 2953; x_wconf 74' lang='lat' dir='ltr'><strong>illm,</strong></span> <span class='ocrx_word' id='word_1_286' title='bbox 633 2892 754 2955; x_wconf 84' lang='lat' dir='ltr'><strong>quia</strong></span> <span class='ocrx_word' id='word_1_287' title='bbox 799 2889 1067 2944; x_wconf 85' lang='lat' dir='ltr'><strong>rationem</strong></span> <span class='ocrx_word' id='word_1_288' title='bbox 1103 2888 1374 2956; x_wconf 90' lang='lat' dir='ltr'><strong>reddunt,</strong></span> <span class='ocrx_word' id='word_1_289' title='bbox 1415 2888 1763 2956; x_wconf 28' lang='lat' dir='ltr'><strong>cur’Filium,</strong></span> <span class='ocrx_word' id='word_1_290' title='bbox 1798 2899 1855 2946; x_wconf 89' lang='lat' dir='ltr'><strong>et</strong></span> 
     </span>
    </p>
   </div>
   <div class='ocr_carea' id='block_1_39' title="bbox 249 2958 1853 3031">
    <p class='ocr_par' dir='ltr' id='par_1_39' title="bbox 249 2958 1853 3031">
     <span class='ocr_line' id='line_1_39' title="bbox 249 2958 1853 3031; baseline 0.002 -18"><span class='ocrx_word' id='word_1_291' title='bbox 249 2958 512 3027; x_wconf 81' lang='lat' dir='ltr'><strong>Spiritum</strong></span> <span class='ocrx_word' id='word_1_292' title='bbox 535 2958 793 3026; x_wconf 74' lang='lat' dir='ltr'><strong>Sanctum</strong></span> <span class='ocrx_word' id='word_1_293' title='bbox 815 2961 961 3015; x_wconf 88' lang='lat' dir='ltr'><strong>Patri</strong></span> <span class='ocrx_word' id='word_1_294' title='bbox 988 2959 1196 3031; x_wconf 76' lang='lat' dir='ltr'><strong>jungat,</strong></span> <span class='ocrx_word' id='word_1_295' title='bbox 1225 2961 1570 3030; x_wconf 85' lang='lat' dir='ltr'><strong>declaretque</strong></span> <span class='ocrx_word' id='word_1_296' title='bbox 1596 2961 1853 3029; x_wconf 72' lang='lat' dir='ltr'><strong>deinceps</strong></span> 
     </span>
    </p>
   </div>
   <div class='ocr_carea' id='block_1_40' title="bbox 251 3031 1853 3102">
    <p class='ocr_par' dir='ltr' id='par_1_40' title="bbox 251 3031 1853 3102">
     <span class='ocr_line' id='line_1_40' title="bbox 251 3031 1853 3102; baseline 0.003 -19"><span class='ocrx_word' id='word_1_297' title='bbox 251 3031 763 3101; x_wconf 69' lang='lat' dir='ltr'><strong>accuratius,,quid</strong></span> <span class='ocrx_word' id='word_1_298' title='bbox 811 3031 881 3088; x_wconf 87' lang='lat' dir='ltr'><strong>de</strong></span> <span class='ocrx_word' id='word_1_299' title='bbox 927 3034 1012 3088; x_wconf 84' lang='lat' dir='ltr'><strong>bis</strong></span> <span class='ocrx_word' id='word_1_300' title='bbox 1052 3033 1278 3089; x_wconf 86' lang='lat' dir='ltr'><strong>credere</strong></span> <span class='ocrx_word' id='word_1_301' title='bbox 1319 3033 1594 3089; x_wconf 76' lang='lat' dir='ltr'><strong>Catholica</strong></span> <span class='ocrx_word' id='word_1_302' title='bbox 1643 3033 1853 3102; x_wconf 78' lang='lat' dir='ltr'><strong>Religio</strong></span> 
     </span>
    </p>
   </div>
   <div class='ocr_carea' id='block_1_41' title="bbox 252 3102 1853 3174">
    <p class='ocr_par' dir='ltr' id='par_1_41' title="bbox 252 3102 1853 3174">
     <span class='ocr_line' id='line_1_41' title="bbox 252 3102 1853 3174; baseline 0.005 -20"><span class='ocrx_word' id='word_1_303' title='bbox 252 3102 554 3174; x_wconf 62' lang='lat' dir='ltr'><strong>grtecipiat.</strong></span> <span class='ocrx_word' id='word_1_304' title='bbox 597 3102 782 3174; x_wconf 83' lang='lat' dir='ltr'><strong>Itaque</strong></span> <span class='ocrx_word' id='word_1_305' title='bbox 818 3107 862 3160; x_wconf 91' lang='lat' dir='ltr'><strong>si</strong></span> <span class='ocrx_word' id='word_1_306' title='bbox 907 3107 1272 3160; x_wconf 87' lang='lat' dir='ltr'><strong>testiinonium</strong></span> <span class='ocrx_word' id='word_1_307' title='bbox 1315 3105 1458 3162; x_wconf 81' lang='lat' dir='ltr'><strong>istud</strong></span> <span class='ocrx_word' id='word_1_308' title='bbox 1501 3109 1553 3162; x_wconf 88' lang='lat' dir='ltr'><strong>itt</strong></span> <span class='ocrx_word' id='word_1_309' title='bbox 1596 3106 1747 3162; x_wconf 78' lang='lat' dir='ltr'><strong>libris</strong></span> <span class='ocrx_word' id='word_1_310' title='bbox 1786 3108 1853 3162; x_wconf 84' lang='lat' dir='ltr'><strong>de</strong></span> 
     </span>
    </p>
   </div>
   <div class='ocr_carea' id='block_1_42' title="bbox 251 3170 1854 3240">
    <p class='ocr_par' dir='ltr' id='par_1_42' title="bbox 251 3170 1854 3240">
     <span class='ocr_line' id='line_1_42' title="bbox 251 3170 1854 3240; baseline 0.004 -14"><span class='ocrx_word' id='word_1_311' title='bbox 251 3170 506 3228; x_wconf 79' lang='lat' dir='ltr'><strong>Trittt&#39;tate</strong></span> <span class='ocrx_word' id='word_1_312' title='bbox 535 3170 738 3240; x_wconf 79' lang='lat' dir='ltr'><strong>omisit,</strong></span> <span class='ocrx_word' id='word_1_313' title='bbox 773 3190 840 3232; x_wconf 89' lang='lat' dir='ltr'><strong>ne</strong></span> <span class='ocrx_word' id='word_1_314' title='bbox 863 3186 1175 3232; x_wconf 81' lang='lat' dir='ltr'><strong>extraneam</strong></span> <span class='ocrx_word' id='word_1_315' title='bbox 1201 3177 1269 3232; x_wconf 86' lang='lat' dir='ltr'><strong>de</strong></span> <span class='ocrx_word' id='word_1_316' title='bbox 1300 3177 1443 3232; x_wconf 86' lang='lat' dir='ltr'><strong>illius</strong></span> <span class='ocrx_word' id='word_1_317' title='bbox 1469 3179 1854 3233; x_wconf 82' lang='lat' dir='ltr'><strong>autltenticitote</strong></span> 
     </span>
    </p>
   </div>
   <div class='ocr_carea' id='block_1_43' title="bbox 249 3244 1848 3372">
    <p class='ocr_par' dir='ltr' id='par_1_43' title="bbox 249 3244 1848 3372">
     <span class='ocr_line' id='line_1_43' title="bbox 249 3244 1848 3372; baseline 0.004 -73"><span class='ocrx_word' id='word_1_318' title='bbox 249 3244 437 3372; x_wconf 61' lang='lat' dir='ltr'><strong>(liceat</strong></span> <span class='ocrx_word' id='word_1_319' title='bbox 488 3261 653 3315; x_wconf 88' lang='lat' dir='ltr'><strong>porro</strong></span> <span class='ocrx_word' id='word_1_320' title='bbox 685 3249 757 3302; x_wconf 91' lang='lat' dir='ltr'><strong>ita</strong></span> <span class='ocrx_word' id='word_1_321' title='bbox 820 3245 998 3318; x_wconf 87' lang='lat' dir='ltr'><strong>loqui)</strong></span> <span class='ocrx_word' id='word_1_322' title='bbox 1026 3250 1450 3304; x_wconf 84' lang='lat' dir='ltr'><strong>controversiam</strong></span> <span class='ocrx_word' id='word_1_323' title='bbox 1504 3253 1804 3305; x_wconf 87' lang='lat' dir='ltr'><strong>institueret</strong></span> <span class='ocrx_word' id='word_1_324' title='bbox 1835 3292 1848 3312; x_wconf 94' lang='lat'><strong>,</strong></span> 
     </span>
     <span class='ocr_line' id='line_1_44' title="bbox 275 3317 1848 3372; baseline 0.001 -2"><span class='ocrx_word' id='word_1_325' title='bbox 275 3317 564 3372; x_wconf 56' lang='lat' dir='ltr'><strong>satholicos</strong></span> <span class='ocrx_word' id='word_1_326' title='bbox 612 3335 754 3372; x_wconf 91' lang='lat' dir='ltr'><strong>nunc</strong></span> <span class='ocrx_word' id='word_1_327' title='bbox 803 3319 1083 3372; x_wconf 86' lang='lat' dir='ltr'><strong>allouuens</strong></span> <span class='ocrx_word' id='word_1_328' title='bbox 1132 3321 1501 3372; x_wconf 87' lang='lat' dir='ltr'><strong>autltettticnm</strong></span> <span class='ocrx_word' id='word_1_329' title='bbox 1553 3321 1684 3372; x_wconf 89' lang='lat' dir='ltr'><strong>illud</strong></span> <span class='ocrx_word' id='word_1_330' title='bbox 1727 3337 1848 3372; x_wconf 84' lang='lat' dir='ltr'><strong>esse</strong></span> 
     </span>
    </p>
   </div>
   <div class='ocr_carea' id='block_1_44' title="bbox 275 3317 1850 3388">
    <p class='ocr_par' dir='ltr' id='par_1_44' title="bbox 275 3317 1850 3388">
     <span class='ocr_line' id='line_1_45' title="bbox 275 3317 1850 3388; baseline 0.005 -18"><span class='ocrx_word' id='word_1_331' title='bbox 275 3317 564 3374; x_wconf 72' lang='lat' dir='ltr'><strong>Iatholicos</strong></span> <span class='ocrx_word' id='word_1_332' title='bbox 612 3335 754 3374; x_wconf 92' lang='lat' dir='ltr'><strong>nunc</strong></span> <span class='ocrx_word' id='word_1_333' title='bbox 803 3319 1083 3388; x_wconf 79' lang='lat' dir='ltr'><strong>alloquens</strong></span> <span class='ocrx_word' id='word_1_334' title='bbox 1132 3321 1501 3376; x_wconf 88' lang='lat' dir='ltr'><strong>autltettticnm</strong></span> <span class='ocrx_word' id='word_1_335' title='bbox 1553 3321 1684 3376; x_wconf 90' lang='lat' dir='ltr'><strong>illud</strong></span> <span class='ocrx_word' id='word_1_336' title='bbox 1727 3337 1850 3378; x_wconf 87' lang='lat' dir='ltr'><strong>esse</strong></span> 
     </span>
    </p>
   </div>
   <div class='ocr_carea' id='block_1_45' title="bbox 251 3389 1850 3462">
    <p class='ocr_par' dir='ltr' id='par_1_45' title="bbox 251 3389 1850 3462">
     <span class='ocr_line' id='line_1_46' title="bbox 251 3389 1850 3462; baseline 0.003 -18"><span class='ocrx_word' id='word_1_337' title='bbox 251 3389 510 3454; x_wconf 77' lang='lat' dir='ltr'><strong>fatentes,</strong></span> <span class='ocrx_word' id='word_1_338' title='bbox 541 3389 734 3446; x_wconf 87' lang='lat' dir='ltr'><strong>merito</strong></span> <span class='ocrx_word' id='word_1_339' title='bbox 761 3391 997 3456; x_wconf 83' lang='lat' dir='ltr'><strong>adducit,</strong></span> <span class='ocrx_word' id='word_1_340' title='bbox 1031 3403 1218 3460; x_wconf 83' lang='lat' dir='ltr'><strong>utpote</strong></span> <span class='ocrx_word' id='word_1_341' title='bbox 1251 3394 1585 3462; x_wconf 86' lang='lat' dir='ltr'><strong>aptissimum</strong></span> <span class='ocrx_word' id='word_1_342' title='bbox 1617 3393 1681 3447; x_wconf 85' lang='lat' dir='ltr'><strong>ad</strong></span> <span class='ocrx_word' id='word_1_343' title='bbox 1711 3394 1850 3454; x_wconf 82' lang='lat' dir='ltr'><strong>divi-</strong></span> 
     </span>
    </p>
   </div>
   <div class='ocr_carea' id='block_1_46' title="bbox 249 3462 1844 3528">
    <p class='ocr_par' dir='ltr' id='par_1_46' title="bbox 249 3462 1844 3528">
     <span class='ocr_line' id='line_1_47' title="bbox 249 3462 1844 3528; baseline 0.003 -11"><span class='ocrx_word' id='word_1_344' title='bbox 249 3476 444 3517; x_wconf 83' lang='lat' dir='ltr'><strong>narum</strong></span> <span class='ocrx_word' id='word_1_345' title='bbox 469 3462 826 3516; x_wconf 85' lang='lat' dir='ltr'><strong>Personarum</strong></span> <span class='ocrx_word' id='word_1_346' title='bbox 843 3463 1456 3520; x_wconf 84' lang='lat' dir='ltr'><strong>cottsubstantialitatem</strong></span> <span class='ocrx_word' id='word_1_347' title='bbox 1478 3465 1844 3528; x_wconf 80' lang='lat' dir='ltr'><strong>asserendam.</strong></span> 
     </span>
    </p>
   </div>
   <div class='ocr_carea' id='block_1_47' title="bbox 327 3533 1852 3605">
    <p class='ocr_par' dir='ltr' id='par_1_47' title="bbox 327 3533 1852 3605">
     <span class='ocr_line' id='line_1_48' title="bbox 327 3533 1852 3605; baseline 0.006 -20"><span class='ocrx_word' id='word_1_348' title='bbox 327 3534 418 3605; x_wconf 80' lang='grc'><strong>51.</strong></span> <span class='ocrx_word' id='word_1_349' title='bbox 459 3533 623 3588; x_wconf 76' lang='lat' dir='ltr'><strong>Multa</strong></span> <span class='ocrx_word' id='word_1_350' title='bbox 663 3535 729 3587; x_wconf 85' lang='lat' dir='ltr'><strong>ad</strong></span> <span class='ocrx_word' id='word_1_351' title='bbox 769 3536 1104 3605; x_wconf 86' lang='lat' dir='ltr'><strong>superiorem</strong></span> <span class='ocrx_word' id='word_1_352' title='bbox 1143 3535 1288 3592; x_wconf 85' lang='lat' dir='ltr'><strong>illam</strong></span> <span class='ocrx_word' id='word_1_353' title='bbox 1320 3539 1678 3602; x_wconf 87' lang='lat' dir='ltr'><strong>sententiam,</strong></span> <span class='ocrx_word' id='word_1_354' title='bbox 1712 3539 1852 3594; x_wconf 80' lang='lat' dir='ltr'><strong>Sane</strong></span> 
     </span>
    </p>
   </div>
   <div class='ocr_carea' id='block_1_48' title="bbox 247 3604 1848 3674">
    <p class='ocr_par' dir='ltr' id='par_1_48' title="bbox 247 3604 1848 3674">
     <span class='ocr_line' id='line_1_49' title="bbox 247 3604 1848 3674; baseline 0.004 -16"><span class='ocrx_word' id='word_1_355' title='bbox 247 3604 387 3659; x_wconf 77' lang='lat' dir='ltr'><strong>illud</strong></span> <span class='ocrx_word' id='word_1_356' title='bbox 423 3606 554 3660; x_wconf 81' lang='lat' dir='ltr'><strong>scire</strong></span> <span class='ocrx_word' id='word_1_357' title='bbox 583 3609 812 3660; x_wconf 80' lang='lat' dir='ltr'><strong>convenit</strong></span> <span class='ocrx_word' id='word_1_358' title='bbox 841 3604 1138 3674; x_wconf 70' lang='lat' dir='ltr'><strong>prudentia</strong></span> <span class='ocrx_word' id='word_1_359' title='bbox 1175 3619 1383 3666; x_wconf 66' lang='lat' dir='ltr'><strong>vestrm.</strong></span> <span class='ocrx_word' id='word_1_360' title='bbox 1425 3610 1848 3664; x_wconf 86' lang='lat' dir='ltr'><strong>conlirtnantlatu</strong></span> 
     </span>
    </p>
   </div>
   <div class='ocr_carea' id='block_1_49' title="bbox 248 3676 1849 3749">
    <p class='ocr_par' dir='ltr' id='par_1_49' title="bbox 248 3676 1849 3749">
     <span class='ocr_line' id='line_1_50' title="bbox 248 3676 1849 3749; baseline 0.003 -19"><span class='ocrx_word' id='word_1_361' title='bbox 248 3676 299 3730; x_wconf 84' lang='lat' dir='ltr'><strong>si</strong></span> <span class='ocrx_word' id='word_1_362' title='bbox 320 3677 441 3749; x_wconf 83' lang='lat' dir='ltr'><strong>quis</strong></span> <span class='ocrx_word' id='word_1_363' title='bbox 456 3692 524 3732; x_wconf 82' lang='lat' dir='ltr'><strong>ex</strong></span> <span class='ocrx_word' id='word_1_364' title='bbox 551 3677 749 3749; x_wconf 83' lang='lat' dir='ltr'><strong>Hilario</strong></span> <span class='ocrx_word' id='word_1_365' title='bbox 776 3678 889 3746; x_wconf 85' lang='lat' dir='ltr'><strong>ipso</strong></span> <span class='ocrx_word' id='word_1_366' title='bbox 911 3678 1192 3734; x_wconf 86' lang='lat' dir='ltr'><strong>desnmcre</strong></span> <span class='ocrx_word' id='word_1_367' title='bbox 1219 3689 1388 3749; x_wconf 82' lang='lat' dir='ltr'><strong>Optat,</strong></span> <span class='ocrx_word' id='word_1_368' title='bbox 1413 3692 1572 3747; x_wconf 88' lang='lat' dir='ltr'><strong>atque</strong></span> <span class='ocrx_word' id='word_1_369' title='bbox 1599 3681 1849 3735; x_wconf 88' lang='lat' dir='ltr'><strong>entttdem</strong></span> 
     </span>
    </p>
   </div>
   <div class='ocr_carea' id='block_1_50' title="bbox 248 3747 1848 3820">
    <p class='ocr_par' dir='ltr' id='par_1_50' title="bbox 248 3747 1848 3820">
     <span class='ocr_line' id='line_1_51' title="bbox 248 3747 1848 3820; baseline 0.003 -18"><span class='ocrx_word' id='word_1_370' title='bbox 248 3763 318 3802; x_wconf 80' lang='lat' dir='ltr'><strong>ex</strong></span> <span class='ocrx_word' id='word_1_371' title='bbox 349 3747 590 3804; x_wconf 88' lang='lat' dir='ltr'><strong>locorum</strong></span> <span class='ocrx_word' id='word_1_372' title='bbox 623 3748 861 3820; x_wconf 88' lang='lat' dir='ltr'><strong>illorum,</strong></span> <span class='ocrx_word' id='word_1_373' title='bbox 887 3762 938 3805; x_wconf 89' lang='lat' dir='ltr'><strong>ct</strong></span> <span class='ocrx_word' id='word_1_374' title='bbox 966 3750 1146 3820; x_wconf 79' lang='lat' dir='ltr'><strong>hujus,</strong></span> <span class='ocrx_word' id='word_1_375' title='bbox 1175 3747 1333 3818; x_wconf 83' lang='lat' dir='ltr'><strong>quem</strong></span> <span class='ocrx_word' id='word_1_376' title='bbox 1360 3751 1445 3806; x_wconf 82' lang='lat' dir='ltr'><strong>hic</strong></span> <span class='ocrx_word' id='word_1_377' title='bbox 1474 3751 1848 3820; x_wconf 74' lang='lat' dir='ltr'><strong>expendimus,</strong></span> 
     </span>
    </p>
   </div>
   <div class='ocr_carea' id='block_1_51' title="bbox 246 3819 1847 3891">
    <p class='ocr_par' dir='ltr' id='par_1_51' title="bbox 246 3819 1847 3891">
     <span class='ocr_line' id='line_1_52' title="bbox 246 3819 1847 3891; baseline 0.004 -19"><span class='ocrx_word' id='word_1_378' title='bbox 246 3820 661 3891; x_wconf 81' lang='lat' dir='ltr'><strong>comparatione</strong></span> <span class='ocrx_word' id='word_1_379' title='bbox 713 3819 993 3891; x_wconf 84' lang='lat' dir='ltr'><strong>utriusque</strong></span> <span class='ocrx_word' id='word_1_380' title='bbox 1038 3819 1471 3877; x_wconf 81' lang='lat' dir='ltr'><strong>elucubratiouis</strong></span> <span class='ocrx_word' id='word_1_381' title='bbox 1527 3819 1847 3891; x_wconf 79' lang='lat' dir='ltr'><strong>scriptorem</strong></span> 
     </span>
    </p>
   </div>
   <div class='ocr_carea' id='block_1_52' title="bbox 248 3890 1850 3963">
    <p class='ocr_par' dir='ltr' id='par_1_52' title="bbox 248 3890 1850 3963">
     <span class='ocr_line' id='line_1_53' title="bbox 248 3890 1850 3963; baseline 0.004 -21"><span class='ocrx_word' id='word_1_382' title='bbox 248 3890 542 3963; x_wconf 82' lang='lat' dir='ltr'><strong>ostendere</strong></span> <span class='ocrx_word' id='word_1_383' title='bbox 570 3892 748 3962; x_wconf 75' lang='lat' dir='ltr'><strong>cupit.</strong></span> <span class='ocrx_word' id='word_1_384' title='bbox 780 3908 842 3948; x_wconf 90' lang='lat' dir='ltr'><strong>ea</strong></span> <span class='ocrx_word' id='word_1_385' title='bbox 883 3890 1160 3963; x_wconf 78' lang='lat' dir='ltr'><strong>consulat,</strong></span> <span class='ocrx_word' id='word_1_386' title='bbox 1191 3908 1310 3963; x_wconf 71' lang='lat' dir='ltr'><strong>qua:</strong></span> <span class='ocrx_word' id='word_1_387' title='bbox 1341 3894 1521 3950; x_wconf 86' lang='lat' dir='ltr'><strong>statim</strong></span> <span class='ocrx_word' id='word_1_388' title='bbox 1549 3890 1706 3959; x_wconf 85' lang='lat' dir='ltr'><strong>noto;</strong></span> <span class='ocrx_word' id='word_1_389' title='bbox 1741 3895 1850 3948; x_wconf 82' lang='lat' dir='ltr'><strong>sci-</strong></span> 
     </span>
    </p>
   </div>
   <div class='ocr_carea' id='block_1_53' title="bbox 251 3962 1846 4036">
    <p class='ocr_par' dir='ltr' id='par_1_53' title="bbox 251 3962 1846 4036">
     <span class='ocr_line' id='line_1_54' title="bbox 251 3962 1846 4036; baseline 0.003 -21"><span class='ocrx_word' id='word_1_390' title='bbox 251 3962 378 4016; x_wconf 86' lang='lat' dir='ltr'><strong>licet</strong></span> <span class='ocrx_word' id='word_1_391' title='bbox 414 3977 698 4036; x_wconf 85' lang='lat' dir='ltr'><strong>numerum</strong></span> <span class='ocrx_word' id='word_1_392' title='bbox 725 3965 790 4021; x_wconf 79' lang='lat' dir='ltr'><strong>l9</strong></span> <span class='ocrx_word' id='word_1_393' title='bbox 823 3963 944 4019; x_wconf 88' lang='lat' dir='ltr'><strong>libri</strong></span> <span class='ocrx_word' id='word_1_394' title='bbox 969 3980 986 4018; x_wconf 92' lang='grc' dir='ltr'><strong>ι</strong></span> <span class='ocrx_word' id='word_1_395' title='bbox 1017 3965 1079 4018; x_wconf 84' lang='lat' dir='ltr'><strong>de</strong></span> <span class='ocrx_word' id='word_1_396' title='bbox 1102 3962 1352 4019; x_wconf 82' lang='lat' dir='ltr'><strong>Trinitate</strong></span> <span class='ocrx_word' id='word_1_397' title='bbox 1374 3983 1391 4020; x_wconf 88' lang='lat'><em>:</em></span> <span class='ocrx_word' id='word_1_398' title='bbox 1416 3965 1483 4021; x_wconf 86' lang='lat' dir='ltr'><strong>Et</strong></span> <span class='ocrx_word' id='word_1_399' title='bbox 1515 3981 1600 4018; x_wconf 76' lang='lat' dir='ltr'><strong>vos</strong></span> <span class='ocrx_word' id='word_1_400' title='bbox 1620 3967 1846 4036; x_wconf 85' lang='lat' dir='ltr'><strong>quidem,</strong></span> 
     </span>
    </p>
   </div>
   <div class='ocr_carea' id='block_1_54' title="bbox 323 4034 1852 4102">
    <p class='ocr_par' dir='ltr' id='par_1_54' title="bbox 323 4034 1852 4102">
     <span class='ocr_line' id='line_1_55' title="bbox 323 4034 1852 4102; baseline 0.005 -16"><span class='ocrx_word' id='word_1_401' title='bbox 323 4050 378 4087; x_wconf 86' lang='lat' dir='ltr'><strong>os</strong></span> <span class='ocrx_word' id='word_1_402' title='bbox 409 4034 532 4101; x_wconf 78' lang='lat' dir='ltr'><strong>ﬁdei</strong></span> <span class='ocrx_word' id='word_1_403' title='bbox 559 4036 719 4102; x_wconf 85' lang='lat' dir='ltr'><strong>calor,</strong></span> <span class='ocrx_word' id='word_1_404' title='bbox 762 4044 876 4099; x_wconf 77' lang='lat' dir='ltr'><strong>etc;</strong></span> <span class='ocrx_word' id='word_1_405' title='bbox 911 4051 1192 4090; x_wconf 87' lang='lat' dir='ltr'><strong>numerum</strong></span> <span class='ocrx_word' id='word_1_406' title='bbox 1223 4037 1308 4102; x_wconf 83' lang='grc'><strong>19,</strong></span> <span class='ocrx_word' id='word_1_407' title='bbox 1333 4046 1389 4092; x_wconf 88' lang='lat' dir='ltr'><strong>et</strong></span> <span class='ocrx_word' id='word_1_408' title='bbox 1424 4037 1495 4092; x_wconf 75' lang='grc'><strong>26</strong></span> <span class='ocrx_word' id='word_1_409' title='bbox 1530 4034 1650 4091; x_wconf 88' lang='lat' dir='ltr'><strong>libri</strong></span> <span class='ocrx_word' id='word_1_410' title='bbox 1696 4039 1852 4093; x_wconf 79' lang='lat' dir='ltr'><strong>ttt‘de</strong></span> 
     </span>
    </p>
   </div>
   <div class='ocr_carea' id='block_1_55' title="bbox 303 4106 1850 4180">
    <p class='ocr_par' dir='ltr' id='par_1_55' title="bbox 303 4106 1850 4180">
     <span class='ocr_line' id='line_1_56' title="bbox 303 4106 1850 4180; baseline 0.006 -23"><span class='ocrx_word' id='word_1_411' title='bbox 303 4106 543 4180; x_wconf 70' lang='lat' dir='ltr'><strong>rinitate;</strong></span> <span class='ocrx_word' id='word_1_412' title='bbox 569 4123 724 4180; x_wconf 75' lang='lat' dir='ltr'><strong>num.</strong></span> <span class='ocrx_word' id='word_1_413' title='bbox 754 4109 822 4180; x_wconf 49' lang='lat' dir='ltr'><strong>1Q</strong></span> <span class='ocrx_word' id='word_1_414' title='bbox 877 4116 932 4162; x_wconf 88' lang='lat' dir='ltr'><strong>et</strong></span> <span class='ocrx_word' id='word_1_415' title='bbox 969 4108 1037 4162; x_wconf 78' lang='grc'><strong>58</strong></span> <span class='ocrx_word' id='word_1_416' title='bbox 1070 4107 1190 4180; x_wconf 85' lang='lat' dir='ltr'><strong>libri</strong></span> <span class='ocrx_word' id='word_1_417' title='bbox 1221 4125 1327 4173; x_wconf 82' lang='lat' dir='ltr'><strong>vu;</strong></span> <span class='ocrx_word' id='word_1_418' title='bbox 1381 4123 1442 4164; x_wconf 89' lang='lat' dir='ltr'><strong>ea</strong></span> <span class='ocrx_word' id='word_1_419' title='bbox 1475 4110 1694 4180; x_wconf 86' lang='lat' dir='ltr'><strong>pariter,</strong></span> <span class='ocrx_word' id='word_1_420' title='bbox 1727 4124 1850 4180; x_wconf 58' lang='lat' dir='ltr'><strong>qua</strong></span> 
     </span>
    </p>
   </div>
   <div class='ocr_carea' id='block_1_56' title="bbox 252 4177 1853 4252">
    <p class='ocr_par' dir='ltr' id='par_1_56' title="bbox 252 4177 1853 4252">
     <span class='ocr_line' id='line_1_57' title="bbox 252 4177 1853 4252; baseline 0.004 -22"><span class='ocrx_word' id='word_1_421' title='bbox 252 4193 320 4252; x_wconf 54' lang='lat' dir='ltr'><strong>Et;</strong></span> <span class='ocrx_word' id='word_1_422' title='bbox 453 4178 649 4252; x_wconf 79' lang='lat' dir='ltr'><strong>libri_vi</strong></span> <span class='ocrx_word' id='word_1_423' title='bbox 688 4179 755 4252; x_wconf 72' lang='lat' dir='ltr'><strong>de</strong></span> <span class='ocrx_word' id='word_1_424' title='bbox 782 4177 1006 4252; x_wconf 83' lang='lat' dir='ltr'><strong>Trinit.;</strong></span> <span class='ocrx_word' id='word_1_425' title='bbox 1035 4195 1096 4235; x_wconf 86' lang='lat' dir='ltr'><strong>ea</strong></span> <span class='ocrx_word' id='word_1_426' title='bbox 1123 4179 1378 4250; x_wconf 87' lang='lat' dir='ltr'><strong>denique,</strong></span> <span class='ocrx_word' id='word_1_427' title='bbox 1405 4177 1524 4251; x_wconf 77' lang='lat' dir='ltr'><strong>qua:</strong></span> <span class='ocrx_word' id='word_1_428' title='bbox 1559 4197 1606 4235; x_wconf 87' lang='grc' dir='ltr'>ιι.</span> <span class='ocrx_word' id='word_1_429' title='bbox 1638 4179 1673 4234; x_wconf 72' lang='grc'><strong>2</strong></span> <span class='ocrx_word' id='word_1_430' title='bbox 1699 4177 1773 4252; x_wconf 64' lang='grc' dir='ltr'><strong>(ε’)</strong></span> <span class='ocrx_word' id='word_1_431' title='bbox 1796 4189 1853 4236; x_wconf 83' lang='lat' dir='ltr'><strong>et</strong></span> 
     </span>
    </p>
   </div>
   <div class='ocr_carea' id='block_1_57' title="bbox 247 4246 1851 4320">
    <p class='ocr_par' dir='ltr' id='par_1_57' title="bbox 247 4246 1851 4320">
     <span class='ocr_line' id='line_1_58' title="bbox 247 4246 1851 4320; baseline 0.003 -17"><span class='ocrx_word' id='word_1_432' title='bbox 247 4246 323 4303; x_wconf 74' lang='grc'><strong>55</strong></span> <span class='ocrx_word' id='word_1_433' title='bbox 351 4248 431 4320; x_wconf 80' lang='lat' dir='ltr'><strong>(tl)</strong></span> <span class='ocrx_word' id='word_1_434' title='bbox 454 4249 522 4304; x_wconf 89' lang='lat' dir='ltr'><strong>de</strong></span> <span class='ocrx_word' id='word_1_435' title='bbox 553 4248 812 4305; x_wconf 86' lang='lat' dir='ltr'><strong>Trinitate</strong></span> <span class='ocrx_word' id='word_1_436' title='bbox 844 4251 933 4306; x_wconf 89' lang='lat' dir='ltr'><strong>ille</strong></span> <span class='ocrx_word' id='word_1_437' title='bbox 971 4252 1150 4307; x_wconf 88' lang='lat' dir='ltr'><strong>docet.</strong></span> <span class='ocrx_word' id='word_1_438' title='bbox 1184 4246 1598 4308; x_wconf 64' lang='lat' dir='ltr'><strong>Prdzclarissima</strong></span> <span class='ocrx_word' id='word_1_439' title='bbox 1625 4246 1763 4307; x_wconf 78' lang='lat' dir='ltr'><strong>sane</strong></span> <span class='ocrx_word' id='word_1_440' title='bbox 1794 4252 1851 4308; x_wconf 91' lang='lat' dir='ltr'><strong>in</strong></span> 
     </span>
    </p>
   </div>
   <div class='ocr_carea' id='block_1_58' title="bbox 250 4321 1853 4388">
    <p class='ocr_par' dir='ltr' id='par_1_58' title="bbox 250 4321 1853 4388">
     <span class='ocr_line' id='line_1_59' title="bbox 250 4321 1853 4388; baseline 0.004 -14"><span class='ocrx_word' id='word_1_441' title='bbox 250 4331 530 4388; x_wconf 86' lang='lat' dir='ltr'><strong>postremo</strong></span> <span class='ocrx_word' id='word_1_442' title='bbox 564 4321 664 4376; x_wconf 82' lang='lat' dir='ltr'><strong>hoc</strong></span> <span class='ocrx_word' id='word_1_443' title='bbox 692 4322 811 4377; x_wconf 92' lang='lat' dir='ltr'><strong>loco</strong></span> <span class='ocrx_word' id='word_1_444' title='bbox 838 4335 916 4378; x_wconf 71' lang='grc' dir='ltr'><strong>εει</strong></span> <span class='ocrx_word' id='word_1_445' title='bbox 946 4321 1134 4380; x_wconf 85' lang='lat' dir='ltr'><strong>Hilarii</strong></span> <span class='ocrx_word' id='word_1_446' title='bbox 1155 4324 1421 4380; x_wconf 85' lang='lat' dir='ltr'><strong>sententia</strong></span> <span class='ocrx_word' id='word_1_447' title='bbox 1453 4341 1466 4378; x_wconf 91' lang='lat'><strong>:</strong></span> <span class='ocrx_word' id='word_1_448' title='bbox 1495 4323 1620 4378; x_wconf 78' lang='lat' dir='ltr'><strong>Non</strong></span> <span class='ocrx_word' id='word_1_449' title='bbox 1645 4325 1853 4380; x_wconf 79' lang='lat' dir='ltr'><strong>relictus</strong></span> 
     </span>
    </p>
   </div>
   <div class='ocr_carea' id='block_1_59' title="bbox 251 4389 1852 4464">
    <p class='ocr_par' dir='ltr' id='par_1_59' title="bbox 251 4389 1852 4464">
     <span class='ocr_line' id='line_1_60' title="bbox 251 4389 1852 4464; baseline 0.006 -22"><span class='ocrx_word' id='word_1_450' title='bbox 251 4389 584 4464; x_wconf 83' lang='lat' dir='ltr'><strong>(hominum)</strong></span> <span class='ocrx_word' id='word_1_451' title='bbox 623 4392 840 4464; x_wconf 73' lang='lat' dir='ltr'><strong>eloquiis</strong></span> <span class='ocrx_word' id='word_1_452' title='bbox 879 4393 946 4449; x_wconf 83' lang='lat' dir='ltr'><strong>de</strong></span> <span class='ocrx_word' id='word_1_453' title='bbox 992 4393 1088 4448; x_wconf 86' lang='lat' dir='ltr'><strong>Dei</strong></span> <span class='ocrx_word' id='word_1_454' title='bbox 1136 4395 1284 4451; x_wconf 80' lang='lat' dir='ltr'><strong>rebus</strong></span> <span class='ocrx_word' id='word_1_455' title='bbox 1330 4396 1498 4460; x_wconf 83' lang='lat' dir='ltr'><strong>alius,</strong></span> <span class='ocrx_word' id='word_1_456' title='bbox 1549 4411 1702 4464; x_wconf 83' lang='lat' dir='ltr'><strong>quam</strong></span> <span class='ocrx_word' id='word_1_457' title='bbox 1755 4395 1852 4451; x_wconf 79' lang='lat' dir='ltr'><strong>Dei</strong></span> 
     </span>
    </p>
   </div>
   <div class='ocr_carea' id='block_1_60' title="bbox 251 4466 1852 4538">
    <p class='ocr_par' dir='ltr' id='par_1_60' title="bbox 251 4466 1852 4538">
     <span class='ocr_line' id='line_1_61' title="bbox 251 4466 1852 4538; baseline 0.004 -21"><span class='ocrx_word' id='word_1_458' title='bbox 251 4478 424 4538; x_wconf 70' lang='lat' dir='ltr'><strong>sermo</strong></span> <span class='ocrx_word' id='word_1_459' title='bbox 456 4481 475 4519; x_wconf 87' lang='lat'><strong><em>:</em></strong></span> <span class='ocrx_word' id='word_1_460' title='bbox 505 4466 908 4538; x_wconf 81' lang='lat' dir='ltr'><strong>omniareliqua</strong></span> <span class='ocrx_word' id='word_1_461' title='bbox 928 4476 973 4520; x_wconf 85' lang='lat' dir='ltr'><strong>et</strong></span> <span class='ocrx_word' id='word_1_462' title='bbox 1001 4477 1144 4522; x_wconf 78' lang='lat' dir='ltr'><strong>arcta</strong></span> <span class='ocrx_word' id='word_1_463' title='bbox 1168 4509 1184 4534; x_wconf 89' lang='lat'><strong>,</strong></span> <span class='ocrx_word' id='word_1_464' title='bbox 1221 4473 1268 4522; x_wconf 85' lang='lat' dir='ltr'><strong>ct</strong></span> <span class='ocrx_word' id='word_1_465' title='bbox 1297 4468 1572 4534; x_wconf 84' lang='lat' dir='ltr'><strong>conclusa,</strong></span> <span class='ocrx_word' id='word_1_466' title='bbox 1615 4478 1662 4523; x_wconf 87' lang='lat' dir='ltr'><strong>et</strong></span> <span class='ocrx_word' id='word_1_467' title='bbox 1693 4469 1852 4538; x_wconf 78' lang='lat' dir='ltr'><strong>impe—</strong></span> 
     </span>
    </p>
   </div>
   <div class='ocr_carea' id='block_1_61' title="bbox 251 4535 879 4603">
    <p class='ocr_par' dir='ltr' id='par_1_61' title="bbox 251 4535 879 4603">
     <span class='ocr_line' id='line_1_62' title="bbox 251 4535 879 4603; baseline 0.005 -15"><span class='ocrx_word' id='word_1_468' title='bbox 251 4535 365 4590; x_wconf 81' lang='lat' dir='ltr'><strong>dita</strong></span> <span class='ocrx_word' id='word_1_469' title='bbox 395 4546 536 4603; x_wconf 79' lang='lat' dir='ltr'><strong>sunt,</strong></span> <span class='ocrx_word' id='word_1_470' title='bbox 569 4546 614 4591; x_wconf 87' lang='lat' dir='ltr'><strong>et</strong></span> <span class='ocrx_word' id='word_1_471' title='bbox 643 4535 879 4592; x_wconf 79' lang='lat' dir='ltr'><strong>obscura.</strong></span> 
     </span>
    </p>
   </div>
   <div class='ocr_carea' id='block_1_62' title="bbox 324 4607 1848 4679">
    <p class='ocr_par' dir='ltr' id='par_1_62' title="bbox 324 4607 1848 4679">
     <span class='ocr_line' id='line_1_63' title="bbox 324 4607 1848 4679; baseline 0.005 -19"><span class='ocrx_word' id='word_1_472' title='bbox 324 4607 456 4676; x_wconf 71' lang='lat' dir='ltr'><strong>Quae</strong></span> <span class='ocrx_word' id='word_1_473' title='bbox 483 4624 611 4663; x_wconf 90' lang='lat' dir='ltr'><strong>vero</strong></span> <span class='ocrx_word' id='word_1_474' title='bbox 649 4609 904 4679; x_wconf 76' lang='lat' dir='ltr'><strong>deinceps</strong></span> <span class='ocrx_word' id='word_1_475' title='bbox 937 4609 1173 4665; x_wconf 88' lang='lat' dir='ltr'><strong>Hilarius</strong></span> <span class='ocrx_word' id='word_1_476' title='bbox 1204 4611 1266 4666; x_wconf 89' lang='lat' dir='ltr'><strong>iis</strong></span> <span class='ocrx_word' id='word_1_477' title='bbox 1303 4612 1482 4667; x_wconf 79' lang='lat' dir='ltr'><strong>verbis</strong></span> <span class='ocrx_word' id='word_1_478' title='bbox 1513 4609 1672 4666; x_wconf 70' lang='lat' dir='ltr'><strong>tra‘dit</strong></span> <span class='ocrx_word' id='word_1_479' title='bbox 1701 4629 1712 4664; x_wconf 76' lang='grc' dir='ltr'><strong>ε</strong></span> <span class='ocrx_word' id='word_1_480' title='bbox 1743 4625 1848 4668; x_wconf 83' lang='lat' dir='ltr'><strong>non</strong></span> 
     </span>
    </p>
   </div>
   <div class='ocr_carea' id='block_1_63' title="bbox 249 4679 1852 4753">
    <p class='ocr_par' dir='ltr' id='par_1_63' title="bbox 249 4679 1852 4753">
     <span class='ocr_line' id='line_1_64' title="bbox 249 4679 1852 4753; baseline 0.003 -20"><span class='ocrx_word' id='word_1_481' title='bbox 249 4679 402 4734; x_wconf 83' lang='lat' dir='ltr'><strong>illum</strong></span> <span class='ocrx_word' id='word_1_482' title='bbox 432 4681 486 4733; x_wconf 85' lang='lat' dir='ltr'><strong>in</strong></span> <span class='ocrx_word' id='word_1_483' title='bbox 516 4682 667 4735; x_wconf 82' lang='lat' dir='ltr'><strong>terris</strong></span> <span class='ocrx_word' id='word_1_484' title='bbox 704 4689 902 4750; x_wconf 79' lang='lat' dir='ltr'><strong>quwrat</strong></span> <span class='ocrx_word' id='word_1_485' title='bbox 929 4683 1081 4736; x_wconf 82' lang='lat' dir='ltr'><strong>homo</strong></span> <span class='ocrx_word' id='word_1_486' title='bbox 1101 4723 1118 4749; x_wconf 88' lang='lat'><strong>,</strong></span> <span class='ocrx_word' id='word_1_487' title='bbox 1145 4693 1236 4738; x_wconf 83' lang='lat' dir='ltr'><strong>aut</strong></span> <span class='ocrx_word' id='word_1_488' title='bbox 1267 4683 1399 4738; x_wconf 87' lang='lat' dir='ltr'><strong>inter</strong></span> <span class='ocrx_word' id='word_1_489' title='bbox 1429 4684 1674 4753; x_wconf 74' lang='lat' dir='ltr'><strong>ﬁgmenta</strong></span> <span class='ocrx_word' id='word_1_490' title='bbox 1713 4699 1852 4738; x_wconf 80' lang='lat' dir='ltr'><strong>cont-</strong></span> 
     </span>
    </p>
   </div>
   <div class='ocr_carea' id='block_1_64' title="bbox 252 4753 1851 4826">
    <p class='ocr_par' dir='ltr' id='par_1_64' title="bbox 252 4753 1851 4826">
     <span class='ocr_line' id='line_1_65' title="bbox 252 4753 1851 4826; baseline 0.005 -22"><span class='ocrx_word' id='word_1_491' title='bbox 252 4761 444 4826; x_wconf 74' lang='lat' dir='ltr'><strong>ponat,</strong></span> <span class='ocrx_word' id='word_1_492' title='bbox 474 4769 534 4804; x_wconf 82' lang='lat' dir='ltr'><strong>nc</strong></span> <span class='ocrx_word' id='word_1_493' title='bbox 561 4753 646 4826; x_wconf 82' lang='lat' dir='ltr'><strong>cui</strong></span> <span class='ocrx_word' id='word_1_494' title='bbox 671 4753 888 4826; x_wconf 81' lang='lat' dir='ltr'><strong>similem</strong></span> <span class='ocrx_word' id='word_1_495' title='bbox 925 4755 1131 4826; x_wconf 79' lang='lat' dir='ltr'><strong>credat,</strong></span> <span class='ocrx_word' id='word_1_496' title='bbox 1163 4769 1224 4808; x_wconf 88' lang='lat' dir='ltr'><strong>ea</strong></span> <span class='ocrx_word' id='word_1_497' title='bbox 1252 4755 1364 4824; x_wconf 86' lang='lat' dir='ltr'><strong>ipsa</strong></span> <span class='ocrx_word' id='word_1_498' title='bbox 1403 4765 1529 4810; x_wconf 84' lang='lat' dir='ltr'><strong>sunt</strong></span> <span class='ocrx_word' id='word_1_499' title='bbox 1557 4769 1676 4824; x_wconf 68' lang='lat' dir='ltr'><strong>qua:</strong></span> <span class='ocrx_word' id='word_1_500' title='bbox 1705 4770 1851 4826; x_wconf 76' lang='lat' dir='ltr'><strong>saepe</strong></span> 
     </span>
    </p>
   </div>
   <div class='ocr_carea' id='block_1_65' title="bbox 250 4823 1851 4890">
    <p class='ocr_par' dir='ltr' id='par_1_65' title="bbox 250 4823 1851 4890">
     <span class='ocr_line' id='line_1_66' title="bbox 250 4823 1851 4890; baseline 0.003 -13"><span class='ocrx_word' id='word_1_501' title='bbox 250 4823 526 4890; x_wconf 81' lang='lat' dir='ltr'><strong>Scriptura</strong></span> <span class='ocrx_word' id='word_1_502' title='bbox 569 4823 639 4879; x_wconf 92' lang='lat' dir='ltr'><strong>de</strong></span> <span class='ocrx_word' id='word_1_503' title='bbox 682 4825 790 4881; x_wconf 86' lang='lat' dir='ltr'><strong>Deo</strong></span> <span class='ocrx_word' id='word_1_504' title='bbox 823 4825 1088 4890; x_wconf 77' lang='lat' dir='ltr'><strong>inculcat;</strong></span> <span class='ocrx_word' id='word_1_505' title='bbox 1121 4823 1282 4883; x_wconf 81' lang='lat' dir='ltr'><strong>veluti</strong></span> <span class='ocrx_word' id='word_1_506' title='bbox 1331 4829 1380 4880; x_wconf 93' lang='lat' dir='ltr'><strong>itt</strong></span> <span class='ocrx_word' id='word_1_507' title='bbox 1435 4823 1851 4882; x_wconf 76' lang='lat' dir='ltr'><strong>ltetitcrottoniio</strong></span> 
     </span>
    </p>
   </div>
   <div class='ocr_carea' id='block_1_66' title="bbox 252 4894 1853 4969">
    <p class='ocr_par' dir='ltr' id='par_1_66' title="bbox 252 4894 1853 4969">
     <span class='ocr_line' id='line_1_67' title="bbox 252 4894 1853 4969; baseline 0.004 -22"><span class='ocrx_word' id='word_1_508' title='bbox 252 4894 391 4967; x_wconf 86' lang='lat' dir='ltr'><strong>(cap.</strong></span> <span class='ocrx_word' id='word_1_509' title='bbox 413 4907 474 4969; x_wconf 81' lang='lat' dir='ltr'><strong>tv</strong></span> <span class='ocrx_word' id='word_1_510' title='bbox 496 4910 626 4969; x_wconf 68' lang='lat' dir='ltr'><strong>nera.</strong></span> <span class='ocrx_word' id='word_1_511' title='bbox 657 4895 793 4969; x_wconf 7' lang='lat'><strong>15),:</strong></span> <span class='ocrx_word' id='word_1_512' title='bbox 837 4911 855 4948; x_wconf 86' lang='lat' dir='ltr'><strong>t</strong></span> <span class='ocrx_word' id='word_1_513' title='bbox 887 4896 1002 4951; x_wconf 81' lang='lat' dir='ltr'><strong>Non</strong></span> <span class='ocrx_word' id='word_1_514' title='bbox 1039 4897 1249 4953; x_wconf 73' lang='lat' dir='ltr'><strong>vidistis</strong></span> <span class='ocrx_word' id='word_1_515' title='bbox 1278 4899 1513 4969; x_wconf 88' lang='lat' dir='ltr'><strong>aliquam</strong></span> <span class='ocrx_word' id='word_1_516' title='bbox 1545 4898 1853 4954; x_wconf 88' lang='lat' dir='ltr'><strong>similitudi-</strong></span> 
     </span>
    </p>
   </div>
   <div class='ocr_carea' id='block_1_67' title="bbox 251 4967 1851 5038">
    <p class='ocr_par' dir='ltr' id='par_1_67' title="bbox 251 4967 1851 5038">
     <span class='ocr_line' id='line_1_68' title="bbox 251 4967 1851 5038; baseline 0.004 -18"><span class='ocrx_word' id='word_1_517' title='bbox 251 4981 381 5020; x_wconf 85' lang='lat' dir='ltr'><strong>nem</strong></span> <span class='ocrx_word' id='word_1_518' title='bbox 410 4967 595 5038; x_wconf 81' lang='lat' dir='ltr'><strong>indie,</strong></span> <span class='ocrx_word' id='word_1_519' title='bbox 629 4983 734 5038; x_wconf 89' lang='lat' dir='ltr'><strong>qua</strong></span> <span class='ocrx_word' id='word_1_520' title='bbox 757 4968 966 5023; x_wconf 85' lang='lat' dir='ltr'><strong>locutus</strong></span> <span class='ocrx_word' id='word_1_521' title='bbox 995 4980 1077 5024; x_wconf 88' lang='lat' dir='ltr'><strong>est</strong></span> <span class='ocrx_word' id='word_1_522' title='bbox 1108 4969 1259 5026; x_wconf 86' lang='lat' dir='ltr'><strong>vobis</strong></span> <span class='ocrx_word' id='word_1_523' title='bbox 1295 4967 1556 5025; x_wconf 80' lang='lat' dir='ltr'><strong>Dominus</strong></span> <span class='ocrx_word' id='word_1_524' title='bbox 1589 4971 1640 5024; x_wconf 91' lang='grc' dir='ltr'>1ιι</span> <span class='ocrx_word' id='word_1_525' title='bbox 1674 4970 1851 5027; x_wconf 77' lang='lat' dir='ltr'><strong>l-lorcb</strong></span> 
     </span>
    </p>
   </div>
   <div class='ocr_carea' id='block_1_68' title="bbox 249 5037 1850 5112">
    <p class='ocr_par' dir='ltr' id='par_1_68' title="bbox 249 5037 1850 5112">
     <span class='ocr_line' id='line_1_69' title="bbox 249 5037 1850 5112; baseline 0.003 -21"><span class='ocrx_word' id='word_1_526' title='bbox 249 5038 320 5091; x_wconf 86' lang='lat' dir='ltr'><strong>de</strong></span> <span class='ocrx_word' id='word_1_527' title='bbox 345 5037 730 5112; x_wconf 77' lang='lat' dir='ltr'><strong>inedioignis:</strong></span> <span class='ocrx_word' id='word_1_528' title='bbox 757 5056 823 5093; x_wconf 92' lang='lat' dir='ltr'><strong>ne</strong></span> <span class='ocrx_word' id='word_1_529' title='bbox 853 5041 992 5095; x_wconf 75' lang='lat' dir='ltr'><strong>forte</strong></span> <span class='ocrx_word' id='word_1_530' title='bbox 1019 5040 1229 5109; x_wconf 88' lang='lat' dir='ltr'><strong>decepti</strong></span> <span class='ocrx_word' id='word_1_531' title='bbox 1261 5041 1470 5096; x_wconf 82' lang='lat' dir='ltr'><strong>faciatis</strong></span> <span class='ocrx_word' id='word_1_532' title='bbox 1493 5041 1644 5097; x_wconf 85' lang='lat' dir='ltr'><strong>vobis</strong></span> <span class='ocrx_word' id='word_1_533' title='bbox 1667 5043 1850 5112; x_wconf 85' lang='lat' dir='ltr'><strong>sculp-</strong></span> 
     </span>
    </p>
   </div>
   <div class='ocr_carea' id='block_1_69' title="bbox 251 5109 1851 5181">
    <p class='ocr_par' dir='ltr' id='par_1_69' title="bbox 251 5109 1851 5181">
     <span class='ocr_line' id='line_1_70' title="bbox 251 5109 1851 5181; baseline 0.006 -21"><span class='ocrx_word' id='word_1_534' title='bbox 251 5117 365 5162; x_wconf 82' lang='lat' dir='ltr'><strong>tam</strong></span> <span class='ocrx_word' id='word_1_535' title='bbox 408 5109 848 5176; x_wconf 82' lang='lat' dir='ltr'><strong>similitudinem,</strong></span> <span class='ocrx_word' id='word_1_536' title='bbox 876 5120 991 5172; x_wconf 63' lang='lat' dir='ltr'><strong>,aut</strong></span> <span class='ocrx_word' id='word_1_537' title='bbox 1026 5112 1314 5181; x_wconf 78' lang='lat' dir='ltr'><strong>imaginem</strong></span> <span class='ocrx_word' id='word_1_538' title='bbox 1364 5113 1590 5168; x_wconf 87' lang='lat' dir='ltr'><strong>masculi</strong></span> <span class='ocrx_word' id='word_1_539' title='bbox 1647 5113 1730 5169; x_wconf 87' lang='lat' dir='ltr'><strong>vel</strong></span> <span class='ocrx_word' id='word_1_540' title='bbox 1772 5109 1851 5169; x_wconf 72' lang='lat' dir='ltr'><strong>fe-</strong></span> 
     </span>
    </p>
   </div>
   <div class='ocr_carea' id='block_1_70' title="bbox 251 5181 1849 5254">
    <p class='ocr_par' dir='ltr' id='par_1_70' title="bbox 251 5181 1849 5254">
     <span class='ocr_line' id='line_1_71' title="bbox 251 5181 1849 5254; baseline 0.004 -21"><span class='ocrx_word' id='word_1_541' title='bbox 251 5181 435 5254; x_wconf 71' lang='lat' dir='ltr'><strong>minae,</strong></span> <span class='ocrx_word' id='word_1_542' title='bbox 466 5192 570 5236; x_wconf 86' lang='lat' dir='ltr'><strong>etc.</strong></span> <span class='ocrx_word' id='word_1_543' title='bbox 606 5183 669 5237; x_wconf 79' lang='lat' dir='ltr'><strong>Et</strong></span> <span class='ocrx_word' id='word_1_544' title='bbox 700 5183 839 5252; x_wconf 87' lang='lat' dir='ltr'><strong>apud</strong></span> <span class='ocrx_word' id='word_1_545' title='bbox 867 5182 1059 5238; x_wconf 83' lang='lat' dir='ltr'><strong>Isaiam</strong></span> <span class='ocrx_word' id='word_1_546' title='bbox 1100 5190 1243 5254; x_wconf 84' lang='lat' dir='ltr'><strong>(cap.</strong></span> <span class='ocrx_word' id='word_1_547' title='bbox 1274 5198 1416 5248; x_wconf 75' lang='lat' dir='ltr'><strong>xm,</strong></span> <span class='ocrx_word' id='word_1_548' title='bbox 1450 5199 1576 5239; x_wconf 73' lang='lat' dir='ltr'><strong>rere.</strong></span> <span class='ocrx_word' id='word_1_549' title='bbox 1626 5185 1721 5253; x_wconf 85' lang='lat'><strong>5):</strong></span> <span class='ocrx_word' id='word_1_550' title='bbox 1755 5185 1849 5240; x_wconf 69' lang='lat' dir='ltr'><strong>Cui</strong></span> 
     </span>
    </p>
   </div>
   <div class='ocr_carea' id='block_1_71' title="bbox 249 5252 1844 5325">
    <p class='ocr_par' dir='ltr' id='par_1_71' title="bbox 249 5252 1844 5325">
     <span class='ocr_line' id='line_1_72' title="bbox 249 5252 1844 5325; baseline 0.004 -21"><span class='ocrx_word' id='word_1_551' title='bbox 249 5252 576 5325; x_wconf 78' lang='lat' dir='ltr'><strong>assimilastis</strong></span> <span class='ocrx_word' id='word_1_552' title='bbox 626 5271 726 5317; x_wconf 85' lang='lat' dir='ltr'><strong>me,</strong></span> <span class='ocrx_word' id='word_1_553' title='bbox 778 5264 825 5309; x_wconf 89' lang='lat' dir='ltr'><strong>et</strong></span> <span class='ocrx_word' id='word_1_554' title='bbox 872 5252 1203 5324; x_wconf 75' lang='lat' dir='ltr'><strong>adrequastis,</strong></span> <span class='ocrx_word' id='word_1_555' title='bbox 1260 5265 1307 5309; x_wconf 88' lang='lat' dir='ltr'><strong>et</strong></span> <span class='ocrx_word' id='word_1_556' title='bbox 1355 5252 1691 5325; x_wconf 74' lang='lat' dir='ltr'><strong>comparastis</strong></span> <span class='ocrx_word' id='word_1_557' title='bbox 1746 5273 1844 5322; x_wconf 87' lang='lat' dir='ltr'><strong>nte,</strong></span> 
     </span>
    </p>
   </div>
   <div class='ocr_carea' id='block_1_72' title="bbox 249 5324 1850 5397">
    <p class='ocr_par' dir='ltr' id='par_1_72' title="bbox 249 5324 1850 5397">
     <span class='ocr_line' id='line_1_73' title="bbox 249 5324 1850 5397; baseline 0.004 -20"><span class='ocrx_word' id='word_1_558' title='bbox 249 5333 300 5397; x_wconf 77' lang='lat' dir='ltr'><strong>et</strong></span> <span class='ocrx_word' id='word_1_559' title='bbox 327 5324 528 5397; x_wconf 73' lang='lat' dir='ltr'><strong>[ecistis</strong></span> <span class='ocrx_word' id='word_1_560' title='bbox 553 5325 793 5390; x_wconf 72' lang='lat' dir='ltr'><strong>sittulerit,</strong></span> <span class='ocrx_word' id='word_1_561' title='bbox 817 5336 921 5381; x_wconf 88' lang='lat' dir='ltr'><strong>etc.</strong></span> <span class='ocrx_word' id='word_1_562' title='bbox 967 5345 986 5379; x_wconf 86' lang='lat' dir='ltr'><strong>t</strong></span> <span class='ocrx_word' id='word_1_563' title='bbox 1015 5327 1088 5381; x_wconf 84' lang='lat' dir='ltr'><strong>Ea</strong></span> <span class='ocrx_word' id='word_1_564' title='bbox 1117 5342 1281 5396; x_wconf 93' lang='lat' dir='ltr'><strong>porro</strong></span> <span class='ocrx_word' id='word_1_565' title='bbox 1309 5326 1508 5390; x_wconf 86' lang='lat' dir='ltr'><strong>omnia,</strong></span> <span class='ocrx_word' id='word_1_566' title='bbox 1528 5342 1646 5397; x_wconf 68' lang='lat' dir='ltr'><strong>quae</strong></span> <span class='ocrx_word' id='word_1_567' title='bbox 1672 5327 1850 5383; x_wconf 84' lang='lat' dir='ltr'><strong>Theo-</strong></span> 
     </span>
    </p>
   </div>
   <div class='ocr_carea' id='block_1_73' title="bbox 253 5392 1848 5470">
    <p class='ocr_par' dir='ltr' id='par_1_73' title="bbox 253 5392 1848 5470">
     <span class='ocr_line' id='line_1_74' title="bbox 253 5392 1848 5470; baseline 0.005 -23"><span class='ocrx_word' id='word_1_568' title='bbox 253 5392 360 5465; x_wconf 57' lang='lat' dir='ltr'><strong>lngi</strong></span> <span class='ocrx_word' id='word_1_569' title='bbox 381 5397 640 5452; x_wconf 82' lang='lat' dir='ltr'><strong>adversus</strong></span> <span class='ocrx_word' id='word_1_570' title='bbox 650 5392 1240 5470; x_wconf 80' lang='lat' dir='ltr'><strong>Anthropomorpliitas</strong></span> <span class='ocrx_word' id='word_1_571' title='bbox 1258 5392 1655 5470; x_wconf 39' lang='lat' dir='ltr'><strong>disputant,’bic</strong></span> <span class='ocrx_word' id='word_1_572' title='bbox 1671 5399 1848 5456; x_wconf 73' lang='lat' dir='ltr'><strong>locum</strong></span> 
     </span>
    </p>
   </div>
   <div class='ocr_carea' id='block_1_74' title="bbox 249 5509 1850 5640">
    <p class='ocr_par' dir='ltr' id='par_1_74' title="bbox 249 5509 1850 5640">
     <span class='ocr_line' id='line_1_75' title="bbox 249 5509 1850 5640; baseline 0.007 -77"><span class='ocrx_word' id='word_1_573' title='bbox 249 5509 422 5638; x_wconf 38' lang='lat'><strong>00:3:</strong></span> <span class='ocrx_word' id='word_1_574' title='bbox 449 5509 614 5640; x_wconf 58' lang='lat' dir='ltr'><strong>lleillgr.</strong></span> <span class='ocrx_word' id='word_1_575' title='bbox 662 5511 731 5570; x_wconf 89' lang='lat' dir='ltr'><strong>de</strong></span> <span class='ocrx_word' id='word_1_576' title='bbox 770 5513 1002 5587; x_wconf 85' lang='lat' dir='ltr'><strong>Synodis</strong></span> <span class='ocrx_word' id='word_1_577' title='bbox 1043 5530 1097 5572; x_wconf 93' lang='lat' dir='ltr'><strong>n.</strong></span> <span class='ocrx_word' id='word_1_578' title='bbox 1144 5513 1232 5573; x_wconf 67' lang='lat'><strong>84.</strong></span> <span class='ocrx_word' id='word_1_579' title='bbox 1274 5515 1541 5574; x_wconf 73' lang='lat' dir='ltr'><strong>Credimus</strong></span> <span class='ocrx_word' id='word_1_580' title='bbox 1586 5514 1640 5572; x_wconf 87' lang='lat' dir='ltr'><strong>in</strong></span> <span class='ocrx_word' id='word_1_581' title='bbox 1688 5517 1850 5599; x_wconf 75' lang='lat' dir='ltr'><strong>muttit</strong></span> 
     </span>
     <span class='ocr_line' id='line_1_76' title="bbox 307 5600 576 5640; baseline 0.015 -3"><span class='ocrx_word' id='word_1_582' title='bbox 307 5600 366 5637; x_wconf 82' lang='lat' dir='ltr'><strong>eu</strong></span> <span class='ocrx_word' id='word_1_583' title='bbox 429 5625 443 5640; x_wconf 84' lang='lat'><strong>.</strong></span> <span class='ocrx_word' id='word_1_584' title='bbox 562 5623 576 5640; x_wconf 74' lang='grc' dir='ltr'><strong><em>ο</em></strong></span> 
     </span>
    </p>
   </div>
   <div class='ocr_carea' id='block_1_75' title="bbox 307 5600 576 5649">
    <p class='ocr_par' dir='ltr' id='par_1_75' title="bbox 307 5600 576 5649">
     <span class='ocr_line' id='line_1_77' title="bbox 307 5600 576 5649; baseline 0.011 -12"><span class='ocrx_word' id='word_1_585' title='bbox 307 5600 443 5649; x_wconf 82' lang='lat' dir='ltr'><strong>eum,</strong></span> <span class='ocrx_word' id='word_1_586' title='bbox 472 5600 576 5640; x_wconf 88' lang='lat' dir='ltr'><strong>etc.</strong></span> 
     </span>
    </p>
   </div>
   <div class='ocr_carea' id='block_1_76' title="bbox 324 5652 1012 5728">
    <p class='ocr_par' dir='ltr' id='par_1_76' title="bbox 324 5652 1012 5728">
     <span class='ocr_line' id='line_1_78' title="bbox 324 5652 1012 5728; baseline 0.007 -19"><span class='ocrx_word' id='word_1_587' title='bbox 324 5652 404 5727; x_wconf 76' lang='lat' dir='ltr'><strong>(li)</strong></span> <span class='ocrx_word' id='word_1_588' title='bbox 443 5655 497 5710; x_wconf 86' lang='lat' dir='ltr'><strong>In</strong></span> <span class='ocrx_word' id='word_1_589' title='bbox 528 5656 722 5726; x_wconf 86' lang='lat' dir='ltr'><strong>episto.</strong></span> <span class='ocrx_word' id='word_1_590' title='bbox 753 5656 775 5711; x_wconf 88' lang='lat' dir='ltr'><strong>l</strong></span> <span class='ocrx_word' id='word_1_591' title='bbox 802 5671 922 5728; x_wconf 86' lang='lat' dir='ltr'><strong>cap.</strong></span> <span class='ocrx_word' id='word_1_592' title='bbox 957 5674 1012 5714; x_wconf 73' lang='grc' dir='ltr'><strong>ν.</strong></span> 
     </span>
    </p>
   </div>
   <div class='ocr_carea' id='block_1_77' title="bbox 323 5729 1845 5806">
    <p class='ocr_par' dir='ltr' id='par_1_77' title="bbox 323 5729 1845 5806">
     <span class='ocr_line' id='line_1_79' title="bbox 323 5729 1845 5806; baseline 0.009 -26"><span class='ocrx_word' id='word_1_593' title='bbox 323 5731 398 5799; x_wconf 86' lang='lat' dir='ltr'><strong>(c)</strong></span> <span class='ocrx_word' id='word_1_594' title='bbox 430 5729 501 5806; x_wconf 64' lang='grc' dir='ltr'><strong>Ν.</strong></span> <span class='ocrx_word' id='word_1_595' title='bbox 525 5730 561 5786; x_wconf 73' lang='lat'><strong>2</strong></span> <span class='ocrx_word' id='word_1_596' title='bbox 583 5772 595 5793; x_wconf 87' lang='lat'><strong>,</strong></span> <span class='ocrx_word' id='word_1_597' title='bbox 617 5741 689 5806; x_wconf 89' lang='lat' dir='ltr'><strong>_et</strong></span> <span class='ocrx_word' id='word_1_598' title='bbox 713 5729 816 5806; x_wconf 85' lang='lat' dir='ltr'><strong>Dei</strong></span> <span class='ocrx_word' id='word_1_599' title='bbox 845 5743 908 5788; x_wconf 65' lang='lat' dir='ltr'><strong>es</strong></span> <span class='ocrx_word' id='word_1_600' title='bbox 943 5731 1051 5792; x_wconf 79' lang='lat' dir='ltr'><strong>Deo</strong></span> <span class='ocrx_word' id='word_1_601' title='bbox 1094 5734 1251 5806; x_wconf 73' lang='lat' dir='ltr'><strong>ﬁdem</strong></span> <span class='ocrx_word' id='word_1_602' title='bbox 1293 5742 1427 5795; x_wconf 78' lang='lat' dir='ltr'><strong>uniti</strong></span> <span class='ocrx_word' id='word_1_603' title='bbox 1471 5744 1668 5798; x_wconf 63' lang='lat' dir='ltr'><strong>tantum</strong></span> <span class='ocrx_word' id='word_1_604' title='bbox 1700 5737 1845 5794; x_wconf 74' lang='lat' dir='ltr'><strong>nobis</strong></span> 
     </span>
    </p>
   </div>
   <div class='ocr_carea' id='block_1_78' title="bbox 252 5799 1116 5876">
    <p class='ocr_par' dir='ltr' id='par_1_78' title="bbox 252 5799 1116 5876">
     <span class='ocr_line' id='line_1_80' title="bbox 252 5799 1116 5876; baseline 0.006 -15"><span class='ocrx_word' id='word_1_605' title='bbox 252 5799 394 5861; x_wconf 84' lang='lat' dir='ltr'><strong>Deus</strong></span> <span class='ocrx_word' id='word_1_606' title='bbox 423 5803 476 5859; x_wconf 85' lang='lat' dir='ltr'><strong>in</strong></span> <span class='ocrx_word' id='word_1_607' title='bbox 502 5803 821 5876; x_wconf 72' lang='lat' dir='ltr'><strong>confessione</strong></span> <span class='ocrx_word' id='word_1_608' title='bbox 850 5799 1116 5866; x_wconf 46' lang='lat' dir='ltr'><strong>dissolvat}</strong></span> 
     </span>
    </p>
   </div>
   <div class='ocr_carea' id='block_1_79' title="bbox 1886 1852 1933 1917">
    <p class='ocr_par' dir='ltr' id='par_1_79' title="bbox 1886 1852 1933 1917">
     <span class='ocr_line' id='line_1_81' title="bbox 1886 1852 1933 1917; baseline 0 0"><span class='ocrx_word' id='word_1_609' title='bbox 1886 1852 1933 1917; x_wconf 84' lang='grc' dir='ltr'><strong>Β</strong></span> 
     </span>
    </p>
   </div>
   <div class='ocr_carea' id='block_1_80' title="bbox 1876 4644 1931 4707">
    <p class='ocr_par' dir='ltr' id='par_1_80' title="bbox 1876 4644 1931 4707">
     <span class='ocr_line' id='line_1_82' title="bbox 1876 4644 1931 4707; baseline 0 0"><span class='ocrx_word' id='word_1_610' title='bbox 1876 4644 1931 4707; x_wconf 88' lang='lat' dir='ltr'><strong>D</strong></span> 
     </span>
    </p>
   </div>
   <div class='ocr_carea' id='block_1_81' title="bbox 1961 519 3556 594">
    <p class='ocr_par' dir='ltr' id='par_1_81' title="bbox 1961 519 3556 594">
     <span class='ocr_line' id='line_1_83' title="bbox 1961 519 3556 594; baseline 0.001 -21"><span class='ocrx_word' id='word_1_611' title='bbox 1961 519 2199 594; x_wconf 75' lang='lat' dir='ltr'><strong>digitum</strong></span> <span class='ocrx_word' id='word_1_612' title='bbox 2222 521 2518 586; x_wconf 80' lang='lat' dir='ltr'><strong>intendam,</strong></span> <span class='ocrx_word' id='word_1_613' title='bbox 2545 524 2741 593; x_wconf 85' lang='lat' dir='ltr'><strong>quibus</strong></span> <span class='ocrx_word' id='word_1_614' title='bbox 2762 523 3009 594; x_wconf 77' lang='lat' dir='ltr'><strong>superior</strong></span> <span class='ocrx_word' id='word_1_615' title='bbox 3046 525 3314 578; x_wconf 84' lang='lat' dir='ltr'><strong>sententia</strong></span> <span class='ocrx_word' id='word_1_616' title='bbox 3355 519 3556 594; x_wconf 44' lang='lat' dir='ltr'><strong>coniti}</strong></span> 
     </span>
    </p>
   </div>
   <div class='ocr_carea' id='block_1_82' title="bbox 1961 593 3552 665">
    <p class='ocr_par' dir='ltr' id='par_1_82' title="bbox 1961 593 3552 665">
     <span class='ocr_line' id='line_1_84' title="bbox 1961 593 3552 665; baseline 0.001 -19"><span class='ocrx_word' id='word_1_617' title='bbox 1961 603 2160 647; x_wconf 83' lang='lat' dir='ltr'><strong>utetur.</strong></span> <span class='ocrx_word' id='word_1_618' title='bbox 2188 593 2326 648; x_wconf 84' lang='lat' dir='ltr'><strong>Ecce</strong></span> <span class='ocrx_word' id='word_1_619' title='bbox 2353 595 2581 662; x_wconf 86' lang='lat' dir='ltr'><strong>primunt</strong></span> <span class='ocrx_word' id='word_1_620' title='bbox 2612 595 2724 665; x_wconf 60' lang='lat' dir='ltr'><strong>(lib,</strong></span> <span class='ocrx_word' id='word_1_621' title='bbox 2755 611 2770 649; x_wconf 90' lang='lat' dir='ltr'><strong>t</strong></span> <span class='ocrx_word' id='word_1_622' title='bbox 2797 593 2860 648; x_wconf 81' lang='lat' dir='ltr'><strong>de</strong></span> <span class='ocrx_word' id='word_1_623' title='bbox 2883 593 3166 660; x_wconf 74' lang='lat' dir='ltr'><strong>Trinitate,</strong></span> <span class='ocrx_word' id='word_1_624' title='bbox 3199 611 3251 649; x_wconf 81' lang='lat' dir='ltr'><strong>tt.</strong></span> <span class='ocrx_word' id='word_1_625' title='bbox 3288 593 3403 662; x_wconf 82' lang='grc'><strong>19).</strong></span> <span class='ocrx_word' id='word_1_626' title='bbox 3444 612 3463 646; x_wconf 80' lang='grc' dir='ltr'><strong>ι</strong></span> <span class='ocrx_word' id='word_1_627' title='bbox 3493 593 3552 650; x_wconf 88' lang='lat' dir='ltr'><strong>Si</strong></span> 
     </span>
    </p>
   </div>
   <div class='ocr_carea' id='block_1_83' title="bbox 1961 663 3551 733">
    <p class='ocr_par' dir='ltr' id='par_1_83' title="bbox 1961 663 3551 733">
     <span class='ocr_line' id='line_1_85' title="bbox 1961 663 3551 733; baseline 0.002 -18"><span class='ocrx_word' id='word_1_628' title='bbox 1961 678 2225 733; x_wconf 85' lang='lat' dir='ltr'><strong>qua-vero</strong></span> <span class='ocrx_word' id='word_1_629' title='bbox 2253 679 2350 718; x_wconf 90' lang='lat' dir='ltr'><strong>nos</strong></span> <span class='ocrx_word' id='word_1_630' title='bbox 2379 665 2446 720; x_wconf 87' lang='lat' dir='ltr'><strong>de</strong></span> <span class='ocrx_word' id='word_1_631' title='bbox 2476 663 2665 722; x_wconf 83' lang='lat' dir='ltr'><strong>natura</strong></span> <span class='ocrx_word' id='word_1_632' title='bbox 2697 663 2794 722; x_wconf 81' lang='lat' dir='ltr'><strong>Dei</strong></span> <span class='ocrx_word' id='word_1_633' title='bbox 2831 675 2884 721; x_wconf 88' lang='lat' dir='ltr'><strong>et</strong></span> <span class='ocrx_word' id='word_1_634' title='bbox 2917 667 3194 723; x_wconf 80' lang='lat' dir='ltr'><strong>nativitate</strong></span> <span class='ocrx_word' id='word_1_635' title='bbox 3223 675 3514 720; x_wconf 80' lang='lat' dir='ltr'><strong>tractantes</strong></span> <span class='ocrx_word' id='word_1_636' title='bbox 3535 703 3551 727; x_wconf 87' lang='lat'><em>.</em></span> 
     </span>
    </p>
   </div>
   <div class='ocr_carea' id='block_1_84' title="bbox 1961 737 3552 806">
    <p class='ocr_par' dir='ltr' id='par_1_84' title="bbox 1961 737 3552 806">
     <span class='ocr_line' id='line_1_86' title="bbox 1961 737 3552 806; baseline 0.001 -16"><span class='ocrx_word' id='word_1_637' title='bbox 1961 738 2421 805; x_wconf 79' lang='lat' dir='ltr'><strong>Comparationum</strong></span> <span class='ocrx_word' id='word_1_638' title='bbox 2463 740 2709 806; x_wconf 80' lang='lat' dir='ltr'><strong>exempla</strong></span> <span class='ocrx_word' id='word_1_639' title='bbox 2749 737 3038 793; x_wconf 66' lang='lat' dir='ltr'><strong>adoremus</strong></span> <span class='ocrx_word' id='word_1_640' title='bbox 3063 779 3078 803; x_wconf 97' lang='lat'><strong>,</strong></span> <span class='ocrx_word' id='word_1_641' title='bbox 3123 737 3286 794; x_wconf 85' lang='lat' dir='ltr'><strong>nemo</strong></span> <span class='ocrx_word' id='word_1_642' title='bbox 3312 753 3375 794; x_wconf 85' lang='lat' dir='ltr'><strong>ea</strong></span> <span class='ocrx_word' id='word_1_643' title='bbox 3407 739 3552 794; x_wconf 81' lang='lat' dir='ltr'><strong>exis-</strong></span> 
     </span>
    </p>
   </div>
   <div class='ocr_carea' id='block_1_85' title="bbox 1962 807 3550 876">
    <p class='ocr_par' dir='ltr' id='par_1_85' title="bbox 1962 807 3550 876">
     <span class='ocr_line' id='line_1_87' title="bbox 1962 807 3550 876; baseline 0.001 -16"><span class='ocrx_word' id='word_1_644' title='bbox 1962 808 2114 864; x_wconf 85' lang='lat' dir='ltr'><strong>timet</strong></span> <span class='ocrx_word' id='word_1_645' title='bbox 2137 807 2402 864; x_wconf 63' lang='lat' dir='ltr'><strong>absolutte</strong></span> <span class='ocrx_word' id='word_1_646' title='bbox 2427 811 2477 864; x_wconf 88' lang='lat' dir='ltr'><strong>itt</strong></span> <span class='ocrx_word' id='word_1_647' title='bbox 2504 825 2564 865; x_wconf 83' lang='lat' dir='ltr'><strong>se</strong></span> <span class='ocrx_word' id='word_1_648' title='bbox 2590 811 2814 864; x_wconf 87' lang='lat' dir='ltr'><strong>rationis</strong></span> <span class='ocrx_word' id='word_1_649' title='bbox 2839 811 3219 876; x_wconf 72' lang='lat' dir='ltr'><strong>pet-lectionem</strong></span> <span class='ocrx_word' id='word_1_650' title='bbox 3248 808 3550 864; x_wconf 80' lang='lat' dir='ltr'><strong>continere.</strong></span> 
     </span>
    </p>
   </div>
   <div class='ocr_carea' id='block_1_86' title="bbox 1959 877 3548 947">
    <p class='ocr_par' dir='ltr' id='par_1_86' title="bbox 1959 877 3548 947">
     <span class='ocr_line' id='line_1_88' title="bbox 1959 877 3548 947; baseline 0.001 -15"><span class='ocrx_word' id='word_1_651' title='bbox 1959 877 2308 947; x_wconf 85' lang='lat' dir='ltr'><strong>Contporatio</strong></span> <span class='ocrx_word' id='word_1_652' title='bbox 2352 881 2496 936; x_wconf 85' lang='lat' dir='ltr'><strong>enim</strong></span> <span class='ocrx_word' id='word_1_653' title='bbox 2550 891 2887 936; x_wconf 86' lang='lat' dir='ltr'><strong>terrettornm</strong></span> <span class='ocrx_word' id='word_1_654' title='bbox 2929 881 2994 934; x_wconf 89' lang='lat' dir='ltr'><strong>ad</strong></span> <span class='ocrx_word' id='word_1_655' title='bbox 3038 882 3203 935; x_wconf 78' lang='lat' dir='ltr'><strong>Deum</strong></span> <span class='ocrx_word' id='word_1_656' title='bbox 3240 880 3381 936; x_wconf 89' lang='lat' dir='ltr'><strong>nulla</strong></span> <span class='ocrx_word' id='word_1_657' title='bbox 3422 892 3548 934; x_wconf 65' lang='lat' dir='ltr'><strong>est!</strong></span> 
     </span>
    </p>
   </div>
   <div class='ocr_carea' id='block_1_87' title="bbox 1959 950 3528 1023">
    <p class='ocr_par' dir='ltr' id='par_1_87' title="bbox 1959 950 3528 1023">
     <span class='ocr_line' id='line_1_89' title="bbox 1959 950 3528 1023; baseline -0.001 -17"><span class='ocrx_word' id='word_1_658' title='bbox 1959 951 2053 1023; x_wconf 79' lang='lat' dir='ltr'><strong>sed</strong></span> <span class='ocrx_word' id='word_1_659' title='bbox 2079 950 2359 1023; x_wconf 81' lang='lat' dir='ltr'><strong>inﬁrmitas</strong></span> <span class='ocrx_word' id='word_1_660' title='bbox 2381 961 2584 1007; x_wconf 64' lang='lat' dir='ltr'><strong>ucstra:</strong></span> <span class='ocrx_word' id='word_1_661' title='bbox 2606 953 2976 1021; x_wconf 63' lang='lat' dir='ltr'><strong>intelligentiae</strong></span> <span class='ocrx_word' id='word_1_662' title='bbox 2995 951 3372 1023; x_wconf 25' lang='lat' dir='ltr'><strong>erigit‘species</strong></span> <span class='ocrx_word' id='word_1_663' title='bbox 3394 966 3528 1023; x_wconf 87' lang='lat' dir='ltr'><strong>quas</strong></span> 
     </span>
    </p>
   </div>
   <div class='ocr_carea' id='block_1_88' title="bbox 1957 1019 3552 1095">
    <p class='ocr_par' dir='ltr' id='par_1_88' title="bbox 1957 1019 3552 1095">
     <span class='ocr_line' id='line_1_90' title="bbox 1957 1019 3552 1095; baseline 0.001 -18"><span class='ocrx_word' id='word_1_664' title='bbox 1957 1021 2084 1077; x_wconf 81' lang='lat' dir='ltr'><strong>dam</strong></span> <span class='ocrx_word' id='word_1_665' title='bbox 2114 1038 2178 1077; x_wconf 82' lang='lat' dir='ltr'><strong>ex</strong></span> <span class='ocrx_word' id='word_1_666' title='bbox 2229 1021 2607 1088; x_wconf 81' lang='lat' dir='ltr'><strong>inferioribus,</strong></span> <span class='ocrx_word' id='word_1_667' title='bbox 2661 1019 2929 1092; x_wconf 78' lang='lat' dir='ltr'><strong>tamquam</strong></span> <span class='ocrx_word' id='word_1_668' title='bbox 2972 1019 3308 1095; x_wconf 74' lang='lat' dir='ltr'><strong>superiorum</strong></span> <span class='ocrx_word' id='word_1_669' title='bbox 3349 1019 3552 1079; x_wconf 80' lang='lat' dir='ltr'><strong>indices</strong></span> 
     </span>
    </p>
   </div>
   <div class='ocr_carea' id='block_1_89' title="bbox 1960 1095 3548 1162">
    <p class='ocr_par' dir='ltr' id='par_1_89' title="bbox 1960 1095 3548 1162">
     <span class='ocr_line' id='line_1_91' title="bbox 1960 1095 3548 1162; baseline 0.002 -16"><span class='ocrx_word' id='word_1_670' title='bbox 1960 1110 2231 1162; x_wconf 68' lang='lat' dir='ltr'><strong>Qtttﬁl’el‘c;</strong></span> <span class='ocrx_word' id='word_1_671' title='bbox 2265 1105 2321 1150; x_wconf 92' lang='lat' dir='ltr'><strong>ut</strong></span> <span class='ocrx_word' id='word_1_672' title='bbox 2363 1095 2911 1156; x_wconf 66' lang='lat' dir='ltr'><strong>rerumiatuiliarium</strong></span> <span class='ocrx_word' id='word_1_673' title='bbox 2939 1097 3330 1152; x_wconf 86' lang='lat' dir='ltr'><strong>coitsuetttdine</strong></span> <span class='ocrx_word' id='word_1_674' title='bbox 3360 1095 3548 1152; x_wconf 87' lang='lat' dir='ltr'><strong>admo—</strong></span> 
     </span>
    </p>
   </div>
   <div class='ocr_carea' id='block_1_90' title="bbox 1962 1167 3553 1232">
    <p class='ocr_par' dir='ltr' id='par_1_90' title="bbox 1962 1167 3553 1232">
     <span class='ocr_line' id='line_1_92' title="bbox 1962 1167 3553 1232; baseline 0.002 -12"><span class='ocrx_word' id='word_1_675' title='bbox 1962 1175 2144 1232; x_wconf 85' lang='lat' dir='ltr'><strong>nente,</strong></span> <span class='ocrx_word' id='word_1_676' title='bbox 2177 1183 2240 1222; x_wconf 74' lang='lat' dir='ltr'><strong>ex</strong></span> <span class='ocrx_word' id='word_1_677' title='bbox 2263 1182 2457 1222; x_wconf 77' lang='lat' dir='ltr'><strong>sensus</strong></span> <span class='ocrx_word' id='word_1_678' title='bbox 2483 1169 2653 1224; x_wconf 80' lang='lat' dir='ltr'><strong>nostri</strong></span> <span class='ocrx_word' id='word_1_679' title='bbox 2684 1168 3014 1223; x_wconf 79' lang='lat' dir='ltr'><strong>conscientia</strong></span> <span class='ocrx_word' id='word_1_680' title='bbox 3045 1168 3110 1222; x_wconf 88' lang='lat' dir='ltr'><strong>ad</strong></span> <span class='ocrx_word' id='word_1_681' title='bbox 3141 1167 3338 1222; x_wconf 85' lang='lat' dir='ltr'><strong>insoliti</strong></span> <span class='ocrx_word' id='word_1_682' title='bbox 3362 1181 3553 1222; x_wconf 85' lang='lat' dir='ltr'><strong>sensus</strong></span> 
     </span>
    </p>
   </div>
   <div class='ocr_carea' id='block_1_91' title="bbox 1961 1236 3553 1308">
    <p class='ocr_par' dir='ltr' id='par_1_91' title="bbox 1961 1236 3553 1308">
     <span class='ocr_line' id='line_1_93' title="bbox 1961 1236 3553 1308; baseline 0.001 -16"><span class='ocrx_word' id='word_1_683' title='bbox 1961 1237 2270 1305; x_wconf 86' lang='lat' dir='ltr'><strong>opinionem</strong></span> <span class='ocrx_word' id='word_1_684' title='bbox 2332 1240 2704 1294; x_wconf 80' lang='lat' dir='ltr'><strong>educerentur.</strong></span> <span class='ocrx_word' id='word_1_685' title='bbox 2763 1239 2952 1294; x_wconf 91' lang='lat' dir='ltr'><strong>Omnis</strong></span> <span class='ocrx_word' id='word_1_686' title='bbox 3009 1236 3171 1306; x_wconf 77' lang='lat' dir='ltr'><strong>igitur</strong></span> <span class='ocrx_word' id='word_1_687' title='bbox 3220 1241 3553 1308; x_wconf 84' lang='lat' dir='ltr'><strong>comparatio</strong></span> 
     </span>
    </p>
   </div>
   <div class='ocr_carea' id='block_1_92' title="bbox 1961 1308 3552 1380">
    <p class='ocr_par' dir='ltr' id='par_1_92' title="bbox 1961 1308 3552 1380">
     <span class='ocr_line' id='line_1_94' title="bbox 1961 1308 3552 1380; baseline 0.001 -17"><span class='ocrx_word' id='word_1_688' title='bbox 1961 1308 2164 1380; x_wconf 83' lang='lat' dir='ltr'><strong>ltotttittt&#39;</strong></span> <span class='ocrx_word' id='word_1_689' title='bbox 2209 1312 2387 1378; x_wconf 83' lang='lat' dir='ltr'><strong>potius</strong></span> <span class='ocrx_word' id='word_1_690' title='bbox 2420 1312 2563 1365; x_wconf 86' lang='lat' dir='ltr'><strong>utilis</strong></span> <span class='ocrx_word' id='word_1_691' title='bbox 2593 1312 2872 1374; x_wconf 75' lang='lat' dir='ltr'><strong>indicatur,</strong></span> <span class='ocrx_word' id='word_1_692' title='bbox 2901 1325 3060 1379; x_wconf 84' lang='lat' dir='ltr'><strong>quam</strong></span> <span class='ocrx_word' id='word_1_693' title='bbox 3099 1312 3207 1365; x_wconf 82' lang='lat' dir='ltr'><strong>Deo</strong></span> <span class='ocrx_word' id='word_1_694' title='bbox 3235 1320 3393 1376; x_wconf 78' lang='lat' dir='ltr'><strong>apta;</strong></span> <span class='ocrx_word' id='word_1_695' title='bbox 3426 1313 3552 1380; x_wconf 81' lang='lat' dir='ltr'><strong>quia</strong></span> 
     </span>
    </p>
   </div>
   <div class='ocr_carea' id='block_1_93' title="bbox 1959 1378 3552 1453">
    <p class='ocr_par' dir='ltr' id='par_1_93' title="bbox 1959 1378 3552 1453">
     <span class='ocr_line' id='line_1_95' title="bbox 1959 1378 3552 1453; baseline 0.001 -18"><span class='ocrx_word' id='word_1_696' title='bbox 1959 1378 2370 1452; x_wconf 74' lang='lat' dir='ltr'><strong>intelligentiam</strong></span> <span class='ocrx_word' id='word_1_697' title='bbox 2403 1385 2572 1453; x_wconf 75' lang='lat' dir='ltr'><strong>magis</strong></span> <span class='ocrx_word' id='word_1_698' title='bbox 2601 1382 2886 1452; x_wconf 80' lang='lat' dir='ltr'><strong>signiﬁcet,</strong></span> <span class='ocrx_word' id='word_1_699' title='bbox 2910 1378 3068 1452; x_wconf 86' lang='lat' dir='ltr'><strong>quant</strong></span> <span class='ocrx_word' id='word_1_700' title='bbox 3095 1382 3308 1450; x_wconf 65' lang='lat' dir='ltr'><strong>Expleat</strong></span> <span class='ocrx_word' id='word_1_701' title='bbox 3336 1398 3350 1435; x_wconf 84' lang='lat'><strong>:</strong></span> <span class='ocrx_word' id='word_1_702' title='bbox 3378 1378 3552 1452; x_wconf 80' lang='lat' dir='ltr'><strong>neque</strong></span> 
     </span>
    </p>
   </div>
   <div class='ocr_carea' id='block_1_94' title="bbox 1961 1454 3549 1522">
    <p class='ocr_par' dir='ltr' id='par_1_94' title="bbox 1961 1454 3549 1522">
     <span class='ocr_line' id='line_1_96' title="bbox 1961 1454 3549 1522; baseline 0 -15"><span class='ocrx_word' id='word_1_703' title='bbox 1961 1456 2168 1507; x_wconf 86' lang='lat' dir='ltr'><strong>naturis</strong></span> <span class='ocrx_word' id='word_1_704' title='bbox 2197 1455 2408 1519; x_wconf 87' lang='lat' dir='ltr'><strong>carnis,</strong></span> <span class='ocrx_word' id='word_1_705' title='bbox 2437 1464 2486 1507; x_wconf 91' lang='lat' dir='ltr'><strong>et</strong></span> <span class='ocrx_word' id='word_1_706' title='bbox 2515 1455 2750 1522; x_wconf 83' lang='lat' dir='ltr'><strong>spiritus,</strong></span> <span class='ocrx_word' id='word_1_707' title='bbox 2776 1463 2830 1508; x_wconf 85' lang='lat' dir='ltr'><strong>et</strong></span> <span class='ocrx_word' id='word_1_708' title='bbox 2857 1454 3225 1514; x_wconf 85' lang='lat' dir='ltr'><strong>invisibilittm,</strong></span> <span class='ocrx_word' id='word_1_709' title='bbox 3259 1468 3323 1507; x_wconf 89' lang='lat' dir='ltr'><strong>ac</strong></span> <span class='ocrx_word' id='word_1_710' title='bbox 3350 1465 3549 1508; x_wconf 85' lang='lat' dir='ltr'><strong>tracta-</strong></span> 
     </span>
    </p>
   </div>
   <div class='ocr_carea' id='block_1_95' title="bbox 1961 1525 3554 1596">
    <p class='ocr_par' dir='ltr' id='par_1_95' title="bbox 1961 1525 3554 1596">
     <span class='ocr_line' id='line_1_97' title="bbox 1961 1525 3554 1596; baseline 0.001 -18"><span class='ocrx_word' id='word_1_711' title='bbox 1961 1525 2148 1579; x_wconf 90' lang='lat' dir='ltr'><strong>bilium</strong></span> <span class='ocrx_word' id='word_1_712' title='bbox 2162 1526 2507 1593; x_wconf 72' lang='lat' dir='ltr'><strong>coaequandis</strong></span> <span class='ocrx_word' id='word_1_713' title='bbox 2527 1537 2844 1594; x_wconf 33' lang='lat' dir='ltr'><strong>praesumpta</strong></span> <span class='ocrx_word' id='word_1_714' title='bbox 2862 1543 2954 1594; x_wconf 87' lang='lat' dir='ltr'><strong>rep</strong></span> <span class='ocrx_word' id='word_1_715' title='bbox 2965 1535 3163 1584; x_wconf 85' lang='lat' dir='ltr'><strong>utetur.</strong></span> <span class='ocrx_word' id='word_1_716' title='bbox 3181 1534 3486 1596; x_wconf 86' lang='lat' dir='ltr'><strong>protestans</strong></span> <span class='ocrx_word' id='word_1_717' title='bbox 3500 1535 3554 1581; x_wconf 88' lang='lat' dir='ltr'><strong>et</strong></span> 
     </span>
    </p>
   </div>
   <div class='ocr_carea' id='block_1_96' title="bbox 1961 1595 3554 1667">
    <p class='ocr_par' dir='ltr' id='par_1_96' title="bbox 1961 1595 3554 1667">
     <span class='ocr_line' id='line_1_98' title="bbox 1961 1595 3554 1667; baseline 0.002 -17"><span class='ocrx_word' id='word_1_718' title='bbox 1961 1597 2259 1652; x_wconf 75' lang='lat' dir='ltr'><strong>inﬁrmitati</strong></span> <span class='ocrx_word' id='word_1_719' title='bbox 2295 1611 2354 1652; x_wconf 88' lang='lat' dir='ltr'><strong>se</strong></span> <span class='ocrx_word' id='word_1_720' title='bbox 2382 1595 2633 1652; x_wconf 74' lang='lat' dir='ltr'><strong>humana:</strong></span> <span class='ocrx_word' id='word_1_721' title='bbox 2671 1597 3038 1667; x_wconf 75' lang='lat' dir='ltr'><strong>iltlelligenlite</strong></span> <span class='ocrx_word' id='word_1_722' title='bbox 3071 1595 3468 1660; x_wconf 74' lang='lat' dir='ltr'><strong>necessariam,</strong></span> <span class='ocrx_word' id='word_1_723' title='bbox 3499 1607 3554 1654; x_wconf 87' lang='lat' dir='ltr'><strong>et</strong></span> 
     </span>
    </p>
   </div>
   <div class='ocr_carea' id='block_1_97' title="bbox 1958 1667 3550 1738">
    <p class='ocr_par' dir='ltr' id='par_1_97' title="bbox 1958 1667 3550 1738">
     <span class='ocr_line' id='line_1_99' title="bbox 1958 1667 3550 1738; baseline 0.002 -18"><span class='ocrx_word' id='word_1_724' title='bbox 1958 1669 2026 1721; x_wconf 89' lang='lat' dir='ltr'><strong>ab</strong></span> <span class='ocrx_word' id='word_1_725' title='bbox 2070 1667 2265 1724; x_wconf 87' lang='lat' dir='ltr'><strong>invidia</strong></span> <span class='ocrx_word' id='word_1_726' title='bbox 2303 1684 2424 1724; x_wconf 84' lang='lat' dir='ltr'><strong>esse</strong></span> <span class='ocrx_word' id='word_1_727' title='bbox 2459 1669 2684 1724; x_wconf 83' lang='lat' dir='ltr'><strong>liberam</strong></span> <span class='ocrx_word' id='word_1_728' title='bbox 2729 1685 2834 1724; x_wconf 91' lang='lat' dir='ltr'><strong>non</strong></span> <span class='ocrx_word' id='word_1_729' title='bbox 2880 1667 3262 1726; x_wconf 79' lang='lat' dir='ltr'><strong>satisfacientis</strong></span> <span class='ocrx_word' id='word_1_730' title='bbox 3299 1668 3550 1738; x_wconf 78' lang='lat' dir='ltr'><strong>exempli.</strong></span> 
     </span>
    </p>
   </div>
   <div class='ocr_carea' id='block_1_98' title="bbox 1958 1740 3551 1812">
    <p class='ocr_par' dir='ltr' id='par_1_98' title="bbox 1958 1740 3551 1812">
     <span class='ocr_line' id='line_1_100' title="bbox 1958 1740 3551 1812; baseline 0.001 -18"><span class='ocrx_word' id='word_1_731' title='bbox 1958 1740 2240 1812; x_wconf 78' lang='lat' dir='ltr'><strong>Pergimus</strong></span> <span class='ocrx_word' id='word_1_732' title='bbox 2275 1744 2451 1809; x_wconf 85' lang='lat' dir='ltr'><strong>itaque</strong></span> <span class='ocrx_word' id='word_1_733' title='bbox 2480 1741 2548 1796; x_wconf 80' lang='lat' dir='ltr'><strong>de</strong></span> <span class='ocrx_word' id='word_1_734' title='bbox 2572 1741 2681 1794; x_wconf 89' lang='lat' dir='ltr'><strong>Deo</strong></span> <span class='ocrx_word' id='word_1_735' title='bbox 2708 1741 2937 1796; x_wconf 88' lang='lat' dir='ltr'><strong>locuturi</strong></span> <span class='ocrx_word' id='word_1_736' title='bbox 2969 1741 3063 1795; x_wconf 86' lang='lat' dir='ltr'><strong>Dei</strong></span> <span class='ocrx_word' id='word_1_737' title='bbox 3091 1741 3298 1812; x_wconf 81' lang='lat' dir='ltr'><strong>verbis,</strong></span> <span class='ocrx_word' id='word_1_738' title='bbox 3333 1756 3551 1796; x_wconf 81' lang='lat' dir='ltr'><strong>sensum</strong></span> 
     </span>
    </p>
   </div>
   <div class='ocr_carea' id='block_1_99' title="bbox 1962 1811 3546 1879">
    <p class='ocr_par' dir='ltr' id='par_1_99' title="bbox 1962 1811 3546 1879">
     <span class='ocr_line' id='line_1_101' title="bbox 1962 1811 3546 1879; baseline 0.001 -13"><span class='ocrx_word' id='word_1_739' title='bbox 1962 1811 2137 1867; x_wconf 81' lang='lat' dir='ltr'><strong>tamen</strong></span> <span class='ocrx_word' id='word_1_740' title='bbox 2170 1817 2411 1867; x_wconf 86' lang='lat' dir='ltr'><strong>nostrum</strong></span> <span class='ocrx_word' id='word_1_741' title='bbox 2438 1827 2614 1868; x_wconf 89' lang='lat' dir='ltr'><strong>rerum</strong></span> <span class='ocrx_word' id='word_1_742' title='bbox 2641 1823 2944 1868; x_wconf 84' lang='lat' dir='ltr'><strong>nostrarum</strong></span> <span class='ocrx_word' id='word_1_743' title='bbox 2975 1813 3159 1879; x_wconf 85' lang='lat' dir='ltr'><strong>Specie</strong></span> <span class='ocrx_word' id='word_1_744' title='bbox 3190 1811 3546 1872; x_wconf 69' lang='lat' dir='ltr'><strong>imbuentess</strong></span> 
     </span>
    </p>
   </div>
   <div class='ocr_carea' id='block_1_100' title="bbox 1958 1881 3554 1952">
    <p class='ocr_par' dir='ltr' id='par_1_100' title="bbox 1958 1881 3554 1952">
     <span class='ocr_line' id='line_1_102' title="bbox 1958 1881 3554 1952; baseline -0.001 -11"><span class='ocrx_word' id='word_1_745' title='bbox 1958 1883 2346 1952; x_wconf 86' lang='lat' dir='ltr'><strong>Superioribus</strong></span> <span class='ocrx_word' id='word_1_746' title='bbox 2395 1884 2579 1939; x_wconf 86' lang='lat' dir='ltr'><strong>at‘tinia</strong></span> <span class='ocrx_word' id='word_1_747' title='bbox 2622 1884 2785 1941; x_wconf 85' lang='lat' dir='ltr'><strong>tradit</strong></span> <span class='ocrx_word' id='word_1_748' title='bbox 2815 1883 2953 1939; x_wconf 85' lang='lat' dir='ltr'><strong>idem</strong></span> <span class='ocrx_word' id='word_1_749' title='bbox 2992 1883 3226 1940; x_wconf 86' lang='lat' dir='ltr'><strong>Hilarius</strong></span> <span class='ocrx_word' id='word_1_750' title='bbox 3265 1881 3492 1940; x_wconf 82' lang='lat' dir='ltr'><strong>numero</strong></span> <span class='ocrx_word' id='word_1_751' title='bbox 3518 1886 3554 1940; x_wconf 68' lang='grc'>2</span> 
     </span>
    </p>
   </div>
   <div class='ocr_carea' id='block_1_101' title="bbox 1963 1956 3551 2025">
    <p class='ocr_par' dir='ltr' id='par_1_101' title="bbox 1963 1956 3551 2025">
     <span class='ocr_line' id='line_1_103' title="bbox 1963 1956 3551 2025; baseline 0.001 -15"><span class='ocrx_word' id='word_1_752' title='bbox 1963 1957 2083 2011; x_wconf 90' lang='lat' dir='ltr'><strong>libri</strong></span> <span class='ocrx_word' id='word_1_753' title='bbox 2120 1961 2194 2022; x_wconf 85' lang='lat' dir='ltr'><strong>tv,</strong></span> <span class='ocrx_word' id='word_1_754' title='bbox 2229 1963 2286 2010; x_wconf 87' lang='lat' dir='ltr'><strong>et</strong></span> <span class='ocrx_word' id='word_1_755' title='bbox 2318 1972 2467 2010; x_wconf 89' lang='lat' dir='ltr'><strong>num.</strong></span> <span class='ocrx_word' id='word_1_756' title='bbox 2501 1956 2533 2012; x_wconf 89' lang='lat'><strong>9</strong></span> <span class='ocrx_word' id='word_1_757' title='bbox 2577 1957 2696 2012; x_wconf 89' lang='lat' dir='ltr'><strong>libri</strong></span> <span class='ocrx_word' id='word_1_758' title='bbox 2742 1972 2791 2010; x_wconf 84' lang='grc' dir='ltr'>νι</span> <span class='ocrx_word' id='word_1_759' title='bbox 2813 1998 2827 2025; x_wconf 87' lang='grc'><em>,</em></span> <span class='ocrx_word' id='word_1_760' title='bbox 2871 1971 2933 2010; x_wconf 91' lang='lat' dir='ltr'><strong>ac</strong></span> <span class='ocrx_word' id='word_1_761' title='bbox 2954 1956 3221 2024; x_wconf 90' lang='lat' dir='ltr'><strong>denique,</strong></span> <span class='ocrx_word' id='word_1_762' title='bbox 3245 1969 3332 2011; x_wconf 87' lang='lat' dir='ltr'><strong>.ne</strong></span> <span class='ocrx_word' id='word_1_763' title='bbox 3361 1965 3551 2012; x_wconf 81' lang='lat' dir='ltr'><strong>cuncta</strong></span> 
     </span>
    </p>
   </div>
   <div class='ocr_carea' id='block_1_102' title="bbox 1960 2028 3554 2098">
    <p class='ocr_par' dir='ltr' id='par_1_102' title="bbox 1960 2028 3554 2098">
     <span class='ocr_line' id='line_1_104' title="bbox 1960 2028 3554 2098; baseline 0.001 -17"><span class='ocrx_word' id='word_1_764' title='bbox 1960 2028 2108 2093; x_wconf 88' lang='lat' dir='ltr'><strong>loca,</strong></span> <span class='ocrx_word' id='word_1_765' title='bbox 2162 2028 2212 2082; x_wconf 92' lang='lat' dir='ltr'><strong>in</strong></span> <span class='ocrx_word' id='word_1_766' title='bbox 2260 2028 2456 2098; x_wconf 84' lang='lat' dir='ltr'><strong>quibus</strong></span> <span class='ocrx_word' id='word_1_767' title='bbox 2499 2029 2549 2083; x_wconf 91' lang='lat' dir='ltr'><strong>id</strong></span> <span class='ocrx_word' id='word_1_768' title='bbox 2596 2029 2770 2098; x_wconf 84' lang='lat' dir='ltr'><strong>ipsum</strong></span> <span class='ocrx_word' id='word_1_769' title='bbox 2820 2028 3007 2093; x_wconf 90' lang='lat' dir='ltr'><strong>docet,</strong></span> <span class='ocrx_word' id='word_1_770' title='bbox 3051 2042 3401 2092; x_wconf 85' lang='lat' dir='ltr'><strong>enumerem,</strong></span> <span class='ocrx_word' id='word_1_771' title='bbox 3451 2044 3554 2083; x_wconf 89' lang='lat' dir='ltr'><strong>nu-</strong></span> 
     </span>
    </p>
   </div>
   <div class='ocr_carea' id='block_1_103' title="bbox 1961 2097 3555 2169">
    <p class='ocr_par' dir='ltr' id='par_1_103' title="bbox 1961 2097 3555 2169">
     <span class='ocr_line' id='line_1_105' title="bbox 1961 2097 3555 2169; baseline 0.001 -16"><span class='ocrx_word' id='word_1_772' title='bbox 1961 2115 2112 2154; x_wconf 86' lang='lat' dir='ltr'><strong>mero</strong></span> <span class='ocrx_word' id='word_1_773' title='bbox 2144 2102 2208 2155; x_wconf 77' lang='lat'><strong>18</strong></span> <span class='ocrx_word' id='word_1_774' title='bbox 2237 2097 2360 2154; x_wconf 83' lang='lat' dir='ltr'><strong>libri</strong></span> <span class='ocrx_word' id='word_1_775' title='bbox 2409 2113 2500 2155; x_wconf 87' lang='lat' dir='ltr'><strong>vtt.</strong></span> <span class='ocrx_word' id='word_1_776' title='bbox 2545 2097 2700 2154; x_wconf 81' lang='lat' dir='ltr'><strong>Tanti</strong></span> <span class='ocrx_word' id='word_1_777' title='bbox 2735 2116 2895 2169; x_wconf 90' lang='lat' dir='ltr'><strong>porro</strong></span> <span class='ocrx_word' id='word_1_778' title='bbox 2923 2097 3383 2158; x_wconf 77' lang='lat' dir='ltr'><strong>articulumhunc</strong></span> <span class='ocrx_word' id='word_1_779' title='bbox 3430 2098 3555 2154; x_wconf 71' lang='lat' dir='ltr'><strong>fecit</strong></span> 
     </span>
    </p>
   </div>
   <div class='ocr_carea' id='block_1_104' title="bbox 1959 2169 3550 2242">
    <p class='ocr_par' dir='ltr' id='par_1_104' title="bbox 1959 2169 3550 2242">
     <span class='ocr_line' id='line_1_106' title="bbox 1959 2169 3550 2242; baseline 0 -18"><span class='ocrx_word' id='word_1_780' title='bbox 1959 2182 2146 2226; x_wconf 82' lang='lat' dir='ltr'><strong>auctor</strong></span> <span class='ocrx_word' id='word_1_781' title='bbox 2172 2171 2312 2232; x_wconf 87' lang='lat' dir='ltr'><strong>libri,</strong></span> <span class='ocrx_word' id='word_1_782' title='bbox 2346 2173 2434 2238; x_wconf 85' lang='lat' dir='ltr'><strong>qui</strong></span> <span class='ocrx_word' id='word_1_783' title='bbox 2464 2173 2529 2226; x_wconf 83' lang='lat' dir='ltr'><strong>dc</strong></span> <span class='ocrx_word' id='word_1_784' title='bbox 2552 2171 2823 2234; x_wconf 84' lang='lat' dir='ltr'><strong>Trinitale,</strong></span> <span class='ocrx_word' id='word_1_785' title='bbox 2851 2185 2951 2228; x_wconf 84' lang='lat' dir='ltr'><strong>seu</strong></span> <span class='ocrx_word' id='word_1_786' title='bbox 2975 2173 3028 2226; x_wconf 86' lang='lat' dir='ltr'><strong>in</strong></span> <span class='ocrx_word' id='word_1_787' title='bbox 3056 2169 3363 2242; x_wconf 71' lang='lat' dir='ltr'><strong>Symbolum</strong></span> <span class='ocrx_word' id='word_1_788' title='bbox 3408 2173 3550 2240; x_wconf 79' lang='lat' dir='ltr'><strong>Apo-</strong></span> 
     </span>
    </p>
   </div>
   <div class='ocr_carea' id='block_1_105' title="bbox 1957 2242 3554 2313">
    <p class='ocr_par' dir='ltr' id='par_1_105' title="bbox 1957 2242 3554 2313">
     <span class='ocr_line' id='line_1_107' title="bbox 1957 2242 3554 2313; baseline 0.002 -16"><span class='ocrx_word' id='word_1_789' title='bbox 1957 2244 2192 2297; x_wconf 77' lang='lat' dir='ltr'><strong>stolictnn</strong></span> <span class='ocrx_word' id='word_1_790' title='bbox 2222 2242 2555 2304; x_wconf 83' lang='lat' dir='ltr'><strong>inscribitur.</strong></span> <span class='ocrx_word' id='word_1_791' title='bbox 2579 2253 2635 2298; x_wconf 86' lang='lat' dir='ltr'><strong>et</strong></span> <span class='ocrx_word' id='word_1_792' title='bbox 2663 2245 2805 2299; x_wconf 88' lang='lat' dir='ltr'><strong>inter</strong></span> <span class='ocrx_word' id='word_1_793' title='bbox 2819 2243 3091 2299; x_wconf 77' lang='lat' dir='ltr'><strong>Ambrosii</strong></span> <span class='ocrx_word' id='word_1_794' title='bbox 3117 2258 3280 2313; x_wconf 83' lang='lat' dir='ltr'><strong>opera</strong></span> <span class='ocrx_word' id='word_1_795' title='bbox 3306 2251 3473 2306; x_wconf 74' lang='lat' dir='ltr'><strong>ext-at,</strong></span> <span class='ocrx_word' id='word_1_796' title='bbox 3499 2251 3554 2300; x_wconf 87' lang='lat' dir='ltr'><strong>ut</strong></span> 
     </span>
    </p>
   </div>
   <div class='ocr_carea' id='block_1_106' title="bbox 1958 2314 3110 2386">
    <p class='ocr_par' dir='ltr' id='par_1_106' title="bbox 1958 2314 3110 2386">
     <span class='ocr_line' id='line_1_108' title="bbox 1958 2314 3110 2386; baseline -0.001 -18"><span class='ocrx_word' id='word_1_797' title='bbox 1958 2314 2028 2370; x_wconf 83' lang='lat' dir='ltr'><strong>ab</strong></span> <span class='ocrx_word' id='word_1_798' title='bbox 2052 2330 2117 2369; x_wconf 88' lang='lat' dir='ltr'><strong>eo</strong></span> <span class='ocrx_word' id='word_1_799' title='bbox 2144 2315 2422 2370; x_wconf 71' lang='lat' dir='ltr'><strong>exordium</strong></span> <span class='ocrx_word' id='word_1_800' title='bbox 2443 2314 2662 2372; x_wconf 77' lang='lat' dir='ltr'><strong>dicendi</strong></span> <span class='ocrx_word' id='word_1_801' title='bbox 2690 2321 2984 2386; x_wconf 80' lang='lat' dir='ltr'><strong>sumpserit</strong></span> <span class='ocrx_word' id='word_1_802' title='bbox 3014 2315 3110 2386; x_wconf 79' lang='lat' dir='ltr'><strong>(e).</strong></span> 
     </span>
    </p>
   </div>
   <div class='ocr_carea' id='block_1_107' title="bbox 2031 2384 3550 2458">
    <p class='ocr_par' dir='ltr' id='par_1_107' title="bbox 2031 2384 3550 2458">
     <span class='ocr_line' id='line_1_109' title="bbox 2031 2384 3550 2458; baseline -0.001 -16"><span class='ocrx_word' id='word_1_803' title='bbox 2031 2384 2852 2458; x_wconf 13' lang='lat' dir='ltr'><strong>52.7lslntendationettt,quam</strong></span> <span class='ocrx_word' id='word_1_804' title='bbox 2896 2389 2981 2440; x_wconf 82' lang='lat' dir='ltr'><strong>hic</strong></span> <span class='ocrx_word' id='word_1_805' title='bbox 3027 2384 3246 2458; x_wconf 78' lang='lat' dir='ltr'><strong>adhibui</strong></span> <span class='ocrx_word' id='word_1_806' title='bbox 3274 2423 3288 2449; x_wconf 90' lang='lat'><strong>,</strong></span> <span class='ocrx_word' id='word_1_807' title='bbox 3339 2384 3550 2440; x_wconf 85' lang='lat' dir='ltr'><strong>Lectori</strong></span> 
     </span>
    </p>
   </div>
   <div class='ocr_carea' id='block_1_108' title="bbox 1959 2456 3552 2530">
    <p class='ocr_par' dir='ltr' id='par_1_108' title="bbox 1959 2456 3552 2530">
     <span class='ocr_line' id='line_1_110' title="bbox 1959 2456 3552 2530; baseline -0.001 -18"><span class='ocrx_word' id='word_1_808' title='bbox 1959 2456 2186 2513; x_wconf 83' lang='lat' dir='ltr'><strong>candide</strong></span> <span class='ocrx_word' id='word_1_809' title='bbox 2217 2469 2450 2530; x_wconf 68' lang='lat' dir='ltr'><strong>expone.</strong></span> <span class='ocrx_word' id='word_1_810' title='bbox 2482 2459 2540 2514; x_wconf 89' lang='lat' dir='ltr'><strong>ltt</strong></span> <span class='ocrx_word' id='word_1_811' title='bbox 2578 2456 2764 2514; x_wconf 81' lang='lat' dir='ltr'><strong>codice</strong></span> <span class='ocrx_word' id='word_1_812' title='bbox 2805 2463 2872 2514; x_wconf 88' lang='lat' dir='ltr'><strong>ita</strong></span> <span class='ocrx_word' id='word_1_813' title='bbox 2910 2458 3141 2530; x_wconf 77' lang='lat' dir='ltr'><strong>legitur:</strong></span> <span class='ocrx_word' id='word_1_814' title='bbox 3175 2457 3372 2513; x_wconf 74' lang='lat' dir='ltr'><strong>Natum</strong></span> <span class='ocrx_word' id='word_1_815' title='bbox 3399 2473 3418 2512; x_wconf 65' lang='grc' dir='ltr'><strong><em>ε</em></strong></span> <span class='ocrx_word' id='word_1_816' title='bbox 3449 2471 3552 2530; x_wconf 76' lang='lat' dir='ltr'><strong>non</strong></span> 
     </span>
    </p>
   </div>
   <div class='ocr_carea' id='block_1_109' title="bbox 1960 2528 3552 2602">
    <p class='ocr_par' dir='ltr' id='par_1_109' title="bbox 1960 2528 3552 2602">
     <span class='ocr_line' id='line_1_111' title="bbox 1960 2528 3552 2602; baseline 0.003 -19"><span class='ocrx_word' id='word_1_817' title='bbox 1960 2532 2177 2602; x_wconf 78' lang='lat' dir='ltr'><strong>factum.</strong></span> <span class='ocrx_word' id='word_1_818' title='bbox 2215 2528 2388 2602; x_wconf 17' lang='lat' dir='ltr'><strong>il’osui</strong></span> <span class='ocrx_word' id='word_1_819' title='bbox 2438 2541 2564 2586; x_wconf 83' lang='lat' dir='ltr'><strong>vero</strong></span> <span class='ocrx_word' id='word_1_820' title='bbox 2615 2549 2626 2584; x_wconf 71' lang='grc' dir='ltr'><strong>ε</strong></span> <span class='ocrx_word' id='word_1_821' title='bbox 2670 2547 2774 2586; x_wconf 83' lang='lat' dir='ltr'><strong>non</strong></span> <span class='ocrx_word' id='word_1_822' title='bbox 2818 2528 3024 2602; x_wconf 69' lang='lat' dir='ltr'><strong>natant,</strong></span> <span class='ocrx_word' id='word_1_823' title='bbox 3056 2545 3161 2583; x_wconf 80' lang='lat' dir='ltr'><strong>non</strong></span> <span class='ocrx_word' id='word_1_824' title='bbox 3208 2539 3416 2602; x_wconf 67' lang='lat' dir='ltr'><strong>factum.</strong></span> <span class='ocrx_word' id='word_1_825' title='bbox 3455 2528 3552 2602; x_wconf 81' lang='lat' dir='ltr'><strong>Vel</strong></span> 
     </span>
    </p>
   </div>
   <div class='ocr_carea' id='block_1_110' title="bbox 1959 2600 3548 2670">
    <p class='ocr_par' dir='ltr' id='par_1_110' title="bbox 1959 2600 3548 2670">
     <span class='ocr_line' id='line_1_112' title="bbox 1959 2600 3548 2670; baseline -0.001 -13"><span class='ocrx_word' id='word_1_826' title='bbox 1959 2600 2167 2657; x_wconf 77' lang='lat' dir='ltr'><strong>scilicet</strong></span> <span class='ocrx_word' id='word_1_827' title='bbox 2213 2600 2379 2656; x_wconf 89' lang='lat' dir='ltr'><strong>Deum</strong></span> <span class='ocrx_word' id='word_1_828' title='bbox 2420 2603 2473 2656; x_wconf 90' lang='lat' dir='ltr'><strong>in</strong></span> <span class='ocrx_word' id='word_1_829' title='bbox 2506 2603 2725 2658; x_wconf 80' lang='lat' dir='ltr'><strong>essentia</strong></span> <span class='ocrx_word' id='word_1_830' title='bbox 2750 2603 2832 2670; x_wconf 86' lang='lat' dir='ltr'><strong>(ut</strong></span> <span class='ocrx_word' id='word_1_831' title='bbox 2861 2601 3321 2657; x_wconf 84' lang='lat' dir='ltr'><strong>Scholasticorum</strong></span> <span class='ocrx_word' id='word_1_832' title='bbox 3365 2600 3548 2670; x_wconf 78' lang='lat' dir='ltr'><strong>phrasi</strong></span> 
     </span>
    </p>
   </div>
   <div class='ocr_carea' id='block_1_111' title="bbox 1960 2671 3554 2745">
    <p class='ocr_par' dir='ltr' id='par_1_111' title="bbox 1960 2671 3554 2745">
     <span class='ocr_line' id='line_1_113' title="bbox 1960 2671 3554 2745; baseline 0.001 -18"><span class='ocrx_word' id='word_1_833' title='bbox 1960 2674 2104 2745; x_wconf 87' lang='lat' dir='ltr'><strong>utar)</strong></span> <span class='ocrx_word' id='word_1_834' title='bbox 2145 2682 2201 2728; x_wconf 89' lang='lat' dir='ltr'><strong>et</strong></span> <span class='ocrx_word' id='word_1_835' title='bbox 2244 2673 2454 2741; x_wconf 72' lang='lat' dir='ltr'><strong>prim-ise</strong></span> <span class='ocrx_word' id='word_1_836' title='bbox 2502 2676 2798 2742; x_wconf 77' lang='lat' dir='ltr'><strong>inSpectum</strong></span> <span class='ocrx_word' id='word_1_837' title='bbox 2827 2674 2938 2732; x_wconf 77' lang='lat' dir='ltr'><strong>.liic</strong></span> <span class='ocrx_word' id='word_1_838' title='bbox 2983 2677 3197 2743; x_wconf 87' lang='lat' dir='ltr'><strong>accipe,</strong></span> <span class='ocrx_word' id='word_1_839' title='bbox 3251 2673 3335 2728; x_wconf 90' lang='lat' dir='ltr'><strong>vel</strong></span> <span class='ocrx_word' id='word_1_840' title='bbox 3379 2671 3554 2745; x_wconf 84' lang='lat' dir='ltr'><strong>Patris</strong></span> 
     </span>
    </p>
   </div>
   <div class='ocr_carea' id='block_1_112' title="bbox 1959 2744 3553 2815">
    <p class='ocr_par' dir='ltr' id='par_1_112' title="bbox 1959 2744 3553 2815">
     <span class='ocr_line' id='line_1_114' title="bbox 1959 2744 3553 2815; baseline -0.001 -17"><span class='ocrx_word' id='word_1_841' title='bbox 1959 2744 2272 2814; x_wconf 76' lang='lat' dir='ltr'><strong>persanam.</strong></span> <span class='ocrx_word' id='word_1_842' title='bbox 2293 2748 2454 2802; x_wconf 80' lang='lat' dir='ltr'><strong>Sume</strong></span> <span class='ocrx_word' id='word_1_843' title='bbox 2483 2761 2677 2813; x_wconf 88' lang='lat' dir='ltr'><strong>porro,</strong></span> <span class='ocrx_word' id='word_1_844' title='bbox 2709 2756 2768 2801; x_wconf 86' lang='lat' dir='ltr'><strong>ttt</strong></span> <span class='ocrx_word' id='word_1_845' title='bbox 2797 2746 2926 2802; x_wconf 90' lang='lat' dir='ltr'><strong>libet</strong></span> <span class='ocrx_word' id='word_1_846' title='bbox 2959 2762 2972 2800; x_wconf 89' lang='lat'>:</span> <span class='ocrx_word' id='word_1_847' title='bbox 3003 2745 3289 2815; x_wconf 72' lang='lat' dir='ltr'><strong>legendum</strong></span> <span class='ocrx_word' id='word_1_848' title='bbox 3331 2744 3553 2800; x_wconf 91' lang='lat' dir='ltr'><strong>omnino</strong></span> 
     </span>
    </p>
   </div>
   <div class='ocr_carea' id='block_1_113' title="bbox 1957 2815 3554 2886">
    <p class='ocr_par' dir='ltr' id='par_1_113' title="bbox 1957 2815 3554 2886">
     <span class='ocr_line' id='line_1_115' title="bbox 1957 2815 3554 2886; baseline -0.001 -14"><span class='ocrx_word' id='word_1_849' title='bbox 1957 2827 2169 2873; x_wconf 85' lang='lat' dir='ltr'><strong>estnon</strong></span> <span class='ocrx_word' id='word_1_850' title='bbox 2216 2828 2412 2872; x_wconf 84' lang='lat' dir='ltr'><strong>natum.</strong></span> <span class='ocrx_word' id='word_1_851' title='bbox 2461 2818 2690 2886; x_wconf 81' lang='lat' dir='ltr'><strong>Quando</strong></span> <span class='ocrx_word' id='word_1_852' title='bbox 2726 2820 2870 2872; x_wconf 88' lang='lat' dir='ltr'><strong>enim</strong></span> <span class='ocrx_word' id='word_1_853' title='bbox 2917 2817 3101 2878; x_wconf 85' lang='lat' dir='ltr'><strong>divina</strong></span> <span class='ocrx_word' id='word_1_854' title='bbox 3151 2817 3386 2873; x_wconf 84' lang='lat' dir='ltr'><strong>essentia</strong></span> <span class='ocrx_word' id='word_1_855' title='bbox 3427 2815 3554 2870; x_wconf 81' lang='lat' dir='ltr'><strong>ttaia</strong></span> 
     </span>
    </p>
   </div>
   <div class='ocr_carea' id='block_1_114' title="bbox 1958 2887 3552 2955">
    <p class='ocr_par' dir='ltr' id='par_1_114' title="bbox 1958 2887 3552 2955">
     <span class='ocr_line' id='line_1_116' title="bbox 1958 2887 3552 2955; baseline 0 -12"><span class='ocrx_word' id='word_1_856' title='bbox 1958 2890 2081 2943; x_wconf 83' lang='lat' dir='ltr'><strong>est?</strong></span> <span class='ocrx_word' id='word_1_857' title='bbox 2111 2889 2465 2955; x_wconf 82' lang='lat' dir='ltr'><strong>Quandonant</strong></span> <span class='ocrx_word' id='word_1_858' title='bbox 2515 2897 2670 2945; x_wconf 85' lang='lat' dir='ltr'><strong>natus</strong></span> <span class='ocrx_word' id='word_1_859' title='bbox 2719 2889 2914 2946; x_wconf 84' lang='lat' dir='ltr'><strong>Pater?</strong></span> <span class='ocrx_word' id='word_1_860' title='bbox 2955 2890 3104 2950; x_wconf 80' lang='lat' dir='ltr'><strong>Dum</strong></span> <span class='ocrx_word' id='word_1_861' title='bbox 3131 2898 3312 2944; x_wconf 85' lang='lat' dir='ltr'><strong>autent</strong></span> <span class='ocrx_word' id='word_1_862' title='bbox 3351 2887 3437 2941; x_wconf 84' lang='lat' dir='ltr'><strong>hic</strong></span> <span class='ocrx_word' id='word_1_863' title='bbox 3479 2889 3552 2943; x_wconf 87' lang='lat' dir='ltr'><strong>ait</strong></span> 
     </span>
    </p>
   </div>
   <div class='ocr_carea' id='block_1_115' title="bbox 1957 2959 3552 3030">
    <p class='ocr_par' dir='ltr' id='par_1_115' title="bbox 1957 2959 3552 3030">
     <span class='ocr_line' id='line_1_117' title="bbox 1957 2959 3552 3030; baseline -0.001 -15"><span class='ocrx_word' id='word_1_864' title='bbox 1957 2959 2192 3015; x_wconf 84' lang='lat' dir='ltr'><strong>Hilarius</strong></span> <span class='ocrx_word' id='word_1_865' title='bbox 2243 2962 2407 3016; x_wconf 86' lang='lat' dir='ltr'><strong>Deum</strong></span> <span class='ocrx_word' id='word_1_866' title='bbox 2454 2977 2556 3015; x_wconf 88' lang='lat' dir='ltr'><strong>non</strong></span> <span class='ocrx_word' id='word_1_867' title='bbox 2602 2970 2816 3027; x_wconf 86' lang='lat' dir='ltr'><strong>natum,</strong></span> <span class='ocrx_word' id='word_1_868' title='bbox 2864 2961 3115 3030; x_wconf 68' lang='lat' dir='ltr'><strong>originis,</strong></span> <span class='ocrx_word' id='word_1_869' title='bbox 3166 2969 3260 3014; x_wconf 75' lang='lat' dir='ltr'><strong>aut</strong></span> <span class='ocrx_word' id='word_1_870' title='bbox 3303 2959 3552 3030; x_wconf 85' lang='lat' dir='ltr'><strong>principii</strong></span> 
     </span>
    </p>
   </div>
   <div class='ocr_carea' id='block_1_116' title="bbox 1956 3033 3546 3102">
    <p class='ocr_par' dir='ltr' id='par_1_116' title="bbox 1956 3033 3546 3102">
     <span class='ocr_line' id='line_1_118' title="bbox 1956 3033 3546 3102; baseline 0.001 -18"><span class='ocrx_word' id='word_1_871' title='bbox 1956 3033 2220 3102; x_wconf 81' lang='lat' dir='ltr'><strong>cujusque</strong></span> <span class='ocrx_word' id='word_1_872' title='bbox 2239 3072 2255 3096; x_wconf 94' lang='lat'><strong>,</strong></span> <span class='ocrx_word' id='word_1_873' title='bbox 2285 3033 2566 3100; x_wconf 84' lang='lat' dir='ltr'><strong>multoque</strong></span> <span class='ocrx_word' id='word_1_874' title='bbox 2596 3034 2766 3102; x_wconf 77' lang='lat' dir='ltr'><strong>magis</strong></span> <span class='ocrx_word' id='word_1_875' title='bbox 2793 3047 2972 3088; x_wconf 69' lang='lat' dir='ltr'><strong>causa:</strong></span> <span class='ocrx_word' id='word_1_876' title='bbox 2999 3040 3311 3102; x_wconf 78' lang='lat' dir='ltr'><strong>expertem,</strong></span> <span class='ocrx_word' id='word_1_877' title='bbox 3340 3046 3402 3087; x_wconf 88' lang='lat' dir='ltr'><strong>ac</strong></span> <span class='ocrx_word' id='word_1_878' title='bbox 3451 3047 3546 3086; x_wconf 89' lang='lat' dir='ltr'><strong>ne-</strong></span> 
     </span>
    </p>
   </div>
   <div class='ocr_carea' id='block_1_117' title="bbox 1956 3103 3552 3174">
    <p class='ocr_par' dir='ltr' id='par_1_117' title="bbox 1956 3103 3552 3174">
     <span class='ocr_line' id='line_1_119' title="bbox 1956 3103 3552 3174; baseline -0.001 -16"><span class='ocrx_word' id='word_1_879' title='bbox 1956 3103 2128 3160; x_wconf 91' lang='lat' dir='ltr'><strong>scium</strong></span> <span class='ocrx_word' id='word_1_880' title='bbox 2160 3119 2283 3160; x_wconf 91' lang='lat' dir='ltr'><strong>eum</strong></span> <span class='ocrx_word' id='word_1_881' title='bbox 2313 3105 2463 3169; x_wconf 88' lang='lat' dir='ltr'><strong>dicit,</strong></span> <span class='ocrx_word' id='word_1_882' title='bbox 2496 3103 2655 3174; x_wconf 89' lang='lat' dir='ltr'><strong>idque</strong></span> <span class='ocrx_word' id='word_1_883' title='bbox 2680 3103 3014 3173; x_wconf 78' lang='lat' dir='ltr'><strong>docet-,quod</strong></span> <span class='ocrx_word' id='word_1_884' title='bbox 3047 3103 3234 3158; x_wconf 82' lang='lat' dir='ltr'><strong>Patres</strong></span> <span class='ocrx_word' id='word_1_885' title='bbox 3255 3117 3466 3165; x_wconf 77' lang='lat' dir='ltr'><strong>attines,</strong></span> <span class='ocrx_word' id='word_1_886' title='bbox 3497 3109 3552 3157; x_wconf 88' lang='lat' dir='ltr'><strong>et</strong></span> 
     </span>
    </p>
   </div>
   <div class='ocr_carea' id='block_1_118' title="bbox 1957 3174 3552 3242">
    <p class='ocr_par' dir='ltr' id='par_1_118' title="bbox 1957 3174 3552 3242">
     <span class='ocr_line' id='line_1_120' title="bbox 1957 3174 3552 3242; baseline -0.001 -12"><span class='ocrx_word' id='word_1_887' title='bbox 1957 3174 2216 3242; x_wconf 66' lang='lat' dir='ltr'><strong>Tlteologi</strong></span> <span class='ocrx_word' id='word_1_888' title='bbox 2247 3175 2484 3240; x_wconf 87' lang='lat' dir='ltr'><strong>tradunt,</strong></span> <span class='ocrx_word' id='word_1_889' title='bbox 2515 3175 2643 3232; x_wconf 88' lang='lat' dir='ltr'><strong>dum</strong></span> <span class='ocrx_word' id='word_1_890' title='bbox 2675 3177 2888 3231; x_wconf 86' lang='lat' dir='ltr'><strong>Patrem</strong></span> <span class='ocrx_word' id='word_1_891' title='bbox 2917 3175 3268 3230; x_wconf 81' lang='lat' dir='ltr'><strong>innascibilem</strong></span> <span class='ocrx_word' id='word_1_892' title='bbox 3295 3187 3417 3229; x_wconf 83' lang='lat' dir='ltr'><strong>esse</strong></span> <span class='ocrx_word' id='word_1_893' title='bbox 3437 3189 3552 3228; x_wconf 88' lang='lat' dir='ltr'><strong>tuo-</strong></span> 
     </span>
    </p>
   </div>
   <div class='ocr_carea' id='block_1_119' title="bbox 1878 3247 3554 3318">
    <p class='ocr_par' dir='ltr' id='par_1_119' title="bbox 1878 3247 3554 3318">
     <span class='ocr_line' id='line_1_121' title="bbox 1878 3247 3554 3318; baseline -0.001 -16"><span class='ocrx_word' id='word_1_894' title='bbox 1878 3253 1922 3316; x_wconf 84' lang='lat' dir='ltr'><strong>C</strong></span> <span class='ocrx_word' id='word_1_895' title='bbox 1958 3257 2106 3310; x_wconf 87' lang='lat' dir='ltr'><strong>nent,</strong></span> <span class='ocrx_word' id='word_1_896' title='bbox 2141 3247 2389 3317; x_wconf 85' lang='lat' dir='ltr'><strong>quodque</strong></span> <span class='ocrx_word' id='word_1_897' title='bbox 2416 3247 2810 3318; x_wconf 76' lang='lat' dir='ltr'><strong>ideanilaritts</strong></span> <span class='ocrx_word' id='word_1_898' title='bbox 2841 3248 2920 3304; x_wconf 80' lang='lat' dir='ltr'><strong>his</strong></span> <span class='ocrx_word' id='word_1_899' title='bbox 2944 3248 3124 3303; x_wconf 87' lang='lat' dir='ltr'><strong>verbis</strong></span> <span class='ocrx_word' id='word_1_900' title='bbox 3144 3247 3554 3318; x_wconf 76' lang='lat' dir='ltr'><strong>expressissima</strong></span> 
     </span>
    </p>
   </div>
   <div class='ocr_carea' id='block_1_120' title="bbox 1955 3315 3549 3390">
    <p class='ocr_par' dir='ltr' id='par_1_120' title="bbox 1955 3315 3549 3390">
     <span class='ocr_line' id='line_1_122' title="bbox 1955 3315 3549 3390; baseline -0.001 -17"><span class='ocrx_word' id='word_1_901' title='bbox 1955 3319 2166 3374; x_wconf 62' lang='lat' dir='ltr'><strong>dixerat</strong></span> <span class='ocrx_word' id='word_1_902' title='bbox 2192 3315 2315 3390; x_wconf 71' lang='lat' dir='ltr'><strong>(lib.</strong></span> <span class='ocrx_word' id='word_1_903' title='bbox 2348 3336 2396 3374; x_wconf 88' lang='lat' dir='ltr'><strong>tv</strong></span> <span class='ocrx_word' id='word_1_904' title='bbox 2424 3320 2486 3372; x_wconf 84' lang='lat' dir='ltr'><strong>de</strong></span> <span class='ocrx_word' id='word_1_905' title='bbox 2515 3315 2704 3376; x_wconf 71' lang='lat' dir='ltr'><strong>Trinit.</strong></span> <span class='ocrx_word' id='word_1_906' title='bbox 2730 3359 2745 3384; x_wconf 87' lang='lat'><strong>,</strong></span> <span class='ocrx_word' id='word_1_907' title='bbox 2778 3339 2831 3374; x_wconf 84' lang='grc' dir='ltr'>ιι.</span> <span class='ocrx_word' id='word_1_908' title='bbox 2884 3318 2977 3387; x_wconf 81' lang='grc'><strong>6),;</strong></span> <span class='ocrx_word' id='word_1_909' title='bbox 3014 3318 3168 3372; x_wconf 78' lang='lat' dir='ltr'><strong>Novit</strong></span> <span class='ocrx_word' id='word_1_910' title='bbox 3202 3315 3357 3379; x_wconf 72' lang='lat' dir='ltr'><strong>unum</strong></span> <span class='ocrx_word' id='word_1_911' title='bbox 3398 3315 3549 3372; x_wconf 83' lang='lat' dir='ltr'><strong>inna-</strong></span> 
     </span>
    </p>
   </div>
   <div class='ocr_carea' id='block_1_121' title="bbox 1952 3389 3548 3461">
    <p class='ocr_par' dir='ltr' id='par_1_121' title="bbox 1952 3389 3548 3461">
     <span class='ocr_line' id='line_1_123' title="bbox 1952 3389 3548 3461; baseline 0.001 -17"><span class='ocrx_word' id='word_1_912' title='bbox 1952 3391 2179 3461; x_wconf 80' lang='lat' dir='ltr'><strong>scibilent</strong></span> <span class='ocrx_word' id='word_1_913' title='bbox 2206 3389 2408 3457; x_wconf 82' lang='lat' dir='ltr'><strong>Deum,</strong></span> <span class='ocrx_word' id='word_1_914' title='bbox 2432 3393 2569 3445; x_wconf 75' lang='lat' dir='ltr'><strong>novit</strong></span> <span class='ocrx_word' id='word_1_915' title='bbox 2590 3402 2638 3446; x_wconf 91' lang='lat' dir='ltr'><strong>et</strong></span> <span class='ocrx_word' id='word_1_916' title='bbox 2679 3407 2841 3446; x_wconf 81' lang='lat' dir='ltr'><strong>unum</strong></span> <span class='ocrx_word' id='word_1_917' title='bbox 2876 3391 3191 3461; x_wconf 81' lang='lat' dir='ltr'><strong>unigenitum</strong></span> <span class='ocrx_word' id='word_1_918' title='bbox 3224 3390 3318 3443; x_wconf 85' lang='lat' dir='ltr'><strong>Dei</strong></span> <span class='ocrx_word' id='word_1_919' title='bbox 3360 3391 3548 3457; x_wconf 79' lang='lat' dir='ltr'><strong>ﬁlium.</strong></span> 
     </span>
    </p>
   </div>
   <div class='ocr_carea' id='block_1_122' title="bbox 1953 3460 3547 3532">
    <p class='ocr_par' dir='ltr' id='par_1_122' title="bbox 1953 3460 3547 3532">
     <span class='ocr_line' id='line_1_124' title="bbox 1953 3460 3547 3532; baseline 0 -16"><span class='ocrx_word' id='word_1_920' title='bbox 1953 3460 2239 3532; x_wconf 80' lang='lat' dir='ltr'><strong>Conﬁtetnr</strong></span> <span class='ocrx_word' id='word_1_921' title='bbox 2271 3462 2480 3518; x_wconf 84' lang='lat' dir='ltr'><strong>Patrem</strong></span> <span class='ocrx_word' id='word_1_922' title='bbox 2506 3473 2774 3526; x_wconf 74' lang='lat' dir='ltr'><strong>reternunt,</strong></span> <span class='ocrx_word' id='word_1_923' title='bbox 2799 3464 2926 3517; x_wconf 79' lang='lat' dir='ltr'><strong>etab</strong></span> <span class='ocrx_word' id='word_1_924' title='bbox 2948 3460 3148 3532; x_wconf 79' lang='lat' dir='ltr'><strong>origine</strong></span> <span class='ocrx_word' id='word_1_925' title='bbox 3175 3461 3416 3526; x_wconf 76' lang='lat' dir='ltr'><strong>liberum,</strong></span> <span class='ocrx_word' id='word_1_926' title='bbox 3437 3474 3547 3518; x_wconf 88' lang='lat' dir='ltr'><strong>etc.</strong></span> 
     </span>
    </p>
   </div>
   <div class='ocr_carea' id='block_1_123' title="bbox 1951 3534 3548 3604">
    <p class='ocr_par' dir='ltr' id='par_1_123' title="bbox 1951 3534 3548 3604">
     <span class='ocr_line' id='line_1_125' title="bbox 1951 3534 3548 3604; baseline -0.001 -15"><span class='ocrx_word' id='word_1_927' title='bbox 1951 3535 2235 3603; x_wconf 80' lang='lat' dir='ltr'><strong>Copiosius</strong></span> <span class='ocrx_word' id='word_1_928' title='bbox 2287 3551 2414 3590; x_wconf 83' lang='lat' dir='ltr'><strong>vero</strong></span> <span class='ocrx_word' id='word_1_929' title='bbox 2471 3535 2522 3589; x_wconf 87' lang='lat' dir='ltr'><strong>id</strong></span> <span class='ocrx_word' id='word_1_930' title='bbox 2577 3543 2914 3604; x_wconf 70' lang='lat' dir='ltr'><strong>persequitur</strong></span> <span class='ocrx_word' id='word_1_931' title='bbox 2963 3536 3102 3590; x_wconf 90' lang='lat' dir='ltr'><strong>idem</strong></span> <span class='ocrx_word' id='word_1_932' title='bbox 3157 3534 3388 3592; x_wconf 82' lang='lat' dir='ltr'><strong>Hilarius</strong></span> <span class='ocrx_word' id='word_1_933' title='bbox 3442 3547 3548 3588; x_wconf 88' lang='lat' dir='ltr'><strong>non</strong></span> 
     </span>
    </p>
   </div>
   <div class='ocr_carea' id='block_1_124' title="bbox 1954 3606 3526 3679">
    <p class='ocr_par' dir='ltr' id='par_1_124' title="bbox 1954 3606 3526 3679">
     <span class='ocr_line' id='line_1_126' title="bbox 1954 3606 3526 3679; baseline -0.002 -18"><span class='ocrx_word' id='word_1_934' title='bbox 1954 3610 2114 3662; x_wconf 89' lang='lat' dir='ltr'><strong>modo</strong></span> <span class='ocrx_word' id='word_1_935' title='bbox 2140 3607 2191 3662; x_wconf 91' lang='lat' dir='ltr'><strong>itt</strong></span> <span class='ocrx_word' id='word_1_936' title='bbox 2224 3606 2290 3662; x_wconf 86' lang='lat' dir='ltr'><strong>iis</strong></span> <span class='ocrx_word' id='word_1_937' title='bbox 2327 3607 2478 3670; x_wconf 90' lang='lat' dir='ltr'><strong>locis,</strong></span> <span class='ocrx_word' id='word_1_938' title='bbox 2513 3623 2647 3679; x_wconf 84' lang='lat' dir='ltr'><strong>quos</strong></span> <span class='ocrx_word' id='word_1_939' title='bbox 2669 3609 2864 3679; x_wconf 76' lang='lat' dir='ltr'><strong>allegat</strong></span> <span class='ocrx_word' id='word_1_940' title='bbox 2884 3607 3133 3663; x_wconf 80' lang='lat' dir='ltr'><strong>Petavius</strong></span> <span class='ocrx_word' id='word_1_941' title='bbox 3155 3606 3318 3679; x_wconf 68' lang='lat' dir='ltr'><strong>(lib.v</strong></span> <span class='ocrx_word' id='word_1_942' title='bbox 3338 3606 3406 3679; x_wconf 2' lang='lat' dir='ltr'><strong>(de</strong></span> <span class='ocrx_word' id='word_1_943' title='bbox 3434 3606 3526 3660; x_wconf 81' lang='lat' dir='ltr'><strong>&#39;l‘ri</strong></span> 
     </span>
    </p>
   </div>
   <div class='ocr_carea' id='block_1_125' title="bbox 1953 3677 3551 3753">
    <p class='ocr_par' dir='ltr' id='par_1_125' title="bbox 1953 3677 3551 3753">
     <span class='ocr_line' id='line_1_127' title="bbox 1953 3677 3551 3753; baseline -0.001 -21"><span class='ocrx_word' id='word_1_944' title='bbox 1953 3679 2078 3753; x_wconf 48' lang='lat' dir='ltr'><strong>nit”</strong></span> <span class='ocrx_word' id='word_1_945' title='bbox 2126 3695 2240 3753; x_wconf 71' lang='lat' dir='ltr'><strong>cap.</strong></span> <span class='ocrx_word' id='word_1_946' title='bbox 2271 3679 2340 3753; x_wconf 68' lang='grc' dir='ltr'><strong>ὅ,</strong></span> <span class='ocrx_word' id='word_1_947' title='bbox 2376 3696 2442 3753; x_wconf 71' lang='lat' dir='ltr'><strong>_t_t.</strong></span> <span class='ocrx_word' id='word_1_948' title='bbox 2496 3677 2617 3753; x_wconf 66' lang='lat'><strong>15),</strong></span> <span class='ocrx_word' id='word_1_949' title='bbox 2668 3677 2855 3736; x_wconf 77' lang='lat' dir='ltr'><strong>verum</strong></span> <span class='ocrx_word' id='word_1_950' title='bbox 2901 3677 3174 3753; x_wconf 63' lang='lat' dir='ltr'><strong>etiattrn.</strong></span> <span class='ocrx_word' id='word_1_951' title='bbox 3211 3677 3281 3733; x_wconf 81' lang='grc'><strong>58</strong></span> <span class='ocrx_word' id='word_1_952' title='bbox 3310 3677 3433 3753; x_wconf 57' lang='lat' dir='ltr'><strong>libri</strong></span> <span class='ocrx_word' id='word_1_953' title='bbox 3461 3680 3551 3753; x_wconf 80' lang='lat' dir='ltr'><strong>_tl_o</strong></span> 
     </span>
    </p>
   </div>
   <div class='ocr_carea' id='block_1_126' title="bbox 1953 3747 3554 3822">
    <p class='ocr_par' dir='ltr' id='par_1_126' title="bbox 1953 3747 3554 3822">
     <span class='ocr_line' id='line_1_128' title="bbox 1953 3747 3554 3822; baseline -0.002 -18"><span class='ocrx_word' id='word_1_954' title='bbox 1953 3747 2195 3822; x_wconf 74' lang='lat' dir='ltr'><strong>Syttodis</strong></span> <span class='ocrx_word' id='word_1_955' title='bbox 2220 3749 2297 3822; x_wconf 72' lang='lat' dir='ltr'><strong>(l)</strong></span> <span class='ocrx_word' id='word_1_956' title='bbox 2326 3769 2338 3804; x_wconf 84' lang='lat'>:</span> <span class='ocrx_word' id='word_1_957' title='bbox 2373 3750 2440 3806; x_wconf 81' lang='lat' dir='ltr'><strong>Et</strong></span> <span class='ocrx_word' id='word_1_958' title='bbox 2471 3747 2656 3805; x_wconf 67' lang='lat' dir='ltr'><strong>rorette</strong></span> <span class='ocrx_word' id='word_1_959' title='bbox 2682 3766 2912 3822; x_wconf 86' lang='lat' dir='ltr'><strong>nutnero</strong></span> <span class='ocrx_word' id='word_1_960' title='bbox 2950 3750 3017 3806; x_wconf 69' lang='grc'><strong>47</strong></span> <span class='ocrx_word' id='word_1_961' title='bbox 3048 3751 3166 3822; x_wconf 81' lang='lat' dir='ltr'><strong>libri</strong></span> <span class='ocrx_word' id='word_1_962' title='bbox 3210 3764 3262 3804; x_wconf 78' lang='grc' dir='ltr'>χι</span> <span class='ocrx_word' id='word_1_963' title='bbox 3283 3750 3349 3802; x_wconf 82' lang='lat' dir='ltr'><strong>de</strong></span> <span class='ocrx_word' id='word_1_964' title='bbox 3383 3747 3554 3822; x_wconf 83' lang='lat' dir='ltr'><strong>Trini—</strong></span> 
     </span>
    </p>
   </div>
   <div class='ocr_carea' id='block_1_127' title="bbox 1954 3820 3549 3895">
    <p class='ocr_par' dir='ltr' id='par_1_127' title="bbox 1954 3820 3549 3895">
     <span class='ocr_line' id='line_1_129' title="bbox 1954 3820 3549 3895; baseline 0.001 -21"><span class='ocrx_word' id='word_1_965' title='bbox 1954 3820 2055 3895; x_wconf 72' lang='lat' dir='ltr'><strong>tate</strong></span> <span class='ocrx_word' id='word_1_966' title='bbox 2102 3820 2245 3895; x_wconf 75' lang='lat' dir='ltr'><strong>(pag.</strong></span> <span class='ocrx_word' id='word_1_967' title='bbox 2300 3822 2403 3895; x_wconf 68' lang='grc' dir='ltr'>ιω</span> <span class='ocrx_word' id='word_1_968' title='bbox 2451 3832 2574 3876; x_wconf 84' lang='grc' dir='ltr'>ιοιιι.</span> <span class='ocrx_word' id='word_1_969' title='bbox 2639 3821 2721 3893; x_wconf 84' lang='grc' dir='ltr'>ιι),</span> <span class='ocrx_word' id='word_1_970' title='bbox 2770 3838 2948 3893; x_wconf 83' lang='lat' dir='ltr'><strong>quem,</strong></span> <span class='ocrx_word' id='word_1_971' title='bbox 2999 3821 3042 3874; x_wconf 79' lang='lat' dir='ltr'><strong>si</strong></span> <span class='ocrx_word' id='word_1_972' title='bbox 3089 3820 3246 3880; x_wconf 84' lang='lat' dir='ltr'><strong>libet,</strong></span> <span class='ocrx_word' id='word_1_973' title='bbox 3299 3821 3549 3895; x_wconf 64' lang='lat' dir='ltr'><strong>consule.</strong></span> 
     </span>
    </p>
   </div>
   <div class='ocr_carea' id='block_1_128' title="bbox 1951 3891 3550 3963">
    <p class='ocr_par' dir='ltr' id='par_1_128' title="bbox 1951 3891 3550 3963">
     <span class='ocr_line' id='line_1_130' title="bbox 1951 3891 3550 3963; baseline -0.003 -16"><span class='ocrx_word' id='word_1_974' title='bbox 1951 3891 2133 3955; x_wconf 63' lang='lat' dir='ltr'><strong>Adde,</strong></span> <span class='ocrx_word' id='word_1_975' title='bbox 2171 3891 2218 3949; x_wconf 83' lang='lat' dir='ltr'><strong>si</strong></span> <span class='ocrx_word' id='word_1_976' title='bbox 2264 3893 2374 3958; x_wconf 82' lang='lat' dir='ltr'><strong>vis,</strong></span> <span class='ocrx_word' id='word_1_977' title='bbox 2424 3907 2520 3948; x_wconf 87' lang='lat' dir='ltr'><strong>eos</strong></span> <span class='ocrx_word' id='word_1_978' title='bbox 2568 3891 2958 3963; x_wconf 29' lang='lat' dir='ltr'><strong>Patres,‘qnos</strong></span> <span class='ocrx_word' id='word_1_979' title='bbox 3007 3903 3252 3948; x_wconf 87' lang='lat' dir='ltr'><strong>recenset</strong></span> <span class='ocrx_word' id='word_1_980' title='bbox 3299 3891 3550 3963; x_wconf 83' lang='lat' dir='ltr'><strong>Petavius</strong></span> 
     </span>
    </p>
   </div>
   <div class='ocr_carea' id='block_1_129' title="bbox 1953 3962 3550 4034">
    <p class='ocr_par' dir='ltr' id='par_1_129' title="bbox 1953 3962 3550 4034">
     <span class='ocr_line' id='line_1_131' title="bbox 1953 3962 3550 4034; baseline 0.001 -17"><span class='ocrx_word' id='word_1_981' title='bbox 1953 3971 2129 4034; x_wconf 85' lang='lat' dir='ltr'><strong>capite</strong></span> <span class='ocrx_word' id='word_1_982' title='bbox 2158 3966 2192 4020; x_wconf 83' lang='grc'><strong>5</strong></span> <span class='ocrx_word' id='word_1_983' title='bbox 2232 3964 2352 4020; x_wconf 87' lang='lat' dir='ltr'><strong>libri</strong></span> <span class='ocrx_word' id='word_1_984' title='bbox 2392 3981 2423 4019; x_wconf 88' lang='lat' dir='ltr'><strong>v</strong></span> <span class='ocrx_word' id='word_1_985' title='bbox 2464 3964 2527 4018; x_wconf 86' lang='lat' dir='ltr'><strong>de</strong></span> <span class='ocrx_word' id='word_1_986' title='bbox 2553 3963 2807 4020; x_wconf 86' lang='lat' dir='ltr'><strong>Trinitate</strong></span> <span class='ocrx_word' id='word_1_987' title='bbox 2844 3962 2920 4034; x_wconf 83' lang='grc' dir='ltr'>(ιι.</span> <span class='ocrx_word' id='word_1_988' title='bbox 2949 3965 3034 4026; x_wconf 77' lang='grc'><strong>15.</strong></span> <span class='ocrx_word' id='word_1_989' title='bbox 3069 3964 3137 4017; x_wconf 57' lang='lat' dir='ltr'><strong>id</strong></span> <span class='ocrx_word' id='word_1_990' title='bbox 3171 3976 3217 4016; x_wconf 89' lang='lat' dir='ltr'><strong>et</strong></span> <span class='ocrx_word' id='word_1_991' title='bbox 3251 3962 3365 4031; x_wconf 83' lang='grc'><strong>15).</strong></span> <span class='ocrx_word' id='word_1_992' title='bbox 3399 3962 3550 4018; x_wconf 75' lang='lat' dir='ltr'><strong>Adde</strong></span> 
     </span>
    </p>
   </div>
   <div class='ocr_carea' id='block_1_130' title="bbox 1955 4036 3014 4107">
    <p class='ocr_par' dir='ltr' id='par_1_130' title="bbox 1955 4036 3014 4107">
     <span class='ocr_line' id='line_1_132' title="bbox 1955 4036 3014 4107; baseline 0.003 -17"><span class='ocrx_word' id='word_1_993' title='bbox 1955 4037 2274 4102; x_wconf 83' lang='lat' dir='ltr'><strong>Ausonium,</strong></span> <span class='ocrx_word' id='word_1_994' title='bbox 2305 4051 2464 4106; x_wconf 86' lang='lat' dir='ltr'><strong>quem</strong></span> <span class='ocrx_word' id='word_1_995' title='bbox 2491 4036 2746 4107; x_wconf 86' lang='lat' dir='ltr'><strong>deinceps</strong></span> <span class='ocrx_word' id='word_1_996' title='bbox 2773 4037 3014 4093; x_wconf 83' lang='lat' dir='ltr'><strong>afferant.</strong></span> 
     </span>
    </p>
   </div>
   <div class='ocr_carea' id='block_1_131' title="bbox 2025 4105 3551 4178">
    <p class='ocr_par' dir='ltr' id='par_1_131' title="bbox 2025 4105 3551 4178">
     <span class='ocr_line' id='line_1_133' title="bbox 2025 4105 3551 4178; baseline -0.001 -16"><span class='ocrx_word' id='word_1_997' title='bbox 2025 4107 2114 4163; x_wconf 76' lang='lat'><strong>3&#39;5.</strong></span> <span class='ocrx_word' id='word_1_998' title='bbox 2157 4105 2335 4163; x_wconf 80' lang='lat' dir='ltr'><strong>Deum</strong></span> <span class='ocrx_word' id='word_1_999' title='bbox 2367 4105 2969 4178; x_wconf 73' lang='lat' dir='ltr'><strong>ittcotnpreltenSibiletn</strong></span> <span class='ocrx_word' id='word_1_1000' title='bbox 3015 4105 3315 4175; x_wconf 69' lang='lat' dir='ltr'><strong>saepissime</strong></span> <span class='ocrx_word' id='word_1_1001' title='bbox 3349 4105 3551 4161; x_wconf 83' lang='lat' dir='ltr'><strong>docent</strong></span> 
     </span>
    </p>
   </div>
   <div class='ocr_carea' id='block_1_132' title="bbox 1953 4178 3555 4250">
    <p class='ocr_par' dir='ltr' id='par_1_132' title="bbox 1953 4178 3555 4250">
     <span class='ocr_line' id='line_1_134' title="bbox 1953 4178 3555 4250; baseline -0.002 -16"><span class='ocrx_word' id='word_1_1002' title='bbox 1953 4178 2177 4243; x_wconf 88' lang='lat' dir='ltr'><strong>Patres,</strong></span> <span class='ocrx_word' id='word_1_1003' title='bbox 2213 4181 2245 4234; x_wconf 92' lang='lat' dir='ltr'><strong>ii</strong></span> <span class='ocrx_word' id='word_1_1004' title='bbox 2274 4183 2574 4250; x_wconf 77' lang='lat' dir='ltr'><strong>prtesertim</strong></span> <span class='ocrx_word' id='word_1_1005' title='bbox 2615 4181 2704 4248; x_wconf 87' lang='lat' dir='ltr'><strong>qui</strong></span> <span class='ocrx_word' id='word_1_1006' title='bbox 2751 4180 3014 4235; x_wconf 82' lang='lat' dir='ltr'><strong>adversus</strong></span> <span class='ocrx_word' id='word_1_1007' title='bbox 3049 4178 3279 4232; x_wconf 77' lang='lat' dir='ltr'><strong>Arianus</strong></span> <span class='ocrx_word' id='word_1_1008' title='bbox 3318 4188 3371 4232; x_wconf 91' lang='lat' dir='ltr'><strong>et</strong></span> <span class='ocrx_word' id='word_1_1009' title='bbox 3407 4181 3555 4231; x_wconf 73' lang='lat' dir='ltr'><strong>Auti-</strong></span> 
     </span>
    </p>
   </div>
   <div class='ocr_carea' id='block_1_133' title="bbox 1955 4250 3550 4321">
    <p class='ocr_par' dir='ltr' id='par_1_133' title="bbox 1955 4250 3550 4321">
     <span class='ocr_line' id='line_1_135' title="bbox 1955 4250 3550 4321; baseline 0.001 -17"><span class='ocrx_word' id='word_1_1010' title='bbox 1955 4265 2128 4306; x_wconf 70' lang='lat' dir='ltr'><strong>mmos</strong></span> <span class='ocrx_word' id='word_1_1011' title='bbox 2171 4251 2600 4321; x_wconf 73' lang='lat' dir='ltr'><strong>dieputaverunt.</strong></span> <span class='ocrx_word' id='word_1_1012' title='bbox 2634 4250 3019 4307; x_wconf 81' lang='lat' dir='ltr'><strong>Nazianzetntts</strong></span> <span class='ocrx_word' id='word_1_1013' title='bbox 3057 4264 3302 4319; x_wconf 76' lang='lat' dir='ltr'><strong>magnam</strong></span> <span class='ocrx_word' id='word_1_1014' title='bbox 3345 4258 3550 4317; x_wconf 84' lang='lat' dir='ltr'><strong>partem</strong></span> 
     </span>
    </p>
   </div>
   <div class='ocr_carea' id='block_1_134' title="bbox 1954 4321 3554 4394">
    <p class='ocr_par' dir='ltr' id='par_1_134' title="bbox 1954 4321 3554 4394">
     <span class='ocr_line' id='line_1_136' title="bbox 1954 4321 3554 4394; baseline 0 -18"><span class='ocrx_word' id='word_1_1015' title='bbox 1954 4325 2212 4380; x_wconf 86' lang='lat' dir='ltr'><strong>orationis</strong></span> <span class='ocrx_word' id='word_1_1016' title='bbox 2248 4331 2454 4394; x_wconf 63' lang='lat' dir='ltr'><strong>quarta)</strong></span> <span class='ocrx_word' id='word_1_1017' title='bbox 2495 4332 2550 4380; x_wconf 87' lang='lat' dir='ltr'><strong>et</strong></span> <span class='ocrx_word' id='word_1_1018' title='bbox 2580 4325 2866 4379; x_wconf 72' lang='lat' dir='ltr'><strong>triceslniac</strong></span> <span class='ocrx_word' id='word_1_1019' title='bbox 2895 4321 3154 4394; x_wconf 86' lang='lat' dir='ltr'><strong>impendit</strong></span> <span class='ocrx_word' id='word_1_1020' title='bbox 3174 4361 3187 4387; x_wconf 93' lang='lat'><strong>,</strong></span> <span class='ocrx_word' id='word_1_1021' title='bbox 3218 4329 3275 4374; x_wconf 90' lang='lat' dir='ltr'><strong>nt</strong></span> <span class='ocrx_word' id='word_1_1022' title='bbox 3305 4322 3554 4394; x_wconf 79' lang='lat' dir='ltr'><strong>ostendat</strong></span> 
     </span>
    </p>
   </div>
   <div class='ocr_carea' id='block_1_135' title="bbox 1956 4393 3553 4467">
    <p class='ocr_par' dir='ltr' id='par_1_135' title="bbox 1956 4393 3553 4467">
     <span class='ocr_line' id='line_1_137' title="bbox 1956 4393 3553 4467; baseline 0.001 -19"><span class='ocrx_word' id='word_1_1023' title='bbox 1956 4409 2132 4465; x_wconf 79' lang='lat' dir='ltr'><strong>neque</strong></span> <span class='ocrx_word' id='word_1_1024' title='bbox 2163 4393 2502 4464; x_wconf 35' lang='lat' dir='ltr'><strong>nos’asscqui</strong></span> <span class='ocrx_word' id='word_1_1025' title='bbox 2535 4406 2727 4467; x_wconf 76' lang='lat' dir='ltr'><strong>posse,</strong></span> <span class='ocrx_word' id='word_1_1026' title='bbox 2755 4395 2880 4467; x_wconf 78' lang='lat' dir='ltr'><strong>quid</strong></span> <span class='ocrx_word' id='word_1_1027' title='bbox 2911 4393 3050 4467; x_wconf 71' lang='lat' dir='ltr'><strong>Deus</strong></span> <span class='ocrx_word' id='word_1_1028' title='bbox 3071 4395 3169 4459; x_wconf 82' lang='lat' dir='ltr'><strong>sit,</strong></span> <span class='ocrx_word' id='word_1_1029' title='bbox 3204 4407 3381 4462; x_wconf 84' lang='lat' dir='ltr'><strong>neque</strong></span> <span class='ocrx_word' id='word_1_1030' title='bbox 3408 4393 3553 4467; x_wconf 80' lang='lat' dir='ltr'><strong>illius</strong></span> 
     </span>
    </p>
   </div>
   <div class='ocr_carea' id='block_1_136' title="bbox 1955 4465 3554 4538">
    <p class='ocr_par' dir='ltr' id='par_1_136' title="bbox 1955 4465 3554 4538">
     <span class='ocr_line' id='line_1_138' title="bbox 1955 4465 3554 4538; baseline 0.001 -18"><span class='ocrx_word' id='word_1_1031' title='bbox 1955 4469 2321 4536; x_wconf 70' lang='lat' dir='ltr'><strong>priestantiam</strong></span> <span class='ocrx_word' id='word_1_1032' title='bbox 2353 4465 2960 4523; x_wconf 57' lang='lat' dir='ltr'><strong>orationedesc&#39;rihere.</strong></span> <span class='ocrx_word' id='word_1_1033' title='bbox 2995 4465 3414 4538; x_wconf 80' lang='lat' dir='ltr'><strong>Chrysostomus</strong></span> <span class='ocrx_word' id='word_1_1034' title='bbox 3450 4465 3554 4522; x_wconf 83' lang='lat' dir='ltr'><strong>hoc</strong></span> 
     </span>
    </p>
   </div>
   <div class='ocr_carea' id='block_1_137' title="bbox 1957 4537 3552 4610">
    <p class='ocr_par' dir='ltr' id='par_1_137' title="bbox 1957 4537 3552 4610">
     <span class='ocr_line' id='line_1_139' title="bbox 1957 4537 3552 4610; baseline 0.001 -19"><span class='ocrx_word' id='word_1_1035' title='bbox 1957 4541 2135 4610; x_wconf 84' lang='lat' dir='ltr'><strong>ipsum</strong></span> <span class='ocrx_word' id='word_1_1036' title='bbox 2165 4551 2541 4610; x_wconf 74' lang='lat' dir='ltr'><strong>argumentum</strong></span> <span class='ocrx_word' id='word_1_1037' title='bbox 2579 4539 2953 4608; x_wconf 68' lang='grc' dir='ltr'><strong>(ιορίοείςεὶωο</strong></span> <span class='ocrx_word' id='word_1_1038' title='bbox 2983 4537 3345 4610; x_wconf 79' lang='lat' dir='ltr'><strong>persequitur.</strong></span> <span class='ocrx_word' id='word_1_1039' title='bbox 3371 4537 3552 4607; x_wconf 71' lang='lat' dir='ltr'><strong>Seligo</strong></span> 
     </span>
    </p>
   </div>
   <div class='ocr_carea' id='block_1_138' title="bbox 1957 4607 3554 4682">
    <p class='ocr_par' dir='ltr' id='par_1_138' title="bbox 1957 4607 3554 4682">
     <span class='ocr_line' id='line_1_140' title="bbox 1957 4607 3554 4682; baseline 0 -18"><span class='ocrx_word' id='word_1_1040' title='bbox 1957 4609 2134 4666; x_wconf 89' lang='lat' dir='ltr'><strong>locum</strong></span> <span class='ocrx_word' id='word_1_1041' title='bbox 2182 4607 2390 4677; x_wconf 71' lang='lat' dir='ltr'><strong>nuntii,</strong></span> <span class='ocrx_word' id='word_1_1042' title='bbox 2431 4616 2589 4682; x_wconf 83' lang='lat' dir='ltr'><strong>quem</strong></span> <span class='ocrx_word' id='word_1_1043' title='bbox 2645 4607 2730 4666; x_wconf 83' lang='lat' dir='ltr'><strong>hic</strong></span> <span class='ocrx_word' id='word_1_1044' title='bbox 2786 4610 3006 4666; x_wconf 76' lang='lat' dir='ltr'><strong>atieratn</strong></span> <span class='ocrx_word' id='word_1_1045' title='bbox 3061 4607 3237 4682; x_wconf 62' lang='lat' dir='ltr'><strong>(Orat.</strong></span> <span class='ocrx_word' id='word_1_1046' title='bbox 3274 4623 3329 4682; x_wconf 86' lang='grc' dir='ltr'><strong>ιιι</strong></span> <span class='ocrx_word' id='word_1_1047' title='bbox 3375 4618 3554 4682; x_wconf 71' lang='lat' dir='ltr'><strong>contra</strong></span> 
     </span>
    </p>
   </div>
   <div class='ocr_carea' id='block_1_139' title="bbox 1955 4678 3556 4754">
    <p class='ocr_par' dir='ltr' id='par_1_139' title="bbox 1955 4678 3556 4754">
     <span class='ocr_line' id='line_1_141' title="bbox 1955 4678 3556 4754; baseline -0.002 -18"><span class='ocrx_word' id='word_1_1048' title='bbox 1955 4682 2227 4754; x_wconf 74' lang='lat' dir='ltr'><strong>Anomwos</strong></span> <span class='ocrx_word' id='word_1_1049' title='bbox 2248 4723 2263 4750; x_wconf 92' lang='lat'><strong>,</strong></span> <span class='ocrx_word' id='word_1_1050' title='bbox 2295 4701 2416 4754; x_wconf 79' lang='lat' dir='ltr'><strong>pag.</strong></span> <span class='ocrx_word' id='word_1_1051' title='bbox 2449 4678 2581 4739; x_wconf 41' lang='lat'><strong>‘465</strong></span> <span class='ocrx_word' id='word_1_1052' title='bbox 2608 4685 2731 4738; x_wconf 83' lang='lat' dir='ltr'><strong>tomi</strong></span> <span class='ocrx_word' id='word_1_1053' title='bbox 2771 4698 2789 4738; x_wconf 89' lang='grc' dir='ltr'><strong>ι</strong></span> <span class='ocrx_word' id='word_1_1054' title='bbox 2855 4678 3096 4738; x_wconf 74' lang='lat' dir='ltr'><strong>editionis</strong></span> <span class='ocrx_word' id='word_1_1055' title='bbox 3117 4678 3333 4754; x_wconf 50' lang='grc' dir='ltr'><strong>βιοτὴ.</strong></span> <span class='ocrx_word' id='word_1_1056' title='bbox 3381 4678 3556 4734; x_wconf 79' lang='lat' dir='ltr'><strong>Mont-</strong></span> 
     </span>
    </p>
   </div>
   <div class='ocr_carea' id='block_1_140' title="bbox 1953 4749 3551 4826">
    <p class='ocr_par' dir='ltr' id='par_1_140' title="bbox 1953 4749 3551 4826">
     <span class='ocr_line' id='line_1_142' title="bbox 1953 4749 3551 4826; baseline -0.001 -18"><span class='ocrx_word' id='word_1_1057' title='bbox 1953 4753 2227 4826; x_wconf 75' lang='lat' dir='ltr'><strong>faacoitii).</strong></span> <span class='ocrx_word' id='word_1_1058' title='bbox 2252 4749 2255 4750; x_wconf 50' lang='grc'><strong><em>⁷</em></strong></span> <span class='ocrx_word' id='word_1_1059' title='bbox 2285 4749 2311 4826; x_wconf 16' lang='grc' dir='ltr'><strong>ἐν</strong></span> <span class='ocrx_word' id='word_1_1060' title='bbox 2343 4749 2608 4810; x_wconf 68' lang='lat' dir='ltr'><strong>Voconius</strong></span> <span class='ocrx_word' id='word_1_1061' title='bbox 2654 4757 2856 4824; x_wconf 88' lang='lat' dir='ltr'><strong>itaque,</strong></span> <span class='ocrx_word' id='word_1_1062' title='bbox 2907 4753 3076 4821; x_wconf 89' lang='lat' dir='ltr'><strong>inquit</strong></span> <span class='ocrx_word' id='word_1_1063' title='bbox 3105 4749 3551 4826; x_wconf 73' lang='lat' dir='ltr'><strong>Chrysostmnus,</strong></span> 
     </span>
    </p>
   </div>
   <div class='ocr_carea' id='block_1_141' title="bbox 1954 4824 3520 4896">
    <p class='ocr_par' dir='ltr' id='par_1_141' title="bbox 1954 4824 3520 4896">
     <span class='ocr_line' id='line_1_143' title="bbox 1954 4824 3520 4896; baseline -0.002 -16"><span class='ocrx_word' id='word_1_1064' title='bbox 1954 4826 2131 4895; x_wconf 88' lang='lat' dir='ltr'><strong>ipsum</strong></span> <span class='ocrx_word' id='word_1_1065' title='bbox 2184 4824 2546 4892; x_wconf 71' lang='lat' dir='ltr'><strong>intell&#39;ttbilem,</strong></span> <span class='ocrx_word' id='word_1_1066' title='bbox 2604 4826 3054 4896; x_wconf 79' lang='lat' dir='ltr'><strong>inintelligibilem</strong></span> <span class='ocrx_word' id='word_1_1067' title='bbox 3104 4826 3306 4896; x_wconf 83' lang='lat' dir='ltr'><strong>Deum,</strong></span> <span class='ocrx_word' id='word_1_1068' title='bbox 3363 4824 3520 4878; x_wconf 78' lang='lat' dir='ltr'><strong>invisi</strong></span> 
     </span>
    </p>
   </div>
   <div class='ocr_carea' id='block_1_142' title="bbox 1954 4895 3552 4967">
    <p class='ocr_par' dir='ltr' id='par_1_142' title="bbox 1954 4895 3552 4967">
     <span class='ocr_line' id='line_1_144' title="bbox 1954 4895 3552 4967; baseline -0.002 -15"><span class='ocrx_word' id='word_1_1069' title='bbox 1954 4899 2159 4962; x_wconf 86' lang='lat' dir='ltr'><strong>bilem,</strong></span> <span class='ocrx_word' id='word_1_1070' title='bbox 2212 4899 2809 4967; x_wconf 86' lang='lat' dir='ltr'><strong>incomprcbensibilem</strong></span> <span class='ocrx_word' id='word_1_1071' title='bbox 2836 4895 2859 4964; x_wconf 28' lang='grc' dir='ltr'><strong>,ί</strong></span> <span class='ocrx_word' id='word_1_1072' title='bbox 2899 4897 3165 4952; x_wconf 66' lang='lat' dir='ltr'><strong>humanae.</strong></span> <span class='ocrx_word' id='word_1_1073' title='bbox 3203 4895 3396 4965; x_wconf 69' lang='lat' dir='ltr'><strong>linguae</strong></span> <span class='ocrx_word' id='word_1_1074' title='bbox 3446 4897 3552 4950; x_wconf 88' lang='lat' dir='ltr'><strong>vim</strong></span> 
     </span>
    </p>
   </div>
   <div class='ocr_carea' id='block_1_143' title="bbox 1953 4967 3556 5038">
    <p class='ocr_par' dir='ltr' id='par_1_143' title="bbox 1953 4967 3556 5038">
     <span class='ocr_line' id='line_1_145' title="bbox 1953 4967 3556 5038; baseline -0.002 -15"><span class='ocrx_word' id='word_1_1075' title='bbox 1953 4981 2322 5037; x_wconf 85' lang='lat' dir='ltr'><strong>superantem,</strong></span> <span class='ocrx_word' id='word_1_1076' title='bbox 2348 4972 2592 5025; x_wconf 82' lang='lat' dir='ltr'><strong>mortalis</strong></span> <span class='ocrx_word' id='word_1_1077' title='bbox 2612 4973 2808 5024; x_wconf 87' lang='lat' dir='ltr'><strong>mentis</strong></span> <span class='ocrx_word' id='word_1_1078' title='bbox 2828 4967 3374 5038; x_wconf 87' lang='lat' dir='ltr'><strong>comprehensionem</strong></span> <span class='ocrx_word' id='word_1_1079' title='bbox 3397 4981 3556 5038; x_wconf 74' lang='lat' dir='ltr'><strong>cxce-</strong></span> 
     </span>
    </p>
   </div>
   <div class='ocr_carea' id='block_1_144' title="bbox 1953 5037 3553 5112">
    <p class='ocr_par' dir='ltr' id='par_1_144' title="bbox 1953 5037 3553 5112">
     <span class='ocr_line' id='line_1_146' title="bbox 1953 5037 3553 5112; baseline -0.003 -16"><span class='ocrx_word' id='word_1_1080' title='bbox 1953 5041 2193 5107; x_wconf 91' lang='lat' dir='ltr'><strong>dentem,</strong></span> <span class='ocrx_word' id='word_1_1081' title='bbox 2226 5043 2444 5112; x_wconf 80' lang='lat' dir='ltr'><strong>Angelis</strong></span> <span class='ocrx_word' id='word_1_1082' title='bbox 2470 5056 2576 5097; x_wconf 88' lang='lat' dir='ltr'><strong>non</strong></span> <span class='ocrx_word' id='word_1_1083' title='bbox 2604 5037 2996 5110; x_wconf 80' lang='lat' dir='ltr'><strong>vestigabiletu,</strong></span> <span class='ocrx_word' id='word_1_1084' title='bbox 3026 5037 3338 5108; x_wconf 75' lang='lat' dir='ltr'><strong>Seraphinis</strong></span> <span class='ocrx_word' id='word_1_1085' title='bbox 3361 5037 3553 5112; x_wconf 59' lang='lat' dir='ltr'><strong>invid-</strong></span> 
     </span>
    </p>
   </div>
   <div class='ocr_carea' id='block_1_145' title="bbox 1957 5109 3552 5184">
    <p class='ocr_par' dir='ltr' id='par_1_145' title="bbox 1957 5109 3552 5184">
     <span class='ocr_line' id='line_1_147' title="bbox 1957 5109 3552 5184; baseline -0.001 -20"><span class='ocrx_word' id='word_1_1086' title='bbox 1957 5115 2152 5184; x_wconf 88' lang='lat' dir='ltr'><strong>bileut,</strong></span> <span class='ocrx_word' id='word_1_1087' title='bbox 2206 5109 2534 5168; x_wconf 47' lang='lat' dir='ltr'><strong>Clte&#39;rubiuis</strong></span> <span class='ocrx_word' id='word_1_1088' title='bbox 2578 5109 3028 5184; x_wconf 75' lang='lat' dir='ltr'><strong>inintclligibiletn</strong></span> <span class='ocrx_word' id='word_1_1089' title='bbox 3053 5152 3069 5177; x_wconf 94' lang='lat'><strong>,</strong></span> <span class='ocrx_word' id='word_1_1090' title='bbox 3111 5109 3552 5184; x_wconf 81' lang='lat' dir='ltr'><strong>inaspectabilem</strong></span> 
     </span>
    </p>
   </div>
   <div class='ocr_carea' id='block_1_146' title="bbox 1955 5182 3555 5254">
    <p class='ocr_par' dir='ltr' id='par_1_146' title="bbox 1955 5182 3555 5254">
     <span class='ocr_line' id='line_1_148' title="bbox 1955 5182 3555 5254; baseline -0.002 -15"><span class='ocrx_word' id='word_1_1091' title='bbox 1955 5183 2353 5254; x_wconf 83' lang='lat' dir='ltr'><strong>Principat&#39;tbus</strong></span> <span class='ocrx_word' id='word_1_1092' title='bbox 2372 5227 2386 5249; x_wconf 86' lang='lat'><strong>,</strong></span> <span class='ocrx_word' id='word_1_1093' title='bbox 2422 5187 2779 5254; x_wconf 84' lang='lat' dir='ltr'><strong>potestatibus</strong></span> <span class='ocrx_word' id='word_1_1094' title='bbox 2799 5182 2832 5250; x_wconf 64' lang='grc'><strong>,⁷</strong></span> <span class='ocrx_word' id='word_1_1095' title='bbox 2852 5185 3135 5254; x_wconf 81' lang='lat' dir='ltr'><strong>virtutibus</strong></span> <span class='ocrx_word' id='word_1_1096' title='bbox 3159 5223 3173 5248; x_wconf 97' lang='lat'><strong>,</strong></span> <span class='ocrx_word' id='word_1_1097' title='bbox 3202 5196 3265 5236; x_wconf 92' lang='lat' dir='ltr'><strong>ac</strong></span> <span class='ocrx_word' id='word_1_1098' title='bbox 3295 5182 3555 5254; x_wconf 81' lang='lat' dir='ltr'><strong>simplici-</strong></span> 
     </span>
    </p>
   </div>
   <div class='ocr_carea' id='block_1_147' title="bbox 1957 5252 3556 5325">
    <p class='ocr_par' dir='ltr' id='par_1_147' title="bbox 1957 5252 3556 5325">
     <span class='ocr_line' id='line_1_149' title="bbox 1957 5252 3556 5325; baseline -0.001 -14"><span class='ocrx_word' id='word_1_1099' title='bbox 1957 5267 2039 5311; x_wconf 93' lang='lat' dir='ltr'><strong>ter</strong></span> <span class='ocrx_word' id='word_1_1100' title='bbox 2086 5252 2229 5310; x_wconf 84' lang='lat' dir='ltr'><strong>omni</strong></span> <span class='ocrx_word' id='word_1_1101' title='bbox 2272 5252 2568 5325; x_wconf 67' lang='lat' dir='ltr'><strong>tlreaturm,</strong></span> <span class='ocrx_word' id='word_1_1102' title='bbox 2605 5273 2638 5312; x_wconf 91' lang='lat' dir='ltr'><strong>a</strong></span> <span class='ocrx_word' id='word_1_1103' title='bbox 2677 5259 2796 5312; x_wconf 91' lang='lat' dir='ltr'><strong>solo</strong></span> <span class='ocrx_word' id='word_1_1104' title='bbox 2835 5268 3015 5312; x_wconf 87' lang='lat' dir='ltr'><strong>autem</strong></span> <span class='ocrx_word' id='word_1_1105' title='bbox 3054 5253 3216 5322; x_wconf 83' lang='lat' dir='ltr'><strong>Filio,</strong></span> <span class='ocrx_word' id='word_1_1106' title='bbox 3259 5261 3312 5307; x_wconf 87' lang='lat' dir='ltr'><strong>et</strong></span> <span class='ocrx_word' id='word_1_1107' title='bbox 3350 5252 3556 5324; x_wconf 85' lang='lat' dir='ltr'><strong>Spiritu</strong></span> 
     </span>
    </p>
   </div>
   <div class='ocr_carea' id='block_1_148' title="bbox 1957 5328 2543 5398">
    <p class='ocr_par' dir='ltr' id='par_1_148' title="bbox 1957 5328 2543 5398">
     <span class='ocr_line' id='line_1_150' title="bbox 1957 5328 2543 5398; baseline -0.003 -14"><span class='ocrx_word' id='word_1_1108' title='bbox 1957 5328 2157 5384; x_wconf 89' lang='lat' dir='ltr'><strong>Sancto</strong></span> <span class='ocrx_word' id='word_1_1109' title='bbox 2186 5330 2485 5398; x_wconf 77' lang='lat' dir='ltr'><strong>cognitum.</strong></span> <span class='ocrx_word' id='word_1_1110' title='bbox 2523 5347 2543 5382; x_wconf 86' lang='grc' dir='ltr'><strong>ι</strong></span> 
     </span>
    </p>
   </div>
   <div class='ocr_carea' id='block_1_149' title="bbox 2029 5397 3551 5458">
    <p class='ocr_par' dir='ltr' id='par_1_149' title="bbox 2029 5397 3551 5458">
     <span class='ocr_line' id='line_1_151' title="bbox 2029 5397 3551 5458; baseline -0.002 -2"><span class='ocrx_word' id='word_1_1111' title='bbox 2029 5400 2174 5456; x_wconf 84' lang='lat' dir='ltr'><strong>idem</strong></span> <span class='ocrx_word' id='word_1_1112' title='bbox 2227 5397 2459 5456; x_wconf 86' lang='lat' dir='ltr'><strong>inculcat</strong></span> <span class='ocrx_word' id='word_1_1113' title='bbox 2506 5401 2740 5456; x_wconf 86' lang='lat' dir='ltr'><strong>Hilarius</strong></span> <span class='ocrx_word' id='word_1_1114' title='bbox 2787 5403 3028 5458; x_wconf 86' lang='lat' dir='ltr'><strong>numeris</strong></span> <span class='ocrx_word' id='word_1_1115' title='bbox 3058 5401 3176 5456; x_wconf 72' lang='lat' dir='ltr'><strong>Set</strong></span> <span class='ocrx_word' id='word_1_1116' title='bbox 3203 5397 3382 5454; x_wconf 86' lang='lat' dir='ltr'><strong>6libri</strong></span> <span class='ocrx_word' id='word_1_1117' title='bbox 3426 5412 3464 5454; x_wconf 91' lang='grc' dir='ltr'><strong>ιι</strong></span> <span class='ocrx_word' id='word_1_1118' title='bbox 3487 5397 3551 5453; x_wconf 81' lang='lat' dir='ltr'><strong>ds</strong></span> 
     </span>
    </p>
   </div>
   <div class='ocr_carea' id='block_1_150' title="bbox 2029 5507 3558 5594">
    <p class='ocr_par' dir='ltr' id='par_1_150' title="bbox 2029 5507 3558 5594">
     <span class='ocr_line' id='line_1_152' title="bbox 2029 5507 3558 5594; baseline 0.001 -21"><span class='ocrx_word' id='word_1_1119' title='bbox 2029 5517 2110 5592; x_wconf 79' lang='lat' dir='ltr'><strong>(tl)</strong></span> <span class='ocrx_word' id='word_1_1120' title='bbox 2138 5507 2213 5592; x_wconf 76' lang='grc' dir='ltr'><strong>Ν.</strong></span> <span class='ocrx_word' id='word_1_1121' title='bbox 2242 5517 2467 5594; x_wconf 38' lang='grc' dir='ltr'><strong>δὸνιιοη</strong></span> <span class='ocrx_word' id='word_1_1122' title='bbox 2493 5521 2629 5594; x_wconf 81' lang='lat' dir='ltr'><strong>enim</strong></span> <span class='ocrx_word' id='word_1_1123' title='bbox 2657 5513 2785 5594; x_wconf 72' lang='lat' dir='ltr'><strong>fides</strong></span> <span class='ocrx_word' id='word_1_1124' title='bbox 2815 5539 2875 5594; x_wconf 72' lang='lat' dir='ltr'><strong>es;</strong></span> <span class='ocrx_word' id='word_1_1125' title='bbox 2897 5515 3106 5578; x_wconf 83' lang='lat' dir='ltr'><strong>arbitrio</strong></span> <span class='ocrx_word' id='word_1_1126' title='bbox 3134 5528 3308 5575; x_wconf 86' lang='lat' dir='ltr'><strong>nostra</strong></span> <span class='ocrx_word' id='word_1_1127' title='bbox 3328 5557 3343 5584; x_wconf 93' lang='lat'><strong>,</strong></span> <span class='ocrx_word' id='word_1_1128' title='bbox 3374 5513 3463 5573; x_wconf 83' lang='lat' dir='ltr'><strong>sed</strong></span> <span class='ocrx_word' id='word_1_1129' title='bbox 3492 5533 3558 5574; x_wconf 77' lang='lat' dir='ltr'><strong>eat</strong></span> 
     </span>
    </p>
   </div>
   <div class='ocr_carea' id='block_1_151' title="bbox 1955 5589 2887 5649">
    <p class='ocr_par' dir='ltr' id='par_1_151' title="bbox 1955 5589 2887 5649">
     <span class='ocr_line' id='line_1_153' title="bbox 1955 5589 2887 5649; baseline 0.004 -5"><span class='ocrx_word' id='word_1_1130' title='bbox 1955 5589 2207 5644; x_wconf 71' lang='lat' dir='ltr'><strong>dictorum</strong></span> <span class='ocrx_word' id='word_1_1131' title='bbox 2236 5589 2310 5645; x_wconf 67' lang='lat' dir='ltr'><strong>eat</strong></span> <span class='ocrx_word' id='word_1_1132' title='bbox 2339 5591 2568 5646; x_wconf 84' lang='lat' dir='ltr'><strong>ineunda</strong></span> <span class='ocrx_word' id='word_1_1133' title='bbox 2595 5589 2887 5649; x_wconf 75' lang='lat' dir='ltr'><strong>virtutibus.</strong></span> 
     </span>
    </p>
   </div>
   <div class='ocr_carea' id='block_1_152' title="bbox 2025 5660 3555 5735">
    <p class='ocr_par' dir='ltr' id='par_1_152' title="bbox 2025 5660 3555 5735">
     <span class='ocr_line' id='line_1_154' title="bbox 2025 5660 3555 5735; baseline 0 -19"><span class='ocrx_word' id='word_1_1134' title='bbox 2025 5664 2098 5735; x_wconf 89' lang='lat' dir='ltr'><strong>(e)</strong></span> <span class='ocrx_word' id='word_1_1135' title='bbox 2140 5660 2336 5717; x_wconf 75' lang='lat' dir='ltr'><strong>Nullus</strong></span> <span class='ocrx_word' id='word_1_1136' title='bbox 2381 5665 2540 5734; x_wconf 84' lang='lat' dir='ltr'><strong>igitttr</strong></span> <span class='ocrx_word' id='word_1_1137' title='bbox 2586 5667 2674 5735; x_wconf 82' lang='lat' dir='ltr'><strong>qui</strong></span> <span class='ocrx_word' id='word_1_1138' title='bbox 2719 5673 2903 5719; x_wconf 76' lang='lat' dir='ltr'><strong>satiant</strong></span> <span class='ocrx_word' id='word_1_1139' title='bbox 2944 5665 3111 5732; x_wconf 74' lang='lat' dir='ltr'><strong>sapit,</strong></span> <span class='ocrx_word' id='word_1_1140' title='bbox 3160 5663 3555 5735; x_wconf 60' lang='lat' dir='ltr'><strong>omnipotente»!</strong></span> 
     </span>
    </p>
   </div>
   <div class='ocr_carea' id='block_1_153' title="bbox 1954 5729 3554 5808">
    <p class='ocr_par' dir='ltr' id='par_1_153' title="bbox 1954 5729 3554 5808">
     <span class='ocr_line' id='line_1_155' title="bbox 1954 5729 3554 5808; baseline -0.002 -18"><span class='ocrx_word' id='word_1_1141' title='bbox 1954 5729 2142 5799; x_wconf 74' lang='lat' dir='ltr'><strong>Deum,</strong></span> <span class='ocrx_word' id='word_1_1142' title='bbox 2190 5739 2276 5804; x_wconf 84' lang='lat' dir='ltr'><strong>qui</strong></span> <span class='ocrx_word' id='word_1_1143' title='bbox 2304 5729 2530 5792; x_wconf 72' lang='lat' dir='ltr'><strong>Trinitas</strong></span> <span class='ocrx_word' id='word_1_1144' title='bbox 2551 5778 2567 5800; x_wconf 91' lang='lat'><strong>,</strong></span> <span class='ocrx_word' id='word_1_1145' title='bbox 2598 5729 2653 5791; x_wconf 71' lang='grc' dir='ltr'>ἐι</span> <span class='ocrx_word' id='word_1_1146' title='bbox 2699 5740 2913 5808; x_wconf 73' lang='lat' dir='ltr'><strong>spiritus</strong></span> <span class='ocrx_word' id='word_1_1147' title='bbox 2955 5729 3062 5804; x_wconf 83' lang='lat' dir='ltr'><strong>est,</strong></span> <span class='ocrx_word' id='word_1_1148' title='bbox 3099 5729 3311 5800; x_wconf 62' lang='lat' dir='ltr'><strong>corpus</strong></span> <span class='ocrx_word' id='word_1_1149' title='bbox 3345 5729 3554 5803; x_wconf 67' lang='lat' dir='ltr'><strong>aliquod</strong></span> 
     </span>
    </p>
   </div>
   <div class='ocr_carea' id='block_1_154' title="bbox 1961 5808 3545 5880">
    <p class='ocr_par' dir='ltr' id='par_1_154' title="bbox 1961 5808 3545 5880">
     <span class='ocr_line' id='line_1_156' title="bbox 1961 5808 3545 5880; baseline -0.002 -17"><span class='ocrx_word' id='word_1_1150' title='bbox 1961 5808 2178 5880; x_wconf 78' lang='lat' dir='ltr'><strong>riaibile,</strong></span> <span class='ocrx_word' id='word_1_1151' title='bbox 2205 5820 2295 5865; x_wconf 80' lang='lat' dir='ltr'><strong>aut</strong></span> <span class='ocrx_word' id='word_1_1152' title='bbox 2323 5810 2589 5880; x_wconf 78' lang='lat' dir='ltr'><strong>palpabile</strong></span> <span class='ocrx_word' id='word_1_1153' title='bbox 2611 5813 2906 5869; x_wconf 77' lang='lat' dir='ltr'><strong>arbitretur.</strong></span> <span class='ocrx_word' id='word_1_1154' title='bbox 3243 5828 3246 5829; x_wconf 57' lang='lat'><strong><em>&#39;</em></strong></span> <span class='ocrx_word' id='word_1_1155' title='bbox 3404 5827 3408 5834; x_wconf 84' lang='grc'><strong>·</strong></span> <span class='ocrx_word' id='word_1_1156' title='bbox 3436 5843 3441 5850; x_wconf 64' lang='grc'><em>.</em></span> <span class='ocrx_word' id='word_1_1157' title='bbox 3542 5827 3545 5831; x_wconf 93' lang='grc'>·</span> 
     </span>
    </p>
   </div>
   <div class='ocr_carea' id='block_1_155' title="bbox 2029 5879 3471 5961">
    <p class='ocr_par' dir='ltr' id='par_1_155' title="bbox 2029 5879 3471 5961">
     <span class='ocr_line' id='line_1_157' title="bbox 2029 5879 3471 5961; baseline -0.003 -22"><span class='ocrx_word' id='word_1_1158' title='bbox 2029 5879 2100 5956; x_wconf 77' lang='lat' dir='ltr'><strong>(I)</strong></span> <span class='ocrx_word' id='word_1_1159' title='bbox 2129 5879 2213 5937; x_wconf 72' lang='lat' dir='ltr'><strong>Eat</strong></span> <span class='ocrx_word' id='word_1_1160' title='bbox 2236 5879 2340 5938; x_wconf 75' lang='lat' dir='ltr'><strong>non</strong></span> <span class='ocrx_word' id='word_1_1161' title='bbox 2365 5893 2489 5952; x_wconf 74' lang='lat' dir='ltr'><strong>nata</strong></span> <span class='ocrx_word' id='word_1_1162' title='bbox 2516 5882 2802 5949; x_wconf 71' lang='lat' dir='ltr'><strong>substantia</strong></span> <span class='ocrx_word' id='word_1_1163' title='bbox 2829 5891 3054 5961; x_wconf 73' lang='lat' dir='ltr'><strong>perfecta</strong></span> <span class='ocrx_word' id='word_1_1164' title='bbox 3082 5882 3339 5961; x_wconf 63' lang='lat' dir='ltr'><strong>uirginitas,</strong></span> <span class='ocrx_word' id='word_1_1165' title='bbox 3364 5889 3471 5956; x_wconf 73' lang='lat' dir='ltr'><strong>etc.</strong></span> 
     </span>
    </p>
   </div>
  </div>
