4062 6332
589 318 694 374 767

594 435 842 509 Trinitate
889 436 908 509 (
937 453 1057 508 pag.
1102 434 1172 491 50
1218 440 1349 509 tanti
1381 435 1465 509 tt);
1494 443 1822 509 et_numero
1867 433 1938 491 62
1965 433 2088 509 libri
2121 432 2190 489 de
2216 437 2268 495 A

591 505 1041 592 Sy_uodis“('pag'.
1073 509 1177 564 497
1229 507 1352 562 tanti
1399 507 1504 592 11)..
1537 505 1703 592 llune‘
1735 507 2184 592 prorsusnlegasi.

592 576 776 650 velim.
818 576 1147 635 Novatianus
1187 594 1399 650 quoque
1402 576 1447 650 λ’
1463 582 1508 634 si
1541 579 1587 634 is
1627 587 1711 635 est
1739 576 1934 634 auctor
1961 577 2082 632 libri
2123 576 2188 631 de

596 621 870 715 Τὲὶὶὲὶαιο,
897 621 1005 723 (liti
1023 621 1448 721 ιξὲὦριίξῑιόἐῖιὲς
1463 621 2190 723 hoibine'aliqvu'atidoeiul-

591 733 747 794 gatus
790 732 877 794 est
898 719 932 788 ,⁷
965 733 1020 778 et
1042 719 1182 779 inter
1210 719 1530 778 Tertulliani
1570 738 1736 794 opera
1772 723 1971 788 editus,
2015 719 2190 775 Nota-

593 793 792 852 tianus.
826 793 1099 866 inquam,
1146 797 1198 851 in
1247 796 1492 850 eamdem
1544 793 1866 850 sententiam
1918 793 2190 866 consentit

593 868 736 939 (cap.
768 863 845 939 7A)
878 884 892 920 :
923 863 950 920 ἰ
991 866 1045 920 Id
1085 868 1253 932 enim,
1284 866 1554 938 inquiens,
1581 868 1720 936 quod
1747 876 1859 928 est,
1893 863 2187 939 secundum

593 935 648 992 id
677 935 830 1022 (ιιιοᾶ
842 946 948 1003 est,
972 953 1082 1022 ’nec
1110 939 1345 1022 humano
1361 935 1621 1022 sermone
1631 939 1800 1022 edici,
1819 951 1926 1022 nec.
1941 935 2189 1022 humanis

593 1007 816 1064 auribus
842 1007 1065 1079 percipi.
1090 1026 1189 1066 nec
1211 1010 1459 1064 humanis
1479 1010 1730 1066 sensibus
1749 1007 1931 1077 colligi
1955 1015 2182 1076 potest.»

669 1080 838 1150 Hujus
879 1093 1056 1137 autem
1095 1083 1756 1152 iucomprebensibilitatis
1797 1082 1948 1146 origo
1973 1088 2087 1152 est,
2133 1087 2191 1132 ut

597 1154 668 1209 ita
702 1148 984 1222 loquamur
1008 1195 1023 1216 ,
1054 1148 1306 1222 inﬁnitas,
1339 1153 1390 1209 id
1412 1163 1495 1209 est
1521 1154 1728 1208 infinita
1758 1152 1904 1208 illius
1934 1148 2189 1220 perfectio

593 1238 658 1280 ac
683 1225 897 1280 virtus:
933 1241 1056 1281 cum
1102 1227 1244 1280 enim
1289 1226 1403 1279 haec
1443 1227 1710 1281 illimitata
1753 1226 1823 1278 sit
1854 1237 2096 1290 prorsus,
2136 1228 2192 1276 et

595 1294 763 1368 (quod
781 1297 894 1368 jam
917 1297 1058 1368 dixi)
1085 1297 1313 1360 infinita,
1341 1295 1466 1353 facit
1487 1307 1545 1352 ut
1564 1293 1948 1368 Comprehendi
1970 1294 2191 1347 omnino

595 1364 704 1422 nun
757 1364 944 1434 possit.
997 1364 1144 1424 Hanc
1187 1369 1504 1423 infinitatem
1553 1364 1850 1437 smpiSsime
1897 1364 2190 1437 Scriptura;

595 1433 835 1494 tradunt.
864 1439 968 1496 Sed
994 1439 1126 1494 mihi
1151 1440 1409 1511 Theologi
1445 1451 1621 1509 partes
1635 1433 1735 1511 hic
1765 1437 1986 1511 minime
2011 1433 2190 1506 agenti

597 1512 732 1566 satis
755 1511 881 1572 erit.
911 1513 954 1567 si
984 1527 1148 1566 unum
1180 1508 1386 1566 tantuui
1416 1508 1591 1567 lucum
1621 1510 1867 1581 allegem.
1903 1508 1996 1563 Est
2028 1521 2190 1581 porro

596 1582 913 1638 notissimus
962 1583 1084 1640 libri
1132 1582 1236 1638 Job
1275 1585 1438 1652 (cap.
1484 1599 1564 1645 xt.
1606 1578 1750 1636 vers;
1781 1585 1844 1647 7,
1892 1583 1924 1635 8
1965 1590 2010 1634 et
2063 1578 2096 1633 9
2127 1579 2186 1652 )5

603 1671 624 1706 ι
663 1653 910 1710 Forsitan
951 1657 1174 1725 vestigia
1203 1648 1292 1710 Dei
1332 1648 1798 1725 comprehendes,
1841 1662 1897 1725 et
1926 1648 2189 1725 usquead

597 1725 896 1796 perfectum
935 1722 1371 1797 Omnipotentem
1417 1722 1700 1797 reperies?
1741 1723 2026 1797 Excelsior_
2049 1722 2191 1777 ctelo

594 1794 700 1864 est,
727 1807 779 1852 et
810 1797 938 1868 quid
965 1794 1167 1854 facies?
1205 1794 1521 1867 profundior
1563 1796 1795 1862 inferno,
1835 1805 1891 1850 et
1920 1794 2066 1868 unde
2099 1809 2190 1868 ca-

593 1866 867 1942 gnosces'}
916 1869 1151 1942 Longior
1203 1866 1346 1927 terra
1403 1883 1664 1942 mensura
1707 1869 1889 1942 ejus,_
1923 1877 1983 1942 et_
2031 1866 2190 1921 latior

593 1943 752 1996 mari.
787 1961 806 1994 ι
834 1940 1001 1998 Porro
1031 1939 1113 1996 vel
1139 1940 1777 2005 incomprelteusibilitas.
1802 1948 1860 1993 ut
1879 1939 1951 1993 ita
1973 1939 2184 2008 loquar,

595 2013 930 2086 extensionis
951 2015 1356 2086 omnipotenlitn
1381 2013 1468 2067 hic
1493 2015 1842 2086 projtonitur;
1871 2011 1954 2086 vel
1984 2010 2188 2086 incom-

596 2084 1034 2166 preltensibilitas
1053 2081 1658 2166 perlectionisipsius,et
1672 2081 2184 2166 infinitatisdi'vinte,

595 2153 900 2227 ideoqueea
919 2153 1557 2227 incoinprehensibilitas,
1577 2172 1695 2220 qua:
1715 2163 1997 2226 propterea
2018 2153 2185 2227 Deum

594 2225 795 2282 indicat
823 2225 1125 2285 vincentem
1147 2229 1429 2285 scientiam
1457 2225 1864 2298 nostram,quia
1887 2226 2109 2298 eximia,
2133 2235 2187 2298 et

593 2314 757 2364 super
782 2317 997 2356 omnem
1029 2301 1245 2356 modum
1273 2296 2114 2368 excellentissima,perfectione
2143 2297 2188 2350 is

596 2372 786 2440 pollet.
835 2372 991 2429 Enim
1014 2387 1143 2428 vero
1191 2372 1259 2428 ad
1305 2372 1420 2427 hzee
1450 2371 1570 2428 Jobi
1603 2370 1767 2427 verba
1799 2371 1870 2423 ita
1895 2369 2188 2439 Gregorius

594 2441 819 2518 Magnus
833 2444 1051 2500 disserit
1085 2447 1201 2518 (lib.
1235 2461 1264 2499 x
1289 2443 1510 2509 Moral.,
1541 2459 1656 2512 cap.
1678 2447 1751 2518 _8,
1790 2440 1933 2518 alias
1956 2457 2098 2518 nam.
2123 2440 2190 2494 15

593 2526 644 2570 et
667 2516 867 2588 seqq.):
904 2536 922 2571 ι
961 2515 1249 2574 Excelsior
1273 2517 1453 2587 itaque
1481 2526 1566 2572 est
1590 2515 2023 2588 ctelo,quia_ipsi
2055 2528 2189 2584 quo—

592 2602 700 2660 que
734 2586 892 2644 electi
931 2591 1152 2660 spiritus
1191 2586 1456 2645 visionem
1504 2597 1669 2643 tantae
1696 2586 2032 2660 celsitudinis
2062 2600 2186 2655 per-

595 2657 733 2714 fecte
759 2675 865 2715 non
891 2657 1263 2729 penetrant....
1291 2660 1569 2715 Excelsior
1596 2661 1775 2728 itaque
1796 2658 1936 2714 etelo
1961 2657 2039 2727 fit,
2067 2669 2187 2712 eum

597 2733 711 2802 ipsa
744 2731 796 2784 in
826 2747 947 2788 eum
981 2743 1160 2788 nostra
1188 2731 1368 2788 deficit
1395 2732 1803 2802 contemplatio.
1847 2750 1866 2785 ›

667 2801 862 2857 Merito
913 2806 1094 2875 itaque
1147 2805 1216 2860 de
1261 2805 1372 2860 Deo
1427 2801 1699 2858 concludit
1746 2804 2073 2875 Augustinus
2115 2804 2192 2870 (in

593 2889 980 2946 ps.t.x_xxv,n.
1014 2874 1126 2946 12),
1161 2897 1180 2930 ι
1218 2877 1421 2931 facilius
1439 2875 1548 2930 dici
1573 2874 1943 2946 anoltis,quid
1977 2891 2080 2930 non
2098 2876 2188 2938 sit,

591 2961 752 3016 quam
775 2947 900 3018 quid
932 2950 1021 3004 sit.
1051 2950 1220 3014 tQuin
1239 2950 1400 3004 etiam
1418 2951 1532 3002 bzec
1545 2948 1763 3013 subjicit
1797 2965 1809 3001 :
1836 2963 1855 2999 ι
1883 2948 1994 3001 lloc
2015 2947 2188 3001 solum

592 3019 740 3087 potui
771 3017 954 3075 dicere
974 3062 989 3086 ,
1023 3021 1151 3089 quid
1198 3035 1304 3074 non
1351 3021 1441 3076 sit.
1470 3020 1680 3086 Qttteris
1702 3061 1715 3086 ,
1745 3019 1871 3091 quid
1901 3019 2011 3074 sit?
2037 3019 2190 3086 Quod

589 3091 780 3144 oculus
829 3106 933 3146 non
975 3093 1138 3155 vidit,
1191 3107 1294 3146 nec
1342 3092 1488 3148 auris
1549 3091 1794 3154 audivit,
1846 3107 1946 3147 nec
1997 3093 2049 3146 in
2096 3106 2191 3146 cor

592 3160 826 3217 hominis
850 3164 1113 3219 ascendit.
1142 3163 1256 3218 Non
1280 3172 1361 3219 est
1382 3164 1572 3218 similis
1594 3164 1684 3218 tibi
1710 3164 1760 3217 in
1781 3163 1906 3226 diis,
1934 3164 2178 3230 nomine,

1269 315 1336 373 IN
1375 313 1633 374 HILARII
1675 314 2064 373 EPISTOLAM
2106 313 2187 370 SE

2295 314 2623 374 LABELLUM
2668 313 3215 373 ANNOTATIONES.

2220 1838 2268 1900 Β

3775 317 3875 372 768

2295 450 2414 502 qtue
2457 435 2692 490 diximus
2721 435 3071 489 annotatione
3115 434 3181 487 ad
3211 448 3358 490 num.
3381 432 3453 490 ΩΟ
3477 475 3495 502 ,
3525 431 3653 488 dum
3676 431 3793 488 hare
3816 435 3880 489 de

2295 455 2310 492 (
2333 454 2414 492 Ila}
2457 454 2692 490 amotus
2721 454 3071 489 nllllolaUOllc
3115 454 3181 487 au
3211 454 3358 490 nunt.
3382 454 3453 490 Συ
3477 475 3495 502 ,
3525 454 3653 488 Ulllll
3676 454 3793 488 IIIBC
3816 454 3880 489 ue

2295 454 2407 564 Deo
2422 507 2638 578 scripsit
2658 507 2743 578 (de
2763 505 2972 562 Divinit.
3016 505 3142 561 Filii
3165 547 3179 570 ,
3218 523 3337 576 cap.
3367 506 3432 576 6)
3469 525 3482 559 :
3517 523 3536 558 ι
3576 503 3677 562 Hic
3704 515 3788 560 est
3817 505 3881 561 de

2293 596 2401 650 quo
2429 589 2485 634 et
2508 595 2628 634 cum
2655 578 2870 645 dicitur,
2901 594 3005 633 non
3025 578 3322 650 potestdici
3349 594 3363 632 :
3391 593 3512 632 cum
3534 578 3842 632 :estimatur
3865 620 3878 642 ,

2293 667 2400 708 non
2430 660 2604 721 potest
2648 650 2905 706 aestimari
2958 667 2972 705 :
3017 665 3139 705 cum
3189 659 3726 721 comparaturyn‘on
3787 665 3878 719 po-

2294 732 2402 779 test
2428 718 2729 791 comparari
2755 739 2768 788 ;
2800 737 2922 778 cum
2950 722 3227 787 delinitur,
3261 723 3373 792 ipsa
3430 735 3525 775 sua
3563 718 3878 777 definitione

2294 805 2510 851 crescit.
2547 815 2565 849 ι

2365 868 2456 923 '55.
2495 865 2804 922 Ιηυὶσὶὺίιειη
2834 865 2854 935 (
2880 865 3044 938 Deum
3070 864 3110 938 ).
3134 863 3382 938 “Copiose
3411 864 3481 938 de
3510 863 3612 918 hoc
3634 861 3884 938 dogmate

2294 939 2552 1005 Theologi
2583 938 2875 1004 disputant.
2904 937 3029 1002 Nos,
3054 935 3251 1006 quibus
3271 936 3602 1006 propositum
3628 945 3715 990 est
3737 935 3883 991 hisce

2296 1011 2348 1065 in
2380 1008 2813 1064 annotationibus
2838 1007 3226 1078 disputationes
3251 1007 3507 1074 effugere,
3529 1022 3738 1062 muneri
3764 1022 3885 1062 nos-

2297 1091 2382 1137 tro
2413 1082 2743 1137 satisfecisse
2770 1081 3119 1144 arbitrantur,
3148 1081 3192 1134 si
3222 1079 3499 1135 Lectoretn
3533 1078 3886 1133 amandemus

2295 1154 2360 1206 ad
2395 1154 2665 1208 Petaviuut
2691 1194 2704 1218 ,
2753 1153 2844 1222 qui
2890 1153 3266 1222 copiosissime
3317 1153 3418 1206 bac
3462 1149 3530 1206 tle
3559 1167 3617 1203 re
3643 1149 3881 1205 disserit.

2296 1225 2432 1281 Vide
2463 1227 2657 1295 itaque,
2687 1225 2936 1285 obsecro,
2983 1233 3184 1295 tomum
3216 1239 3268 1287 ι,
3303 1223 3394 1277 lib.
3431 1237 3505 1295 vtt
3527 1263 3542 1286 ,
3570 1227 3751 1295 capite
3784 1222 3886 1292 pri-

2297 1315 2384 1350 tno
2411 1313 2425 1361 ;
2456 1296 2530 1352 ibi
2551 1293 2748 1366 quippe
2777 1297 2992 1364 collegit
3025 1294 3280 1366 Veterum
3321 1293 3668 1366 teSIimottia.
3702 1293 3796 1366 His
3825 1310 3884 1366 ea

2296 1369 2432 1422 adde
2452 1411 2466 1433 ,
2509 1364 2628 1437 qum
2651 1364 2828 1422 docet
2856 1367 3092 1421 Hilarius
3119 1367 3171 1420 in
3199 1365 3614 1437 Commentariis
3660 1365 3712 1419 in
3744 1364 3882 1437 Psal.

2294 1455 2459 1496 cxvut
2488 1435 2584 1512 (α).
2625 1439 2698 1494 Ea
2727 1454 2960 1508 qttoqne,
2993 1454 3116 1512 quin
3141 1435 3718 1512 exconitnentariisin
3745 1436 3887 1512 Psab

2299 1527 2442 1566 mutn
2465 1508 2640 1568 cxxxv
2683 1513 3031 1564 annotatione
3056 1510 3126 1564 38
3157 1509 3506 1576 allegabimus
3529 1549 3545 1573 ,
3573 1508 3776 1578 quippe
3819 1508 3882 1562 ibi

2301 1585 2441 1638 Deus
2462 1581 2876 1652 inconspicabilis
2908 1582 3126 1636 dicitur.
3174 1580 3279 1636 Sed
3309 1580 3565 1650 quoniam
3593 1592 3755 1634 antea
3780 1583 3882 1633 Au.

2296 1656 2508 1710 senium
2541 1670 2627 1710 me
2656 1653 3008 1722 allegaturum
3043 1656 3156 1707 fore
3183 1653 3290 1707 dixi
3315 1692 3332 1717 ,
3377 1668 3443 1706 en
3495 1652 3647 1706 illum
3672 1689 3709 1716 ,.
3738 1653 3884 1719 cujus

2295 1727 2514 1797 quidem
2545 1728 2864 1781 auctoritate
2886 1736 2934 1780 et
2965 1725 3053 1790 id,
3084 1723 3226 1797 quod
3255 1739 3404 1797 nunc
3435 1723 3679 1797 agimus,
3710 1732 3763 1777 et
3792 1737 3880 1788 ea,

2297 1794 2418 1868 qua:
2447 1814 2593 1853 num.
2619 1797 2708 1859 52.
2737 1805 2792 1850 et
2811 1794 3492 1868 subsequentibusrduobus
3516 1795 3712 1868 tradita
3737 1803 3875 1868 sunt,

2296 1863 2450 1926 facile
2476 1869 2884 1925 cnnfirmantur.
2921 1863 3012 1924 Sic
3041 1881 3202 1935 porro
3231 1867 3318 1921 ille
3353 1867 3518 1922 Deutn
3546 1866 3767 1921 Patrem
3793 1863 3880 1919 de-

2291 1955 2545 2014 precatur
2569 1943 2647 2013 (in
2677 1939 2878 1995 Precal.
2913 1937 3149 2009 matut.).

2381 2043 2896 2114 pinnipotenshquem
2921 2047 3090 2114 mente
3115 2039 3240 2114 colo,
3264 2045 3403 2114 pater
3424 2040 3570 2090 unice
3597 2051 3788 2096 rerum,

2383 2102 2614 2168 Ignorate
2637 2102 2791 2164 malis,
2819 2113 2869 2155 et
2894 2102 3014 2153 nulli
3039 2104 3211 2165 lgnote
3234 2102 3440 2168 piorum,

2383 2166 2646 2227 Principio,
2673 2174 2998 2230 extremoque
3024 2179 3218 2225 carens,
3241 2166 3492 2229 antiquior
3508 2176 3635 2230 aevo,

2385 2231 2524 2307 Quod
2545 2231 2652 2292 fuit,
2676 2239 2759 2280 θυι
2781 2227 2976 2307 vesia:
2992 2231 3133 2307 suis?
3157 2227 3456 2307 maestas
3479 2227 3780 2307 eadem“

2382 2288 2488 2344 Nec
2513 2288 2654 2345 mens
2673 2292 2935 2356 complecti
2953 2288 3153 2354 poterit,
3177 2305 3272 2343 nec
3296 2288 3474 2356 lingua
3489 2288 3668 2356 profari
3683 2331 3699 2352 ,

2382 2356 2604 2409 Cernere
2627 2353 2965 2421 quem'solus,
2979 2367 3240 2418 coramque
3267 2353 3435 2421 audire
3454 2353 3721 2421 jubentetn

2383 2421 2481 2471 Fas
2504 2415 2673 2476 habet.
2703 2427 2754 2468 et
2779 2423 2983 2482 patriam
3011 2415 3210 2482 prOpter
3233 2415 3494 2468 considere
3516 2415 3749 2466 dextram

2383 2485 2491 2536 Non
2517 2485 2688 2547 genito
2709 2485 2941 2546 genitore
2967 2483 3120 2534 Deus.

2361 2595 2452 2649 56.
2491 2593 2554 2648 Et
2591 2594 2977 2665 impauibilem.
3009 2594 3089 2650 An
3123 2593 3402 2662 passiones
3427 2607 3457 2647 a
3491 2590 3602 2646 Deo
3615 2588 3721 2665 Ahic
3743 2599 3886 2642 arcet

2291 2663 2528 2721 Hilarius
2555 2708 2569 2729 ,
2616 2661 2684 2722 an
2713 2661 3167 2720 mutabilitatem?
3208 2680 3274 2720 an
3304 2661 3636 2733 utrumque?
3685 2663 3769 2717 An
3799 2674 3886 2733 po-

2295 2737 2399 2792 tius
2424 2739 2488 2794 ad
2518 2738 2732 2794 Patrem
2767 2738 2881 2794 haec
2907 2738 3104 2804 refert,
3131 2737 3330 2809 quippe
3353 2735 3444 2804 qui
3473 2731 3696 2809 cantem
3724 2731 3886 2809 mini-

2293 2824 2381 2863 me
2409 2813 2720 2877 assumpsit,
2754 2811 2807 2864 in
2839 2827 2940 2879 qua
2969 2803 3452 2880 passtts'est'Filius
3468 2804 3736 2880 [iudicet
3757 2803 3886 2859 Lec-

2294 2889 2398 2934 tor.
2451 2881 2696 2938 Profecto
2745 2893 2800 2937 ut
2847 2877 3069 2938 denotet
3118 2881 3314 2936 Filium
3350 2879 3440 2934 Dei
3487 2877 3725 2932 Verbum
3768 2889 3886 2930 esse

2296 2953 2461 3010 Deum
2487 2997 2501 3016 ,
2555 2955 2808 3025 Patrique
2835 2951 3346 3025 consubstantialem
3371 2994 3386 3018 ,
3435 2950 3599 3006 docet
3635 2957 3882 3025 naturam

2295 3026 2680 3088 imbassibilem
2723 3020 2915 3082 'fuisse
2984 3026 3056 3082 illi
3111 3041 3141 3080 a
3199 3023 3354 3078 Patre
3407 3020 3884 3076 communicatam.

2298 3114 2319 3149 ι
2347 3096 2610 3153 Omnibus
2637 3099 2931 3164 creaturis,
2960 3097 3134 3167 inquit
3158 3095 3249 3151 ille
3293 3096 3313 3168 (
3338 3092 3414 3149 De
3444 3093 3644 3168 Synod.
3690 3109 3756 3168 n._
3782 3091 3881 3155 58,

2301 3185 2421 3241 pag.
2453 3168 2604 3241 495).
2631 3163 2981 3225 substantiam
3011 3163 3256 3223 voluntas
3289 3163 3380 3222 Dei
3410 3164 3626 3229 attulit;
3658 3163 3758 3219 sed
3797 3179 3889 3241 na.

589 3243 657 3310 et
694 3250 799 3288 non
850 3237 1278 3310 estAsecnndum
1329 3250 1496 3310 opera
1549 3243 1656 3310 tua.
1718 3253 1736 3310 ξ
1779 3235 2062 3310 simillima
2106 3229 2188 3289 his
2214 3229 2259 3292 C
2296 3229 2465 3296 iurem
2489 3229 2629 3296 Fiiio
2659 3241 2803 3296 dedit
2831 3257 2895 3297 ex
2925 3241 3276 3310 impaseibili.
3321 3253 3384 3292 ac
3428 3253 3548 3310 non
3579 3245 3707 3290 nata
3758 3235 3884 3288 sub-

591 3305 784 3378 edocet
830 3321 884 3361 n.
936 3307 971 3363 9
1009 3317 1266 3362 tractatus
1312 3322 1404 3362 xxt
1447 3307 1498 3360 in
1532 3305 2182 3378 Joannisilﬁvangelium.

593 3374 690 3448 llic
730 3377 777 3430 si
818 3391 879 3431 ea
921 3379 1232 3443 adduxeris,
1273 3393 1394 3448 qua:
1427 3377 1737 3442 ineffabilem
1782 3377 1948 3432 Deum
1968 3374 2189 3434 'descri-

591 3444 746 3512 bunt,
775 3458 923 3504 recte
965 3451 1218 3504 adduces.
1249 3444 1358 3503 cur
1387 3449 1532 3503 enim
1573 3448 1861 3504 inetfabilis
1899 3451 2020 3504 est?
2053 3450 2186 3506 Pro-

591 3515 735 3590 fecto
762 3521 883 3587 quia
931 3519 1496 3585 incomprehensibilis
1516 3529 1619 3575 est.
1653 3521 1819 3576 Porro
1863 3521 2090 3590 plurima
2135 3531 2189 3576 et

589 3587 989 3660 Scripturarutn
1015 3634 1028 3656 ,
1055 3599 1111 3647 et
1137 3592 1352 3647 Patrum
1385 3591 1499 3646 loca
1527 3606 1592 3646 eo
1622 3587 1899 3660 speetaut’,
1934 3602 1990 3646 ut
2024 3594 2186 3647 Deum

591 3659 916 3734 ineffabilem
947 3663 1283 3734 describant.
1324 3662 1421 3718 llic
1452 3659 1791 3734 Fulgentium
1839 3664 1995 3717 unice
2023 3662 2188 3719 affero

592 3731 708 3808 hinc
751 3733 1032 3808 docentem
1085 3737 1180 3808 (in
1230 3733 1318 3808 lib.
1369 3731 1784 3808 cutttra'object.
1839 3734 2186 3808 Arianorum,

587 3803 864 3878 Objection.
892 3815 941 3862 et
966 3803 1196 3878 respuat.
1227 3804 1289 3876 tt)
1320 3823 1334 3861 :
1363 3825 1381 3858 t
1412 3804 1535 3878 Non
1565 3803 1993 3877 est'ignorabilis
2026 3807 2187 3874 Deus,

588 3889 712 3930 cum
759 3877 830 3930 sit
872 3877 1247 3933 inenarrabilis
1282 3896 1294 3931 :
1330 3877 1421 3933 sed
1456 3897 1483 3930 a
1528 3878 1777 3933 fidelibus
1819 3880 2186 3948 cognoscitur,

588 3958 917 4022 utametur;
947 3950 1194 4021 quamvis
1225 3966 1323 4006 nec
1355 3951 1603 4005 humanis
1627 3951 1854 4022 linguis,
1882 3965 1983 4005 nec
2015 3953 2187 4022 Ange-

589 4017 705 4072 licis
732 4017 1036 4076 enarretur.

658 4091 753 4145 δι.
790 4091 1201 4148 lnextimabilem
1242 4092 1477 4161 p0situm
1517 4103 1602 4149 est
1630 4110 1727 4158 pro
1755 4092 2183 4149 inaestimabilem.

587 4158 890 4236 Eauporro,
944 4180 1064 4236 quae
1113 4166 1165 4219 in
1208 4158 1560 4221 annotatione
1609 4165 1892 4233 superiore
1929 4165 2186 4233 diximus,

583 4232 743 4288 facile
767 4232 1058 4292 ostendunt
1083 4237 1248 4292 Deum
1277 4232 1686 4292 inrestintabilem'
1713 4252 1853 4292 esse.
1884 4236 2014 4302 Quis
2043 4232 2185 4291 enim

584 4318 709 4388 eum
743 4309 893 4388 satis
941 4310 1193 4388 aestimet,
1235 4309 1323 4380 qui
1368 4308 1932 4388 incomprehensibilis
1968 4308 2091 4364 est?
2129 4308 2186 4388 S_i

583 4379 915 4458 quis.tame_n
950 4379 1123 4447 aliqua
1142 4379 1465 4458 sanctorum
1500 4381 1717 4458 Patrum
1743 4395 2022 4458 expressa
2037 4379 2189 4458 testi-

584 4448 798 4513 monia,
831 4448 897 4503 ad
922 4454 1244 4505 sententiam
1281 4451 1418 4507 hanc
1451 4448 1876 4507 confirmandam
1896 4493 1911 4518 ,
1943 4450 2126 4507 afferri
2155 4466 2185 4505 a

587 4530 675 4596 me
714 4517 929 4596 cupiat2
961 4537 1028 4596 en
1061 4521 1253 4596 statim
1302 4521 1692 4596 Tertullianum
1739 4517 1904 4596 (cap.
1925 4523 2005 4596 d7
2051 4522 2188 4594 Apo~

583 4586 768 4670 leget.)
805 4607 818 4643 :
855 4608 877 4670 ι
911 4591 1198 4670 Invisibilis
1229 4602 1334 4670 est,
1364 4595 1537 4663 inquit
1578 4593 1698 4670 ille,
1732 4586 1787 4650 et
1817 4586 1862 4648 si
1889 4586 2134 4648 videatur
2167 4611 2179 4646 :

585 4663 1166 4742 incomprehensibilis,
1182 4667 1298 4742 _et_si
1334 4680 1428 4732 per
1449 4663 1699 4742 gratiam
1719 4674 2138 4742 reprtesentetur
2167 4682 2179 4718 :

582 4733 1006 4800 inaestimabilis,
1057 4747 1109 4790 et
1151 4737 1193 4789 si
1243 4733 1492 4791 humanis
1537 4733 1798 4792 sensibus
1837 4737 2179 4791 aestimetur:

583 4799 730 4876 adeo
755 4818 940 4869 verus,
968 4815 1023 4860 et
1053 4814 1231 4862 tantus
1258 4818 1358 4863 est.
1381 4809 1648 4863 Cancrum
1673 4807 1812 4876 quod
1841 4806 2008 4861 videri
2036 4822 2183 4862 cum-

584 4875 842 4956 muniter.
867 4877 1009 4946 quod
1053 4881 1469 4956 comprehendi,
1504 4879 1646 4945 quod
1691 4875 1947 4934 iestimari
1982 4887 2179 4956 potest,

583 4949 763 5022 utinus
793 4957 876 5000 est
922 4958 983 5022 et
1002 4950 1203 5017 oculis,
1236 4953 1428 5022 quibus
1459 4963 1778 5020 occupatur,
1810 4961 1863 5005 et
1896 4949 2179 5022 manibus,

579 5016 776 5087 quibus
811 5021 1098 5076 invenitur.
1133 5016 1286 5090 Quod
1315 5038 1444 5077 vero
1469 5016 1790 5077 immensum
1817 5034 1918 5083 est.
1951 5023 2048 5075 soli
2081 5021 2181 5076 sibi

583 5098 770 5163 notum
808 5101 910 5146 est.
950 5092 1060 5146 lloc
1089 5094 1338 5163 estquod
1371 5096 1536 5148 Deum
1564 5093 1816 5149 aestimari
1859 5092 2020 5154 facit.
2051 5093 2176 5148 dum

582 5161 840 5217 azstimari
899 5177 1006 5218 non
1056 5161 1225 5234 capit.
1275 5165 1351 5220 lta
1398 5181 1521 5218 eum
1569 5168 1647 5218 vis
1692 5164 2078 5234 magnitudinis
2128 5174 2182 5220 et

583 5245 770 5288 notum
818 5235 1124 5306 hominibus
1173 5237 1403 5304 objecit,
1446 5247 1500 5290 et
1541 5236 1800 5306 ignotum.
1849 5237 1913 5292 Et
1954 5236 2070 5291 haec
2097 5247 2180 5291 est

580 5319 789 5360 summa
814 5305 996 5362 delicti
1020 5306 1316 5363 nolentium
1339 5305 1729 5376 recognoscere
1750 5323 1909 5379 quem
1928 5309 2180 5378 ignorare

581 5389 690 5430 non
719 5388 963 5446 possunt.
1002 5399 1023 5432 ι

653 5447 825 5522 Quem
851 5453 997 5506 visus
1021 5461 1100 5505 est
1122 5451 1460 5522 Ambrosius
1474 5449 1627 5522 sequi
1644 5447 1725 5522 7(si
1756 5449 2073 5522 Ambrosius
2096 5461 2180 5506 est

579 5517 650 5585 is,
680 5517 764 5576 eui
798 5521 992 5578 librum
1022 5522 1086 5578 de
1107 5520 1386 5578 Divinitate
1414 5519 1542 5576 Filii
1560 5517 1794 5587 tribuis;
1827 5521 1894 5577 de
1922 5537 2030 5592 quo
2058 5522 2181 5580 vide

654 5641 735 5714 (a)
761 5643 888 5698 Litt.
920 5660 1034 5708 vm,
1062 5660 1116 5699 n.
1167 5646 1221 5712 7,
1273 5641 1541 5714 adjverba
1588 5641 1713 5706 illa,
1743 5641 2042 5715 deprecatus
2073 5656 2189 5695 sum

581 5715 770 5784 {aciem
797 5725 939 5770 tuam
967 5717 1021 5772 in
1048 5727 1156 5771 toto
1182 5715 1338 5770 corde
1367 5733 1501 5780 meo,
1534 5725 1640 5771 etc.

655 5785 733 5858 (bl
759 5785 962 5858 [mter
981 5788 1319 5858 superiorem
1337 5789 1536 5852 locum,
1550 5787 1674 5843 vide
1689 5782 1992 5858 quazrtradit
2013 5783 2184 5858 p.579.

655 5856 728 5924 (ς)
768 5855 832 5911 Et
860 5856 905 5912 si
928 5855 1062 5927 ipsa
1073 5858 1274 5926 paterni
1297 5862 1540 5922 nominis.
1569 5875 1661 5917 per
1688 5855 1827 5928 quod
1855 5855 2187 5926 impauibilis

2291 3313 2486 3368 stantia
2516 3314 2750 3384 perfecta
2780 3308 3026 3367 nativitas
3054 3311 3132 3384 (b)
3179 3331 3198 3364 t
3231 3308 3725 3384 ltnpassibilitatem
3756 3321 3886 3384 sane

2290 3379 2547 3451 expresse
2575 3394 2787 3438 amovet
2831 3401 2860 3437 a
2901 3379 3071 3440 Patre
3090 3379 3141 3439 in
3175 3381 3343 3436 Divini
3373 3380 3495 3436 Filii
3533 3379 3888 3451 genetgtione

2291 3449 2516 3529 inﬁlihro
2543 3456 2616 3529 de
2639 3456 2875 3524 Synodis
2903 3457 3014 3529 (ε).
3053 3456 3109 3509 Et
3147 3455 3270 3529 alibi
3299 3452 3427 3529 (lib.
3464 3467 3517 3506 tv
3558 3451 3630 3529 de
3685 3449 3883 3529 Trinit.

2291 3543 2343 3584 ιι.
2379 3527 2435 3598 6)
2471 3545 2482 3581 :
2517 3545 2536 3580 ι
2574 3522 2753 3594 Novit,
2783 3522 2974 3597 inquit,
3005 3528 3057 3582 in
3089 3525 3282 3592 spiritu
3305 3522 3470 3580 Deum
3493 3522 3744 3593 spiritum
3790 3523 3890 3576 int-

2291 3599 2601 3670 passibilem
2622 3643 2635 3660 .
2663 3611 2718 3655 et
2744 3600 3178 3656 indesecabilem.
3193 3617 3212 3650 ι

2362 3672 2452 3726 57.
2498 3670 2548 3724 ls
2579 3672 2662 3726 cui
2693 3673 2829 3728 tituli
2858 3673 2908 3726 bi
2974 3681 3029 3725 et
3075 3671 3330 3726 attributa
3383 3667 3617 3730 desunt,
3665 3666 3886 3720 ﬁctilius

2289 3753 2370 3797 est
2398 3784 2414 3808 ,
2446 3758 2551 3796 non
2585 3759 2742 3798 verus
2773 3745 2931 3798 Deus.
2975 3743 3099 3798 Hrec
3127 3751 3302 3796 autem
3343 3739 3462 3795 ideo
3488 3752 3751 3807 expresse
3775 3747 3883 3790 tra-

2289 3813 2388 3876 dit,
2421 3824 2477 3866 ut
2503 3825 2653 3884 puto.
2686 3815 2939 3875 Hilarius.
2965 3823 3022 3868 ut
3042 3812 3436 3869 confessionem
3466 3825 3618 3884 suam
3646 3817 3889 3878 opponat

2291 3881 2618 3940 confessioni
2660 3886 2796 3950 Arii,
2829 3887 2919 3952 qtti
2945 3897 3002 3942 ut
3028 3885 3207 3941 fucum
3233 3884 3461 3938 incautis
3484 3881 3688 3936 faceret
3721 3922 3735 3944 ,
3766 3896 3885 3947 pcr-

2293 3955 2554 4011 fectioncs
2577 3999 2590 4021 ,
2623 3969 2677 4011 et
2703 3959 2956 4014 attributa
2990 3957 3082 4014 Dei
3110 3969 3366 4021 expresse
3393 3952 3688 4016 recensuit,
3718 3966 3884 4022 expo-

2290 4029 2524 4094 suitque.
2563 4028 2845 4084 «Novimns
2878 4045 3064 4092 unum,
3098 4027 3272 4080 aiebat
3297 4025 3388 4080 ille
3417 4026 3525 4151 ad),
3551 4025 3722 4078 Deum
3750 4065 3764 4086 ,
3795 4037 3882 4076 so-

2291 4100 2398 4151 lum
2429 4097 2706 4151 infectum.
2736 4101 2910 4151 solum
2933 4102 3336 4151 sempiternum.
3363 4114 3425 4151 so
3452 4112 3540 4150 uin
3562 4096 3684 4149 sine
3709 4095 3882 4151 initio.

2291 4100 2398 4154 lum
2429 4097 2706 4167 infectum,
2736 4101 2910 4155 solum
2933 4102 3336 4171 sempiternum,
3363 4095 3540 4171 solum
3562 4096 3684 4149 sine
3709 4095 3882 4157 initio,

2290 4171 2464 4225 solum
2498 4187 2681 4226 verum
2709 4213 2723 4236 ,
2747 4173 2920 4226 solum
2953 4167 3407 4226 immortalitatem
3440 4167 3733 4222 habentem
3758 4209 3770 4224 .
3804 4181 3884 4221 so-

2293 4241 2404 4296 lum
2430 4247 2714 4312 optimum,
2749 4245 2921 4299 stilum
2953 4252 3251 4315 potentem,
3277 4240 3516 4315 omnium
3543 4237 3916 4315 Creatorem“.

2289 4323 2396 4384 etc.
2431 4332 2449 4366 ι
2471 4310 2686 4384 Ἐιιιιυιε
2738 4310 3575 4384 ratione'Catbolicossugillare
3625 4311 3680 4364 in
3710 4310 3888 4365 animo

2293 4383 2563 4460 habebat;
2600 4381 2818 4460 ’quippe
2842 4386 2933 4460 qui
2965 4387 3074 4460 (eo
3093 4382 3315 4460 judice)
3345 4383 3510 4460 Deum
3543 4381 3598 4436 in
3627 4395 3887 4460 personas

2290 4455 2587 4513 dividentes
2615 4453 2875 4518 {divinas
2899 4453 3258 4528 perfectiones
3297 4453 3706 4528 itnm‘inuerent.
3742 4453 3883 4508 Hila-

2290 4529 2404 4600 rius
2437 4530 2612 4600 itaque
2635 4524 3072 4586 Ortbodox'orum
3099 4542 3314 4600 causam
3341 4524 3741 4600 defendendam
3770 4539 3885 4579 sus-

2290 4599 2494 4673 cipiens
2515 4595 2545 4673 ,ί
2575 4602 2691 4655 haec
2735 4616 2965 4673 quoque
2989 4615 3019 4654 a
3066 4615 3126 4653 se
3155 4598 3364 4654 admitti
3397 4597 3620 4673 fa_te_tu_r,
3655 4595 3883 4673 ideoque

2287 4670 2494 4725 admitti
2525 4671 2718 4727 fatetur
2754 4668 2924 4727 etiam
2952 4671 3007 4727 in
3041 4684 3393 4736 personarum
3425 4668 3696 4724 Trinitate
3725 4668 3882 4722 Deum

2288 4757 2392 4796 non
2431 4743 2625 4811 factum
2649 4786 2662 4806 ,
2704 4742 3292 4810 incomprehenst'bt'lem,
3328 4753 3434 4797 etc.

2361 4813 2450 4869 38.
2480 4815 2782 4884 Alitiuando
2809 4815 3048 4884 dubitavi
3073 4856 3087 4878 ,
3123 4829 3246 4867 num
3273 4813 3434 4884 verba
3465 4811 3561 4884 ista
3586 4852 3602 4873 ,
3635 4811 3724 4884 qui
3747 4825 3886 4884 quae

2289 4883 2410 4968 dant
2431 4878 2768 4968 generaverit,
2806 4878 3122 4968 obscuriore
3151 4883 3383 4952 quadam
3414 4883 3625 4964 ratione
3649 4878 3880 4964 divinam

2290 4954 2450 5011 Verbi
2478 4959 2882 5027 generationem
2915 4959 3237 5020 innuerent;
3279 4971 3401 5011 cum
3431 4956 3575 5009 enim
3607 4954 3882 5027 superiora

2287 5029 2452 5082 verba
2485 5024 2651 5084 iacile
2691 5028 2883 5084 referri
2914 5028 3122 5098 possint
3165 5028 3230 5081 ad
3266 5028 3479 5098 Patrem
3508 5067 3522 5088 ,
3567 5024 3884 5098 suspicabar

2289 5114 2356 5153 ne
2381 5099 2545 5172 (quod
2571 5100 2680 5172 jam
2713 5099 2847 5172 dixi)
2870 5094 3048 5155 divina
3077 5100 3352 5172 generatio
3375 5097 3459 5152 his
3487 5097 3716 5152 vocibus
3745 5094 3881 5172 indi-

2287 5166 2520 5226 careiur.
2569 5166 2674 5228 Sed
2724 5166 2985 5240 deinceps
3025 5166 3385 5237 suspicionem
3435 5181 3656 5223 omnem
3685 5166 3878 5222 amovi.

2287 5240 2418 5310 Quis
2449 5244 2590 5297 enim
2620 5252 2767 5313 putet
2793 5284 2808 5308 ,
2839 5243 3170 5313 unigenitum
3201 5241 3296 5313 Dei
3331 5241 3496 5295 lilium
3522 5255 3735 5313 ,_qttem
3767 5248 3880 5313 tam

2285 5313 2480 5368 crebro
2509 5357 2522 5378 ,
2555 5311 2660 5369 tam
2697 5311 2975 5382 perspicue
3002 5329 3032 5367 a
3055 5311 3316 5369 creaturis
3344 5311 3583 5368 secernit
3613 5311 3845 5382 Hilarius
3864 5352 3877 5375 ,

2285 5386 2558 5441 communi
2591 5387 2677 5441 illa
2698 5381 2834 5440 voce
2851 5388 3087 5455 quadam
3111 5383 3295 5449 fuisse,
3317 5384 3658 5454 designatum
3675 5381 3878 5455 ?_Arbi-

2284 5463 2402 5528 tror
2454 5457 2634 5528 itaque
2681 5457 2838 5527 Iunge
2861 5453 3160 5513 consultius
3182 5471 3304 5510 esse
3325 5498 3340 5521 ,
3385 5453 3457 5528 ut
3479 5453 3880 5528 generationem

2285 5527 2459 5595 illam,
2489 5524 2642 5600 cujus
2672 5529 2758 5584 hic
2777 5524 3024 5586 'llllarius
3053 5528 3329 5592 meminit,
3362 5527 3427 5581 ad
3460 5524 3552 5581 cas
3583 5524 3881 5580 referamus

2295 5646 2443 5716 origo
2472 5646 2748 5712 nascentia.
2777 5655 2912 5712 etc.,
2937 5661 2992 5701 η.
3024 5643 3115 5700 ει.

2359 5714 2622 5804 (ξλΑριιιι
2653 5717 2824 5804 Hilar.
2857 5717 2948 5774 lib.
2999 5732 3054 5774 tv
3109 5717 3176 5774 de
3214 5714 3402 5774 Triait.
3429 5731 3488 5773 n.
3515 5714 3604 5783 12,
3627 5723 3684 5774 et
3709 5714 3799 5773 lib.
3833 5724 3881 5768 γι

2290 5788 2356 5845 de
2371 5787 2566 5847 Trinit.
2594 5807 2649 5846 n.
2682 5789 2740 5847 5.
