4062 6332
187 291 292 350 769

896 291 965 350 1N
1003 289 1264 350 HlLARll
1303 291 1694 352 EPISTOLAM
1733 243 2254 353 SEU‘LIBELLUM
2293 293 2841 355 ANNOTATIONES.

3378 296 3483 354 770

188 415 467 460 creaturas
495 447 509 470 ,
557 419 691 479 quas
733 404 1081 479 intelligentia
1121 407 1528 479 etiamgornatas
1571 408 1781 462 voluit:
1811 414 1865 474 Α
1892 407 2035 463 Deus
2062 451 2076 474 ,
2104 407 2402 479 quamlibet
2429 410 2731 476 portionem
2778 406 2957 464 Mundi
2987 422 3175 466 carere
3213 408 3484 477 aliquibus

190 479 540 548 intelligentia
567 478 710 533 enim
742 478 852 532 Deo
879 479 1084 533 similes
1111 521 1124 542 ,
1163 478 1333 548 gratia
1365 479 1550 533 divime
1589 489 1786 534 natura:

187 551 424 621 quodam
461 549 623 604 modo
653 559 912 604 consortes
939 550 1064 603 facit
1111 550 1175 620 (ll
1201 548 1343 604 Petri
1364 566 1402 615 ι,
1436 553 1490 618 4)
1518 592 1533 615 ,
1561 559 1613 603 ct
1647 553 1786 605 lilio-

186 637 308 677 rum
327 621 417 675 Dei
450 621 606 676 titulo
657 637 720 676 ac
750 621 1012 692 dignitate
1044 623 1313 676 honestat.
1337 622 1478 678 Sane
1501 623 1661 677 verba
1694 623 1786 677 illa

186 692 441 818 λοιβῇ).
464 706 691 758 xxxvm,
711 709 838 748 vers.
859 694 914 761 '7)
948 710 960 746 :
987 708 1168 747 cum...
1193 694 1481 766 jubilarent
1501 710 1672 747 onmes
1691 693 1788 762 ﬁlii

188 763 326 818 Dei.
406 781 436 818 e
465 763 689 818 Angelis
719 763 966 818 pleriaue
995 765 1302 818 intelligunt
1327 807 1341 818 .
1388 777 1608 818 oronter
1636 781 1788 818 egre-

188 763 326 828 Dei,
366 763 436 820 de
465 763 689 836 Angelis
719 763 966 835 plerique
995 763 1302 835 intelligunt
1327 807 1341 829 ,
1388 777 1608 836 propter
1636 781 1790 836 egre-

229 837 333 891 iam
360 850 550 892 eorum
583 835 1016 908 intelligentiam,
1047 847 1101 891 et
1127 835 1397 908 gratiam.
1422 835 1606 904 Quid?
1643 835 1787 908 quod

187 852 333 963 fiam
360 852 550 892 eorum
583 852 1016 908 lnlelllgeﬂllam,
1047 852 1101 891 ει
1127 852 1374 907 gratiam.
1422 852 1560 904 υιιιιι
1583 852 1606 889 ἵ
1643 852 1787 908 quoa

211 907 426 980 lilarius
476 908 593 980 ipse
636 908 757 962 htec
799 908 958 980 tradit
985 909 1105 979 (a):
1159 927 1176 960 ι
1207 907 1312 965 Sed
1343 923 1478 980 cum
1513 908 1788 980 regionem

187 979 486 1052 cognitioni
514 995 666 1044 sine,
720 981 810 1050 qui
839 979 1084 1052 inﬁnitus
1105 989 1230 1046 est,
1272 979 1602 1052 collocaret;
1648 980 1788 1037 caelo

189 1051 472 1121 superiore
498 1059 660 1122 atque
689 1053 864 1118 primo
891 1093 906 1114 ,
950 1051 1251 1121 eodemque
1287 1052 1339 1105 in
1365 1051 1499 1120 orbe
1523 1051 1789 1109 collocato

191 1127 483 1178 terminum
516 1125 804 1194 quemdam
836 1124 1128 1177 virtutibus
1153 1164 1167 1189 ,
1206 1139 1327 1193 qum
1360 1123 1543 1194 prima:
1590 1123 1656 1178 ad
1697 1139 1788 1178 co-

186 1192 560 1266 guoscendum
607 1209 667 1249 se
721 1195 1112 1265 gignerentur,
1160 1192 1394 1266 inclusit.
1428 1192 1612 1264 Neque
1642 1196 1786 1250 enim

186 1265 462 1339 gignenda:
477 1267 782 1322 creationes
799 1267 1051 1322 virtutem
1071 1265 1506 1339 inconSpicabiiis
1527 1266 1618 1321 Dei
1647 1266 1788 1322 ferre

193 1337 518 1407 potuissent,
549 1339 650 1392 nisi
681 1349 885 1392 natura:
915 1339 1314 1407 temperatioris
1359 1337 1573 1408 objectu
1603 1339 1786 1392 sedem

191 1409 332 1466 hanc
362 1411 656 1465 tiioderatte
695 1409 759 1464 ad
792 1411 1157 1464 inlirmitatem
1191 1409 1538 1464 habitationis
1585 1409 1788 1464 incole-

189 1491 332 1537 rent.
363 1500 382 1534 ι
420 1482 560 1538 Alibi
593 1489 772 1537 tamen
807 1493 1012 1545 monet,
1040 1496 1136 1536 eos
1169 1482 1312 1550 ipsos
1335 1522 1347 1540 .
1379 1495 1512 1550 quos
1543 1490 1598 1535 et
1625 1481 1784 1548 ﬁlios,

189 1564 245 1607 et
275 1554 473 1625 genitos
501 1553 605 1607 dici
640 1567 796 1622 posse
829 1553 1027 1625 fatetur
1051 1595 1067 1619 ,
1101 1568 1218 1606 cum
1249 1552 1577 1625 praprietatis
1606 1561 1785 1608 tamen

188 1623 573 1698 signiﬁcatione
601 1626 826 1698 minime
850 1623 1154 1698 dicignaru
1183 1626 1226 1698 si
1252 1623 1470 1694 proprie
1503 1623 1660 1698 loqui
1688 1639 1785 1679 vo-

192 1695 396 1763 lu'mus,
430 1714 528 1750 nos
561 1711 656 1766 per
685 1696 911 1766 gratiam
946 1696 1036 1751 lilii
1065 1695 1353 1761 efficimur,
1388 1710 1490 1748 non
1516 1695 1788 1750 nascimur

193 1768 288 1822 lilii
313 1785 328 1834 ;
362 1770 589 1840 ideoque
606 1767 900 1840 adeptione,
925 1767 1258 1840 etgelectione,
1285 1782 1388 1840 non
1411 1768 1783 1838 generatione,

191 1844 439 1910 rigorose
469 1837 783 1906 semch
815 1838 1029 1910 proprie
1059 1849 1278 1908 accepta
1313 1837 1412 1910 (ὸ).

265 1911 325 1967 In
370 1926 438 1966 eo
469 1911 648 1981 itaque
675 1927 835 1966 sensu
868 1909 965 1982 nos
1001 1926 1030 1964 a
1062 1909 1170 1963 Dco
1200 1909 1398 1982 genitos
1425 1911 1605 1967 dicere
1637 1911 1786 1966 llila-

193 1983 312 2040 rius
345 1984 515 2050 potuit
536 2024 551 2048 ,
598 1997 703 2053 quo
727 1997 890 2038 sensu
920 1981 1010 2034 Dei
1035 1981 1314 2051 genus'nos
1343 1983 1600 2052 appellari
1627 1983 1788 2040 docet

194 2055 435 2137 Paulus;
465 2055 662 2137 quippe
692 2053 882 2137 biecit)
903 2053 1189 2137 Areopago
1211 2053 1527 2137 concionem
1558 2055 1782 2120 habens,

191 2126 406 2183 dixerat
435 2123 571 2196 (Αειῖ
601 2141 733 2191 xm,
759 2126 830 2181 28
849 2123 906 2198 ):
941 2123 1171 2198 «Inipso
1201 2127 1334 2178 enim
1357 2128 1591 2198 vivimus,
1617 2143 1790 2181 move-

195 2214 314 2252 mur
335 2241 348 2263 ,
387 2209 435 2253 et
462 2213 675 2252 sumus:
727 2197 856 2252 sicut
877 2206 922 2251 et
951 2197 1158 2259 quidam
1183 2207 1468 2253 uestrorum
1509 2197 1787 2253 Poetarum

193 2269 469 2325 dixerunt:
522 2269 692 2340 ipsius
731 2274 874 2322 enim
916 2277 972 2324 et
1016 2284 1185 2340 genus
1233 2283 1440 2325 sumus.
1493 2288 1510 2322 ι
1550 2270 1621 2324 Ea
1668 2286 1787 2339 quae

194 2340 577 2396 dissertatione
624 2356 681 2395 ιιι
736 2343 954 2409 copiose
1011 2341 1273 2407 dicemus,
1324 2343 1391 2395 ad
1423 2341 1564 2396 lnmc
1611 2341 1787 2397 locum

194 2413 581 2469 illustrandum
612 2413 789 2468 alfcrri
823 2412 1105 2467 commode
1137 2422 1406 2482 poterunt.
1498 2471 1500 2473 ,

271 2486 362 2542 '59.
416 2485 590 2540 Locus
619 2483 706 2539 hic
731 2484 893 2554 paulo
925 2485 1205 2539 obscurior
1233 2499 1356 2540 esse
1378 2484 1606 2540 videtur.
1657 2484 1790 2540 Sus-

197 2561 556 2631 picatussum
585 2555 908 2631 aliquando,
958 2556 1301 2631 amanuensis
1329 2555 1543 2631 licentia
1577 2557 1679 2631 legi
1707 2573 1793 2611 or—

196 2626 488 2689 dinauerit.
540 2627 896 2688 exornaverit,
947 2641 1068 2680 cum
1138 2626 1367 2682 fortasse
1421 2629 1472 2682 in
1534 2626 1792 2693 pritnzevo

195 2700 494 2772 exemplari
522 2699 793 2770 legeretur
820 2740 834 2761 ,
858 2701 1176 2753 exornaverit
1203 2739 1216 2764 ,
1254 2698 1563 2772 ordinauerit
1589 2715 1617 2772 :g
1637 2699 1794 2754 Ordi-

199 2770 434 2834 navcrit,
465 2771 707 2841 inquam.
743 2771 1009 2841 optimum,
1026 2772 1228 2843 justum
1250 2771 1498 2843 mmdare
1518 2770 1745 2843 judicent
1775 2786 1793 2824 :

200 2847 254 2900 id
280 2851 367 2900 est
394 2843 735 2899 constituerit
759 2841 1045 2913 optimum,
1077 2853 1125 2896 et
1153 2843 1355 2911 justum
1378 2841 1616 2910 judicem
1647 2858 1794 2897 man-

198 2918 374 2984 dare,
421 2931 514 2971 seu
566 2917 834 2984 imperare
859 2955 875 2981 ,
916 2913 1253 2984 etjndicium
1279 2914 1481 2978 justum
1514 2928 1790 2970 exrrcere.

201 2991 468 3057 DeinCPps
511 2995 691 3042 tamen
725 2985 988 3057 adverti,
1034 2985 1134 3056 legi
1169 2984 1344 3057 adhuc
1374 3000 1566 3055 posse,
1615 2989 1687 3039 uti
1740 2986 1792 3040 in

200 3071 392 3115 nostro
411 3056 605 3113 codice
631 3056 826 3129 legitur
847 3099 862 3129 ,
893 3056 944 3111 id
973 3065 1058 3112 est
1086 3056 1418 3122 ordinauerit,
1450 3058 1792 3112 exornaverit.

203 3131 408 3189 Recole
438 3129 544 3194 hic,
577 3127 718 3201 quod
747 3127 905 3198 paulo
930 3135 1056 3183 ante
1087 3129 1318 3201 positum
1350 3129 1551 3183 fuerat:
1593 3129 1791 3184 «Deum

1817 1807 1864 1867 B

1890 479 2080 543 voluit,
2114 480 2329 552 quzc_ab
2350 480 2471 536 aliis
2501 490 2771 551 repeteret
2795 482 3127 552 regionibus,
3155 492 3210 536 ut
3235 481 3483 540 homines

1890 552 2092 605 mutuis
2115 549 2175 606 se
2202 549 2394 607 ofliciis
2421 549 2760 622 adjuvarent.

1959 623 2239 676 Urdittnvit
2282 632 2460 678 autem
2507 624 2849 695 (Augustino
2886 623 3104 695 judice)
3159 624 3484 693 privationes

1888 695 2050 748 etiam
2078 736 2092 758 ,
2126 705 2180 749 et
2209 703 2459 766 peccata.
2505 695 2704 752 Recole
2731 713 2852 766 qua:
2882 695 3232 752 adnotatione
3263 701 3325 754 l0
3344 697 3483 754 dixi-

1891 781 2011 820 mus
2035 782 2050 832 ;
2080 765 2278 836 quibus
2309 781 2370 837 ea
2399 765 2560 837 adde,
2587 783 2706 836 quae
2732 765 2874 824 idem
2899 767 3234 837 Augustinus
3258 771 3307 824 in
3335 769 3488 826 Psal-

1890 852 2038 892 mum
2067 835 2121 892 Li
2148 837 2166 909 (
2189 835 2342 911 n._i$
2373 855 2386 891 :
2412 835 2495 911 Ne
2523 835 2712 911 putetis
2732 841 2890 911 gratis
2939 835 3048 895 esse
3097 839 3262 894 malos
3310 841 3362 895 in
3390 842 3486 897 hoc

1888 912 2109 974 mundo,
2141 908 2274 980 etc.)
2303 908 2669 977 docuit/Qua:
2692 908 2909 978 quidem
2946 911 3127 967 omnia
3153 912 3486 973 experientia

1892 981 2165 1055 nituntur,
2194 990 2248 1034 et
2277 990 2490 1036 vetusto
2522 981 2614 1037 illo
2642 981 2950 1038 Salomonis
2972 982 3133 1039 elfato
3165 981 3344 1055 (Prov.
3367 1001 3480 1052 xvt,

1890 1050 1947 1125 tl)
1975 1051 2279 1125 :Universa
2307 1061 2520 1125 promer
2550 1055 2876 1125 semetipsum
2918 1050 3274 1125 aperatus'est
3319 1050 3488 1111 Deus:

1890 1124 2104 1194 impium
2116 1124 2315 1195 quoque
2335 1125 2404 1178 ad
2423 1125 2558 1179 diem
2579 1124 2798 1180 malum.
2825 1124 2959 1182 Dum
2977 1143 3137 1191 porro
3157 1137 3487 1196 peccatores,

1891 1209 2189 1269 eorumque
2215 1210 2433 1269 errores
2459 1211 2490 1251 a
2519 1196 2630 1252 Deo
2656 1197 2897 1253 ordinari
2927 1197 3139 1253 affirmo
3164 1240 3178 1262 ,
3213 1199 3490 1269 :egritudi-

1892 1281 2013 1333 nes,
2048 1268 2302 1340 morbos,
2354 1268 2568 1338 aliaque
2597 1270 2756 1336 hujus
2785 1270 3000 1338 generis
3032 1270 3238 1340 peccati
3268 1268 3485 1339 quidem

1892 1353 2081 1413 pinnas
2105 1380 2119 1400 ,
2153 1339 2249 1394 sed
2296 1348 2477 1413 tamen
2506 1342 2683 1395 meriti
2723 1342 2890 1396 nostri
2923 1342 3237 1396 occasiones
3263 1382 3278 1407 ,
3326 1353 3487 1413 atque

1893 1409 2241 1466 incitamenta
2270 1409 2336 1464 ad
2371 1411 2708 1479 patientiam,
2743 1414 2980 1467 ordinari
3007 1413 3171 1469 etiam
3201 1413 3308 1468 aio.

1961 1479 2054 1536 40.
2090 1482 2378 1536 Exornavit
2403 1497 2564 1552 porro
2595 1484 2733 1538 Dens
2765 1501 2869 1538 non
2905 1499 3068 1552 pauca
3118 1485 3170 1538 in
3206 1485 3305 1539 hoc
3331 1501 3488 1540 mun-

1889 1551 2000 1627 do,
2034 1561 2341 1627 _a_ttestant_e
2396 1551 2447 1627 id
2495 1555 2828 1627 experientia
2887 1551 2942 1610 et
2989 1556 3265 1627 Scriptura
3310 1557 3491 1612 verbis

1892 1624 1996 1678 illis
2024 1622 2176 1698 (Gen.
2208 1639 2268 1688 tt,
2299 1623 2352 1696 1)
2375 1643 2389 1680 :
2424 1624 2528 1698 lgit
2568 1622 2593 1679 ι’
2621 1629 2832 1698 perfecti
2860 1637 2978 1680 sunt
3005 1622 3150 1690 coeli,
3176 1636 3222 1682 et
3248 1637 3381 1682 terra
3401 1670 3416 1695 ,
3441 1637 3492 1684 et

1891 1697 2056 1750 omnis
2097 1704 2312 1751 ornatus
2359 1697 2554 1751 eorum.
2607 1704 2781 1768 Atque
2809 1715 2838 1753 a
2867 1700 3127 1754 etelornm
3158 1699 3375 1770 quidem
3404 1715 3490 1755 or-

1894 1779 2043 1840 natu,
2074 1781 2262 1822 eorum
2293 1781 2569 1824 anetorem
2600 1772 2942 1824 innote~cere
2966 1769 3124 1825 facile
3150 1769 3339 1840 posse.
3373 1787 3487 1825 ma-

1891 1837 2088 1892 nifesto
2139 1848 2349 1915 constat
2396 1855 2461 1915 e_x
2489 1841 2616 1915 illis
2662 1840 3008 1914 verbis(Ps.
3058 1837 3207 1904 xvtit.
3240 1841 3330 1915 l):
3363 1842 3491 1897 (λαἸὶ

1886 1920 2133 1987 e_nurrant
2154 1910 2380 1987 gloriam
2402 1909 2519 1974 Dei,
2549 1921 2594 1967 et
2627 1928 2781 1981 opera
2803 1909 3046 1987 manuum
3073 1916 3184 1987 ejus
3223 1909 3492 1969 annuntiat

1890 1981 2289 2049 ﬁrmamentum.
2325 1981 2478 2039 Sicut
2515 1992 2693 2038 autem
2723 1985 2984 2040 caelorum
3021 1981 3338 2040 ornamenta
3363 1989 3490 2042 stel-

1893 2053 1959 2108 la:
1999 2063 2126 2108 sunt
2148 2096 2161 2119 ,
2198 2054 2271 2109 ita
2304 2066 2459 2110 terrm
2490 2066 2806 2111 ornamenta
2837 2054 3059 2112 frutices
3083 2097 3099 2122 ,
3141 2057 3396 2122 arbores,
3439 2067 3494 2115 et

1892 2125 2076 2180 herba:
2104 2134 2266 2192 sunt,
2329 2141 2557 2196 quorum
2603 2129 2844 2182 omnium
2889 2127 3172 2185 innumera
3200 2169 3214 2195 ,
3253 2145 3316 2183 ac
3347 2130 3492 2184 varia

1890 2210 2085 2266 genera
2123 2197 2287 2251 Deum
2319 2199 2746 2263 omnipotentem
2771 2200 2981 2254 illorum
3005 2209 3278 2257 auctorem
3303 2213 3490 2257 osteuo

1890 2265 2021 2343 d_unt
2053 2267 2072 2340 (
2103 2268 2233 2336 Sap.
2270 2284 2371 2323 xm
2400 2310 2413 2333 ,
2443 2269 2518 2342 5)
2545 2312 2560 2335 ,
2593 2270 2731 2326 adeo
2760 2279 2820 2326 ut
2848 2270 3214 2343 inexcusabiles
3251 2273 3374 2338 sint,
3406 2273 3494 2343 qui

1894 2336 2071 2414 licunt
2104 2351 2436 2414 agnuscentes
2469 2336 2631 2414 [non
2672 2343 2818 2414 sicut
2849 2342 3015 2398 Deum
3058 2336 3491 2414 gloriﬁcaverunt.

1891 2409 2069 2537 tritam.
2111 2409 2153 2475 ιζ
2183 2412 2270 2480 19,
2298 2412 2389 2479 20,
2415 2416 2560 2483 etc.);
2582 2413 2719 2470 Vide
2749 2431 2868 2486 qute
2915 2416 2983 2471 de
3015 2409 3115 2468 hoc
3170 2409 3494 2486 argumento

1943 2482 2156 2537 heolotti
2201 2484 2497 2537 disuutant.
2549 2500 2611 2537 ae
2655 2488 2952 2537 orzesertim
3001 2485 3273 2537 Petavius.
3306 2498 3451 2537 tomn
3477 2504 3494 2537 ι

1943 2482 2156 2554 heologi
2201 2482 2611 2551 diSputant,’ac
2655 2482 2952 2554 praesertim
3001 2482 3273 2549 Petavius,
3306 2498 3494 2543 tomot

1893 2553 2204 2627 Theologic.
2236 2555 2472 2627 dogmat.
2505 2572 2622 2627 cap.
2654 2553 2703 2611 1.
2735 2557 2895 2614 Nefas
2925 2573 3087 2625 porro
3113 2561 3218 2618 sit.
3247 2559 3375 2614 dum
3406 2560 3498 2614 lli-

1895 2626 2086 2700 larium
2125 2626 2339 2700 illustri!
2367 2669 2380 2693 τ
2429 2626 2607 2700 alium
2641 2629 2880 2698 ejusdem
2930 2629 3116 2684 llilarii
3149 2630 3495 2700 prolixiorem

1895 2699 2073 2753 locum
2103 2714 2208 2775 non
2240 2698 2510 2775 adducere
2536 2719 2548 2752 :
2572 2699 2923 2775 ﬂauescilicet
2949 2699 3078 2756 alibi
3107 2698 3270 2775 tradit
3296 2701 3374 2775 (in
3400 2701 3494 2758 Ps.

1894 2785 2046 2834 Lxut,
2072 2785 2124 2843 ιι.
2155 2770 2207 2836 6,
2241 2787 2361 2843 pag.
2398 2771 2503 2843 197
2521 2772 2654 2843 tomi
2681 2770 2722 2842 ι)
2749 2790 2795 2827 τι
2821 2773 3087 2828 Docemur
3115 2774 3278 2828 etiam
3305 2770 3499 2830 conse-

1896 2841 2189 2916 quentibus
2219 2841 2440 2916 monitis
2466 2842 2534 2897 ad
2561 2843 2809 2916 ordinem
2837 2843 3173 2916 obsequelte,
3201 2843 3494 2916 Propheta.

1897 2915 1982 2984 vel
2011 2911 2211 2984 Spiritu
2265 2929 2360 2982 per
2406 2914 2734 2983 Prophetam
2789 2914 2860 2970 ita
2907 2911 3276 2971 admonente:
3309 2911 3500 2971 'Dict'te

1900 2981 2006 3037 Deo
2033 2981 2250 3049 {Quam
2268 2981 2531 3039 terribilia
2547 2997 2666 3040 sunt
2690 3003 2844 3054 opera
2881 2986 3010 3039 tua!
3050 2987 3182 3054 Quis
3215 2988 3360 3043 enim
3390 3002 3496 3041 non

1899 3054 2129 3128 trepidet
2157 3055 2222 3109 ad
2255 3055 2584 3128 Maiestatem
2617 3058 2734 3125 ejus
2755 3099 2769 3123 ,
2803 3063 2892 3128 qui
2922 3061 3118 3112 saecula
3160 3057 3496 3128 instituerit,

1899 3126 2156 3180 lllllﬂdllm
2180 3125 2502 3195 condiderit,
2536 3129 2777 3197 tempora
2807 3125 3088 3185 revolubili
3120 3127 3501 3186 vicissitudine

202 3218 332 3260 vera
365 3201 497 3256 fides
525 3195 611 3256 ita'
640 3195 859 3270 semper
893 3203 1164 3268 exposuit.
1217 3200 1332 3256 Non
1366 3207 1547 3254 uatum
1572 3242 1586 3266 ,
1629 3213 1736 3255 etc.
1770 3219 1788 3252 ι
1823 3195 1870 3259 C
1901 3212 2166 3268 cursuque
2196 3200 2474 3270 dimensus
2504 3201 2593 3256 sit.
2628 3195 2825 3256 coelum
2857 3199 3020 3255 astris
3041 3202 3356 3266 ornaverit,
3385 3211 3499 3256 ter-

201 3275 344 3330 Tum
402 3287 563 3343 porro
609 3286 828 3327 sensum
881 3273 1022 3327 hunc
1073 3271 1272 3327 habent
1315 3273 1542 3342 allegata
1592 3273 1794 3327 verba:

210 3346 384 3403 «Vera
418 3345 550 3400 lides
581 3345 653 3399 ita
678 3358 892 3412 semper
918 3346 1185 3412 exposuit,
1219 3353 1274 3398 ut
1305 3358 1660 3414 agnoscamus
1692 3359 1798 3398 non

204 3428 393 3475 natum
430 3457 440 3468 .
469 3457 484 3471 .
513 3457 525 3470 .
554 3457 568 3471 .
597 3431 828 3486 eumque
857 3415 1113 3486 optimum
1143 3415 1347 3486 justum
1378 3416 1632 3471 mandare
1655 3415 1799 3486 judi-

202 3506 348 3547 cem.
377 3507 396 3542 θ
1394 3511 1399 3516 ·

277 3560 433 3630 Quod
465 3559 510 3614 si
551 3573 783 3630 qnzeras,
815 3572 1065 3628 quasnam
1107 3559 1296 3615 fecerit
1330 3559 1508 3622 Deus,
1554 3574 1801 3630 quautam

204 3633 556 3702 diSpOsuerit,
572 3647 817 3702 quamam
835 3631 1163 3686 ordinaverit
1182 3673 1196 3698 ,
1223 3647 1470 3702 qna-nam
1496 3647 1625 3686 vero
1646 3645 1804 3686 exor-

211 3703 426 3762 naverit
454 3719 469 3768 ;
502 3703 620 3769 aio,
653 3712 871 3775 naturas
903 3719 1091 3759 omnes
1112 3743 1126 3767 ,
1154 3718 1456 3775 earumque
1481 3718 1675 3775 genera
1704 3744 1720 3767 ,
1750 3712 1801 3758 el

209 3777 427 3847 species
449 3777 537 3847 Aab
561 3773 713 3847 initio
745 3790 771 3826 τι
805 3774 917 3829 Deo
962 3775 1127 3830 fuisse
1173 3776 1377 3847 factas:
1433 3773 1500 3828 In
1549 3775 1805 3843 principio

208 3845 405 3904 creavit
435 3845 574 3901 Dens
601 3846 818 3912 caelum,
849 3856 899 3900 et
926 3859 1134 3910 terram,
1159 3855 1266 3901 etc.
1318 3846 1502 3917 Neque
1529 3861 1658 3901 vero
1685 3860 1805 3900 cor-

211 3921 419 3992 poralia
446 3916 846 3992 tantummodo
891 3917 1134 3992 condidit
1187 3918 1364 3992 Deus,
1412 3916 1597 3992 verum
1643 3917 1804 3992 etiam

207 3989 533 4061 spiritualia.
587 3989 722 4044 Vide
747 4004 866 4061 qua:
898 3989 1216 4044 tradidimus
1267 3989 1614 4044 adnotatione
1648 3989 1720 4061 l0_
1752 3998 1807 4061 et

211 4059 304 4119 1⁷8.
353 4062 626 4132 Disposuit
682 4060 876 4127 solem,
929 4071 985 4117 et
1038 4061 1242 4125 iuriam,
1288 4059 1808 4126 etstcllas,utdivi—

207 4134 340 4190 dant
369 4135 501 4188 diem
523 4175 537 4200 ,
573 4150 632 4186 ac
654 4142 880 4197 noctem,
913 4142 960 4188 et
983 4135 1084 4187 sint
1105 4134 1157 4186 in
1181 4133 1325 4203 signa
1343 4173 1358 4197 ,
1385 4140 1445 4185 et
1474 4140 1808 4204 tempora,7el

207 4207 326 4262 dies
348 4248 363 4272 ,
394 4215 439 4260 et
466 4219 663 4259 annos:
686 4216 742 4258 ut
768 4204 965 4258 luceant
988 4205 1041 4258 in
1073 4204 1396 4274 firmamento
1425 4203 1539 4258 caeli
1557 4203 1584 4264 ,⁷
1605 4213 1651 4258 et
1688 4203 1810 4256 illu-

207 4280 408 4332 minent
446 4288 632 4332 terram
662 4275 816 4349 (Gen.
852 4293 889 4344 ι,
919 4277 1021 4342 14;
1050 4286 1096 4330 et
1124 4274 1215 4349 Ps.
1238 4291 1464 4349 cxxxv,
1487 4277 1541 4341 7,
1583 4275 1616 4330 8
1646 4284 1692 4328 et
1727 4275 1805 4345 9).

214 4351 494 4420 Disposuit
542 4347 769 4416 proinde
809 4355 1113 4416 temporum
1169 4347 1571 4420 vicissitudines
1622 4361 1811 4401 omnes

211 4432 266 4477 et
299 4419 600 4476 intervalla.
631 4420 735 4475 Res
757 4435 974 4490 quoque
1001 4420 1148 4490 ipsas
1173 4419 1470 4490 disposuit:
1492 4433 1641 4473 raras
1664 4433 1808 4473 enim

213 4493 417 4561 ubique
444 4492 627 4547 obvias
671 4492 952 4546 invenies:
999 4489 1092 4545 sed
1134 4499 1326 4546 cuncta
1374 4489 1487 4546 fere
1519 4490 1651 4545 locis
1697 4491 1812 4561 suis

213 4564 585 4635 disposuit,”
611 4562 833 4633 aptavit.
882 4561 1149 4635 Nonnulla
1175 4579 1241 4635 eo
1267 4561 1336 4617 de
1366 4571 1687 4635 argumento
1717 4560 1812 4615 ha-

214 4631 473 4692 bet’liber
501 4633 605 4690 Job
648 4631 814 4705 (cap.
843 4649 1052 4689 xxxutt
1075 4676 1090 4698 ,
1122 4631 1178 4698 4,
1211 4634 1264 4705 _5,
1297 4631 1462 4704 etc.)',
1493 4648 1651 4705 quem
1679 4647 1811 4688 con-

214 4710 368 4762 sulas
396 4715 523 4779 opto
546 4748 561 4770 ,
594 4703 1017 4776 et'apertissime
1043 4705 1178 4760 liber
1207 4703 1555 4779 Sapientiae]
1581 4721 1696 4779 cap.
1729 4721 1803 4768 ιιι,

214 4779 313 4848 ﬁl)
341 4798 354 4834 :
381 4775 567 4832 omnia
594 4779 649 4832 in
671 4775 927 4840 mensura,
952 4787 997 4831 et
1023 4793 1232 4832 numero
1249 4819 1264 4843 ,
1285 4775 1352 4832 ct
1377 4775 1603 4848 pondere
1633 4776 1810 4848 dispo-

215 4847 386 4906 suisti.
438 4848 507 4905 Et
553 4850 693 4904 inter
739 4849 994 4919 profanos
1047 4858 1297 4904 auctores
1343 4847 1631 4919 Virgilius:
1689 4847 1812 4903 Non

218 4923 388 4976 omnis
405 4921 504 4991 fert
525 4921 697 4976 omnia
725 4922 896 4976 tellus.
929 4921 1040 4978 Cur
1068 4921 1239 4977 vero?
1269 4921 1415 4992 quia,
1450 4919 1527 4975 uti
1556 4921 1810 4992 diximus,

219 5005 418 5051 cuncta
446 4994 501 5047 in
529 5007 767 5049 mensura
788 5034 805 5060 ,
844 5003 892 5048 et
929 5009 1140 5048 numero
1159 5035 1174 5062 ,
1205 5003 1252 5046 et
1286 4991 1512 5062 pondere
1539 4991 1815 5063 disponens

293 5177 376 5256 (ar)
404 5179 460 5256 l_n
490 5188 703 5256 tractat.
731 5179 784 5256 in
821 5177 966 5256 Psal,
1001 5193 1195 5246 cxxxv,
1226 5194 1281 5234 ιι.
1309 5177 1374 5246 8,
1403 5176 1470 5234 ad
1504 5176 1664 5234 verba
1692 5176 1823 5233 illa:

219 5251 451 5326 quifijcit
479 5252 711 5326 ctelos‘in
740 5251 1025 5326 intellectu.

300 5321 382 5398 (b)_
428 5341 447 5375 ι
478 5322 592 5398 Nisi
629 5322 765 5398 forte
794 5323 847 5378 in
879 5337 944 5398 eo
969 5321 1111 5394 quod
1133 5321 1217 5398 ait
1241 5319 1826 5398 {Filiusprimogenitus

224 5392 338 5471 ejus
358 5392 548 5471 Israel,
575 5395 858 5471 quisquam
877 5392 1147 5471 hocquod
1178 5394 1541 5471 primogenitus
1575 5409 1714 5471 meus
1742 5393 1828 5471 di-

227 5464 327 5534 xit,
357 5466 426 5521 ad
456 5466 843 5522 detrahendam
874 5465 1010 5520 Filio
1030 5464 1418 5535 proprietatem
1461 5464 1828 5536 generationis

229 5539 534 5609 intelliget;
561 5547 617 5590 ut
641 5539 763 5609 quia
795 5548 850 5593 et
881 5539 947 5593 de
972 5536 1142 5593 lsrael
1157 5536 1368 5609 dixerit
1395 5553 1556 5600 meus,
1583 5550 1829 5606 assump-

231 5612 306 5666 tio
339 5608 602 5666 factorum
629 5608 858 5665 liliorum
884 5623 983 5680 pro
1002 5608 1301 5666 nativitatis
1321 5609 1652 5678 proprietate
1671 5621 1828 5680 usur-

231 5692 351 5754 pata
384 5682 454 5738 sit
484 5699 498 5744 °,
545 5680 830 5754 et‘idcirco
859 5679 964 5736 non
989 5681 1061 5754 sit
1087 5681 1351 5754 nativitain
1389 5680 1482 5736 Dei
1507 5679 1781 5754 proprium
1808 5721 1823 5744 ,

231 5749 376 5826 quod
397 5753 466 5810 de
495 5768 563 5810 eo
593 5752 793 5810 dictum
825 5761 941 5810 est:
988 5751 1088 5826 Hic
1115 5761 1190 5808 est
1214 5749 1381 5826 Filius
1405 5749 1545 5806 meus
1566 5751 1782 5806 dilectus
1804 5793 1818 5818 ,

232 5824 354 5885 cum
384 5843 524 5883 meus
551 5827 710 5884 etiam
728 5826 833 5882 illis
862 5824 1136 5899 proprium
1164 5837 1286 5882 esse
1306 5824 1536 5892 dicatur,
1555 5835 1694 5895 quos
1715 5838 1821 5881 non

1906 3285 2019 3324 ram
2049 3269 2308 3327 fructibus
2339 3271 2645 3342 repleverit.
2677 3287 2826 3328 mare
2851 3272 3099 3327 obicibus
3127 3271 3456 3328 concluserit
3482 3312 3497 3338 ,

1906 3342 2203 3407 hominem,
2232 3353 2290 3397 ut
2319 3343 2401 3398 his
2429 3351 2523 3397 aut
2553 3351 2818 3410 uteretur,
2847 3353 2942 3399 ant
2969 3343 3362 3406 dominaretur,
3392 3346 3500 3400 ele-

1905 3414 2082 3484 gerit?
2132 3414 2234 3468 Per
2267 3414 2382 3469 haec
2432 3415 2578 3470 enim
2616 3414 2794 3469 omnia
2856 3415 3072 3471 virtutis
3107 3430 3172 3471 ac
3219 3415 3505 3483 potestatis

1904 3484 2020 3554 ejus
2049 3485 2325 3540 mterni‘tas
2350 3489 2611 3551 noscitur,
2634 3486 2898 3555 Apostolo
2922 3486 3166 3542 dicente:
3203 3487 3332 3556 Qum
3371 3488 3506 3541 enim

1904 3556 2194 3632 invisibilia
2226 3560 2360 3632 ejus,
2406 3575 2437 3612 a
2489 3568 2727 3613 creatura
2772 3560 2951 3614 mundi
2973 3559 3136 3632 ipsius
3171 3560 3322 3632 factis
3351 3559 3507 3632 intel-

1907 3630 2035 3704 lecta
2082 3629 2422 3704 aspiciuntur,
2458 3641 2667 3704 interna
2712 3648 2911 3702 quoque
2953 3629 3116 3704 virtus
3144 3629 3375 3704 _ejus_et
3427 3630 3509 3685 di-

1907 3702 2112 3755 vinitas.
2169 3701 2294 3758 lla'c
2342 3701 2586 3758 terribile
2633 3701 2832 3757 nomen
2885 3701 3195 3758 conditoris
3226 3702 3505 3759 efficiunt:

1909 3781 1962 3828 et
1983 3788 2206 3842 cperunt
2238 3773 2469 3842 dignitas
2502 3774 2838 3842 majestatem
2866 3774 2986 3844 ejus
3011 3816 3026 3840 ,
3056 3773 3148 3844 qui
3183 3788 3244 3844 ea
3274 3776 3346 3829 sit
3375 3788 3510 3842 ope-

1908 3854 2081 3916 ratus,
2111 3845 2369 3900 ostendit.
2405 3845 2605 3899 llorum
2649 3845 2811 3916 igitur
2848 3843 3083 3915 operum
3108 3843 3361 3900 conditor
3384 3859 3509 3916 esse

1912 3915 2053 3971 Deus
2081 3927 2132 3970 et
2159 3933 2186 3968 a
2217 3917 2369 3970 nobis
2391 3914 2763 3985 pran'licaudus
2789 3914 2912 3982 est,
2945 3926 3000 3971 et
3026 3931 3054 3970 a
3088 3916 3304 3971 caneris
3333 3914 3506 3971 conﬁ-

1913 3987 2124 4043 lendus.
2143 3987 2364 4041 iAllinia
2381 3987 2545 4043 habet
2560 3989 2611 4042 in
2628 3988 3032 4042 commentariis
3054 3987 3104 4041 in
3121 4001 3204 4057 ps.
3224 4001 3386 4042 ςιινιιι
3409 3987 3508 4114 (eg.

1983 4059 2072 4113 41.
2105 4057 2303 4113 Recole
2328 4074 2446 4114 aute
2474 4068 2630 4114 antea
2653 4059 2785 4114 dixi.
2805 4060 3154 4114 annotationc
3180 4058 3393 4114 scilicet
3415 4059 3448 4114 5
3491 4099 3504 4113 .

1983 4059 2072 4113 41.
2105 4057 2303 4113 Recole
2328 4074 2446 4129 quae
2474 4068 2630 4115 antea
2653 4059 2785 4121 dixi,
2805 4060 3154 4114 annotationc
3180 4058 3393 4115 scilicet
3415 4057 3504 4114 59.

1914 4130 1968 4186 Si
1996 4130 2323 4202 quistatueu
2351 4132 2530 4202 aliqua
2553 4131 2768 4197 deesse,
2791 4140 2884 4184 aut
2906 4131 3044 4185 male
3071 4131 3398 4202 conscripta,
3423 4129 3514 4185 hic

1914 4202 2044 4257 velit
2071 4245 2086 4267 ,
2120 4200 2192 4256 illi
2225 4200 2457 4258 minime
2472 4201 2756 4258 obsistam.
2807 4201 3084 4256 Christum
3112 4200 3353 4272 judicem
3384 4215 3512 4258 nos-

1916 4283 2055 4328 trum
2088 4275 2437 4330 constitutum
2463 4289 2584 4330 esse
2607 4283 2828 4329 vetusta:
2855 4275 2983 4344 ipsa:
3013 4273 3135 4328 ﬁdei
3160 4283 3360 4329 nostrze
3387 4287 3515 4344 pro-

1917 4345 2183 4400 fessiones
2211 4356 2549 4418 agnoscunt,
2581 4345 2903 4418 Symbolum,
2933 4343 3304 4418 Apostolicugm
3335 4387 3350 4411 ,
3392 4343 3516 4401 'lre-

1917 4431 2099 4488 naeus,
2146 4428 2202 4473 et
2246 4416 2436 4488 reliqui
2464 4416 2654 4471 omnes
2685 4419 2752 4473 de
2799 4417 3094 4488 potioribus
3139 4416 3262 4473 lidei
3315 4426 3518 4474 nostrze

1915 4487 2160 4543 articulis
2181 4487 2492 4545 sermonem
2515 4487 2796 4544 habentes.

1840 4598 1891 4659 Β
1955 4557 2082 4643 .42.
2136 4559 2261 4615 Haec
2303 4561 2587 4616 referenda
2624 4570 2757 4643 sunt
2797 4559 2863 4616 ad
2904 4575 2966 4615 ea
3008 4575 3130 4629 quae
3177 4560 3344 4644 paulo
3391 4568 3520 4618 ante

1918 4632 2129 4686 dixerat
2158 4649 2172 4686 :
2215 4633 2453 4686 autetiam
2480 4637 2676 4686 fecerit.
2704 4643 2809 4686 etc.
2843 4631 3042 4686 Recole
3067 4647 3190 4686 aute
3219 4631 3332 4686 dixi
3365 4647 3515 4686 num.

1955 4631 2172 4760 Stena;
2215 4633 2453 4703 quietiam
2478 4633 2676 4706 fecerit,
2704 4643 2809 4690 etc.
2843 4631 3042 4690 Recole
3067 4631 3196 4704 (μιαί
3219 4631 3332 4688 dixi
3365 4647 3515 4688 num.

2018 4719 2046 4757 e
2176 4744 2188 4755 .

1919 4703 2076 4831 594?.
2098 4703 2334 4847 ﬁmus
2360 4775 2639 4847 agnitionis
2668 4773 2882 4831 videtur
2909 4775 2996 4831 hic
3023 4773 3261 4830 llilarius
3303 4789 3522 4847 sumere

1918 4857 2010 4902 aut
2037 4863 2133 4916 pro
2161 4846 2437 4918 tempore,
2467 4864 2574 4919 quo
2602 4849 2736 4902 vivit
2767 4848 2931 4904 homo
2957 4855 3182 4919 ,Uatqne
3207 4861 3274 4902 eo
3301 4846 3520 4917 quidem

1922 4919 2230 4988 perspicere
2259 4917 2458 4990 potest,
2485 4917 2608 4990 qua:
2637 4919 2778 4974 Deus
2805 4917 3101 4990 condidit:
3129 4929 3220 4974 aut
3252 4934 3350 4990 pro
3383 4927 3524 4974 tem-

1923 4987 2075 5061 pore,
2106 5005 2214 5061 quo
2239 4987 2382 5048 Deus
2408 4987 2577 5062 gratia
2598 5004 2696 5046 sua
2728 4990 2952 5047 uberius
2977 4987 3213 5060 adjuvat,
3233 4987 3524 5062 s’tudetque

1934 5182 2090 5248 natos
2119 5189 2242 5232 esse
2269 5175 2610 5248 manifestum
2639 5184 2746 5233 est.
2793 5176 2910 5232 Non
2947 5185 3101 5248 natos
3148 5185 3328 5234 autem
3361 5190 3483 5236 esse
3505 5217 3524 5248 ,

1932 5246 2061 5303 licet
2086 5248 2194 5302 nati
2221 5263 2344 5304 esse
2369 5247 2640 5313 dicantur,
2667 5248 2754 5305 vel
2781 5264 2847 5305 ex
2877 5263 2944 5305 eo
2969 5247 3215 5314 docetur,
3247 5265 3368 5305 cum
3393 5246 3529 5306 dici-

1935 5327 2022 5375 tur
2048 5361 2064 5385 ,
2086 5318 2296 5393 Populo
2314 5321 2402 5392 qui
2422 5331 2689 5387 nascetur,
2720 5337 2868 5393 quem
2907 5320 3029 5390 fecit
3059 5318 3338 5393 Dominus.
3387 5321 3530 5393 Ergo

1937 5390 2356 5477 populus‘lsrael
2389 5392 2842 5477 nasciturnuthliat
2867 5406 3101 5477 alteque
3135 5407 3244 5477 per
3289 5391 3342 5477 id
3385 5390 3530 5477 quod

1936 5462 2080 5536 nasci
2106 5463 2339 5536 dicitur,
2373 5479 2480 5519 non
2510 5464 2828 5534 intelligitur
2855 5471 2909 5536 et
2939 5463 3076 5518 ﬁeri.
3135 5462 3213 5518 Ex
3239 5462 3532 5536 adeptione

1933 5533 2079 5607 enim
2110 5544 2195 5590 est
2215 5535 2360 5592 filius
2385 5577 2400 5601 ,
2433 5550 2539 5591 non
2571 5551 2636 5591 ex
2662 5533 3053 5607 generatione;
3083 5548 3274 5607 neque
3302 5533 3359 5591 ei
3399 5551 3530 5607 pro-

1935 5606 2155 5674 prietas,
2187 5607 2282 5664 sed
2311 5609 2636 5679 nuncupatio
2662 5615 2768 5663 est.
2803 5624 2823 5660 ι
2876 5605 3046 5662 Hilar.
3082 5605 3176 5662 lib.
3207 5621 3284 5662 sn
3330 5605 3533 5663 de’Tri-

1935 5678 2029 5732 nit.
2064 5694 2212 5734 num.
2244 5679 2330 5736 14.
2878 5700 2884 5708 ·

1935 5687 2029 5732 nit.
2064 5694 2212 5734 num.
2244 5687 2330 5736 M.
2878 5700 2884 5708 ·

2008 5750 2078 5827 (c)
2109 5750 2233 5806 Litt.
2287 5767 2343 5817 x,
2375 5767 2429 5807 n.
2455 5749 2525 5817 2,
2551 5763 2672 5822 pag.
2697 5747 2803 5808 ’554
2850 5759 2981 5807 tom.
3034 5766 3093 5820 ι,
3147 5765 3414 5808 commune
3436 5753 3532 5827 ju-

1932 5818 2124 5878 dicium
2156 5832 2251 5895 est,
2283 5833 2390 5881 εις.
