4062 6332
261 362 361 418 783

922 361 989 419 ΙΝ
1029 363 1282 421 HILARII
1323 362 1705 422 EPISTOLAM
1750 359 1881 420 SEU
1925 362 2275 420 LIBELLUM
2316 365 2863 424 ANNOTATIONES.

3454 363 3556 422 786

259 478 308 552 in
335 477 585 533 Gabrielc
613 478 818 533 loctttus
846 487 946 533 cst.
971 479 1075 533 Sed
1100 481 1142 534 si
1175 479 1453 536 brachium
1478 479 1719 546 Domini,
1749 495 1844 534 seu
1875 484 1926 542 Α
1952 494 2110 549 care,
2140 482 2394 552 quidnam
2424 486 2533 541 sint
2574 486 2770 543 saecula
2801 487 3107 543 invisibilia.
3141 485 3224 542 An
3254 501 3316 542 ea
3360 486 3556 542 smcula

258 549 344 603 Dei
393 552 621 608 dicitur.
650 568 716 604 an
767 552 1012 618 fortitudo
1059 569 1164 606 non
1203 553 1452 608 dicetur?
1483 553 1668 608 Patres
1716 567 1847 608 sane

255 622 382 686 hac,
418 623 518 676 nisi
545 623 730 684 fallor,
761 623 829 677 de
860 639 1021 677 eausa
1045 623 1317 678 brachium
1341 624 1436 678 Dei
1461 669 1474 691 ,
1511 639 1606 678 seu
1639 622 1847 678 Domini

251 693 523 764 Chrisnnn
572 694 848 764 appellare
893 696 1110 750 minime
1161 695 1429 751 dubitant.
1477 695 1658 762 Quid?
1702 694 1847 764 qttod

259 763 436 838 [irtus
480 782 580 820 vox
627 781 925 838 synmiytna
982 767 1192 821 videtur
1241 782 1362 822 esse
1405 770 1522 821 voci
1573 763 1842 834 fortitudo.

250 835 484 891 Titulnm
515 835 676 907 porro
706 835 846 891 hunc
867 839 1165 905 saepissime
1195 837 1381 893 Patres
1426 839 1661 892 tribuunt
1688 839 1844 892 Chri-

247 917 354 963 sto.
389 909 560 965 Unqu
610 909 694 964 hic
725 909 973 963 [iulinum
1025 910 1204 964 indico
1253 912 1366 965 haec
1408 910 1704 963 tradentem
1755 908 1847 978 (In

249 979 484 1051 Symboli
535 982 866 1049 expositione,
907 998 1026 1052 pag.
1062 981 1130 1035 75
1151 982 1270 1037 edit.
1309 980 1582 1052 Vallarsii)
1618 998 1628 1032 :
1663 1000 1680 1032 ι
1716 980 1846 1049 Qua:

246 1065 331 1124 est
362 1064 540 1108 autem
575 1053 742 1108 virtus
769 1053 1060 1114 Altissimi,
1092 1053 1190 1106 nisi
1217 1055 1331 1124 ipse
1348 1053 1593 1108 Christus
1614 1095 1628 1116 ,
1657 1053 1846 1120 quiest

248 1122 621 1189 Deivirtus,et
654 1124 1064 1193 Di-isapieotia?
1090 1144 1108 1174 ι
1136 1122 1252 1180 Alia
1292 1125 1504 1180 Patrqu
1534 1125 1648 1179 loca
1675 1126 1717 1176 si
1747 1140 1843 1176 eu-

246 1197 352 1262 pis,
382 1212 442 1248 ea
478 1197 570 1252 tibi
599 1198 860 1265 prtehebit
887 1195 1110 1252 Clariss.
1153 1197 1330 1251 editor
1372 1197 1609 1264 Operum
1658 1194 1717 1250 S.
1748 1195 1844 1249 lli-

244 1267 364 1322 larii
394 1266 637 1341 (Praefat.
687 1270 742 1341 in
765 1277 960 1322 tantum
991 1285 1040 1333 ι,
1075 1268 1217 1341 νισι
1251 1278 1296 1322 et
1325 1266 1479 1341 seq).
1525 1269 1846 1341 Cumporro

242 1354 306 1393 ea
344 1339 454 1393 loCa
500 1339 760 1401 iudicavi,
797 1341 846 1394 in
892 1341 1085 1406 quibus
1115 1340 1361 1395 Christus
1391 1340 1588 1395 dicitur
1633 1340 1840 1405 vinum,

241 1410 355 1466 dno
382 1411 594 1476 notavi,
631 1426 826 1475 nempe
853 1411 1090 1467 Μωυιωί
1126 1428 1177 1465 Ix
1197 1454 1211 1477 ,
1239 1413 1302 1466 l7
1325 1455 1340 1478 ,
1369 1424 1423 1467 et
1450 1411 1611 1466 Joan.
1639 1426 1736 1469 xv,
1769 1409 1795 1463 1
1826 1452 1840 1474 ,

243 1483 296 1537 in
325 1499 554 1553 quorum
583 1482 759 1555 primo
785 1482 900 1537 haec
927 1492 1246 1538 occurrunt:
1275 1500 1432 1551 neque
1453 1485 1658 1536 mittunt
1675 1481 1847 1536 vinum

239 1571 430 1608 novum
458 1555 511 1608 in
543 1565 680 1608 utres
726 1566 934 1609 veteres.
987 1555 1250 1610 Nimirum
1302 1557 1410 1609 vini
1459 1555 1710 1624 allegoria
1735 1594 1748 1613 .
1781 1568 1846 1608 ac

241 1628 506 1680 vocabulo
533 1624 618 1681 lex
662 1625 1015 1698 Evangelica,
1048 1626 1275 1698 ideoque
1319 1627 1436 1696 ejus
1477 1637 1664 1680 auctor
1692 1624 1844 1698 Chri-

239 1707 358 1753 stus
387 1698 688 1752 intellectus
715 1709 799 1752 est
824 1695 856 1750 a
891 1695 1201 1752 vetcribus.‘
1229 1696 1287 1751 lu
1320 1695 1492 1752 altero
1523 1712 1652 1750 vero
1683 1714 1696 1750 :
1735 1695 1844 1766 Ego

239 1785 358 1824 sum
408 1771 522 1824 vitis
548 1785 685 1824 vera.
722 1768 854 1824 Vitis
899 1780 1076 1824 autem
1121 1771 1227 1824 vini
1275 1785 1504 1838 parens,
1538 1778 1594 1822 ut
1641 1767 1711 1822 ita
1760 1769 1842 1820 Io-

238 1856 407 1911 quar,
438 1852 538 1897 est.
571 1841 839 1897 Czeternm
867 1841 1068 1900 fateor.
1095 1843 1368 1908 respicere
1397 1843 1639 1908 potuisse
1669 1840 1843 1911 adhuc

242 1883 503 1967 l'lilarium
527 1912 590 1967 ad
622 1929 680 1968 ea
706 1914 1114 1967 Proverhiornm
1144 1883 1264 1981 cap.
1311 1929 1365 1967 ιχ
1396 1883 1522 1984 ξιιοοιι
1549 1912 1696 1984 (vers.
1731 1909 1789 1978 2)
1826 1930 1838 1966 :
1876 1883 1921 1943 Β

238 1986 587 2050 sapientia....
614 1986 814 2038 miscuit
862 1987 1133 2038 viuum....
1179 1985 1331 2054 (vers.
1358 1981 1414 2054 5)
1445 1981 1655 2048 Venite,
1681 1998 1847 2035 come-

238 2057 349 2110 tlite
376 2074 560 2128 panem
586 2071 754 2109 meum
773 2099 786 2122 ,
819 2069 862 2110 et
891 2056 1042 2110 bibite
1069 2058 1240 2110 vinum
1265 2098 1280 2121 ,
1311 2057 1456 2126 quod,
1475 2056 1654 2128 miscui
1684 2054 1843 2107 vobis.

242 2127 458 2183 Etenim
491 2127 575 2182 his
616 2129 794 2182 verbis
839 2140 1241 2182 sacrosanctum
1291 2129 1479 2183 altaris
1525 2127 1846 2180 Sacramen-

240 2211 356 2255 tum
377 2242 392 2266 ,
421 2203 471 2253 iu
499 2214 606 2270 quo
633 2199 835 2254 scilicet
854 2200 956 2254 sub
977 2199 1157 2269 specie
1187 2199 1339 2268 panis
1388 2209 1441 2253 et
1464 2200 1574 2270 vini
1599 2196 1845 2252 Christus

239 2272 360 2344 ipse
405 2269 590 2336 extat,
649 2272 995 2341 prmnuntiari
1024 2314 1039 2338 ,
1105 2271 1478 2344 probatissimi
1522 2269 1847 2344 interpretes

238 2340 481 2398 docent:
527 2340 794 2412 respicere
846 2345 1081 2406 potuisse
1109 2340 1314 2409 pariter
1357 2343 1421 2396 ad
1471 2343 1646 2412 locum
1694 2340 1846 2394 illum

243 2415 478 2469 Matthxi
503 2411 676 2488 (xxvi,
691 2413 816 2483 9.9):
841 2414 970 2468 Dico
986 2426 1153 2468 autem
1181 2414 1336 2477 vobis,
1359 2429 1457 2488 non
1480 2411 1644 2488 bibam
1659 2412 1847 2488 amatio

239 2489 306 2541 de
329 2487 424 2541 hoc
446 2481 696 2555 genimine
722 2481 865 2540 vivis.
895 2487 1104 2540 Etenim
1130 2489 1376 2550 genimcn
1411 2485 1560 2544 vitis,
1585 2485 1738 2549 cujus
1761 2481 1848 2538 hic

238 2558 447 2614 mentio
463 2557 539 2623 iit,
556 2568 635 2612 est
655 2558 954 2626 ipsissimus
969 2557 1214 2612 Christus
1227 2556 1326 2610 sub
1341 2557 1444 2609 vini
1459 2555 1638 2625 specie
1655 2555 1843 2608 latens.

315 2631 404 2686 75.
447 2628 581 2685 Cum
609 2631 909 2684 incarnatio
942 2633 1053 2698 ipsa
1085 2638 1305 2698 propter
1333 2628 1578 2684 homines
1598 2627 1700 2690 sit,
1728 2641 1850 2696 pro-

242 2710 366 2771 pter
416 2701 665 2757 homines
703 2713 805 2757 ertt
838 2703 1037 2770 pariter
1062 2700 1311 2757 Christus
1341 2703 1446 2754 vita
1493 2706 1713 2764 nostra,
1759 2698 1849 2753 lux

239 2784 464 2836 nostra,
502 2784 684 2844 pastor
719 2784 918 2828 noster.

316 2844 405 2898 74.
451 2843 690 2913 Βρειιὶρὶι.
723 2845 791 2900 ad
838 2844 1330 2900 celebratissimum
1377 2843 1529 2899 Pauli
1584 2843 1849 2897 monitum

269 2918 386 2970 Act.
415 2933 524 2972 xvn
549 2959 561 2975 .
592 2917 686 2986 28)
717 2935 729 2972 :
764 2917 830 2971 In
860 2918 972 2986 ipso
992 2918 1204 2970 vivimus
1224 2958 1238 2978 ,
1269 2930 1551 2978 movemur,
1576 2921 1624 2967 et
1648 2930 1848 2968 sumus.

289 2999 501 3045 ortasse
551 2988 714 3044 etiam
763 2990 826 3044 ad
859 3005 919 3042 ca
951 2989 1167 3056 respicit
1209 2989 1359 3050 loca,
1415 2989 1466 3039 in
1508 2987 1702 3055 qtnhus
1751 2987 1854 3040 vita

239 3069 456 3128 nostra,
508 3072 597 3114 aut
651 3065 769 3130 fons
820 3061 955 3126 vitae,
1015 3061 1130 3130 fons
1179 3075 1326 3130 aqua:
1357 3057 1588 3112 salientis
1618 3058 1850 3110 invitam

240 3143 494 3188 (sternam
533 3132 730 3187 dicitur
758 3130 1026 3188 Christus.

319 3205 409 3259 75.
453 3203 508 3258 ld
533 3213 619 3259 est
646 3222 658 3258 :
693 3219 753 3258 ea
775 3248 789 3271 ,
822 3220 942 3269 quae
969 3204 1038 3258 de
1064 3203 1280 3258 Christo
1319 3203 1586 3263 diximus,
1619 3200 1848 3270 ideoque

1955 552 2186 636 indicat,
2215 570 2333 625 qua:
2372 557 2460 611 alii
2505 559 2812 636 imaginaria
2854 559 3191 636 appellarunt
3218 599 3234 621 ,
3281 558 3558 636 ipse‘vero

1956 623 2460 704 Hilariusutempora
2494 623 2777 704 appellat,
2824 623 2940 704 quia
2983 631 3228 704 Opinione
3263 623 3560 704 coniplecti-

1952 713 2068 749 mur
2115 695 2254 774 (Lib.
2291 714 2367 774 an
2392 700 2461 774 de
2492 695 2676 756 Trinit.
2700 744 2725 774 ,
2750 721 2801 755 n.
2834 695 2905 756 '27
2928 745 2940 762 ,
2992 695 3113 774 pag.
3165 698 3330 774 42-),
3360 695 3556 774 _'itni_no

1951 769 2259 844 expressius
2280 768 2454 844 _(lbid.
2481 784 2526 826 et
2554 791 2608 827 η.
2639 773 2736 844 28)
2767 768 3002 844 tempora
3023 768 3214 828 (eterna
3267 768 3379 844 (a)?
3411 771 3558 826 Alie-

1951 853 2078 892 num
2127 840 2386 907 judicium
2421 856 2555 897 csm.
2594 845 2690 900 Hic
2718 840 2884 911 porro
2929 840 3554 908 advertaunts'onortet,

1951 911 2214 991 su§tticari
2264 927 2361 966 nos
2418 929 2608 981 posse,
2640 932 2762 991 eum
2811 918 2923 971 haec
2953 920 3026 971 ait
3059 915 3340 991 Hilarius:
3380 933 3398 966 ‹
3437 913 3554 969 Νοιι

1949 983 2093 1036 enim
2147 980 2364 1058 f.is_est
2417 980 2487 1058 ex,
2525 1002 2588 1042 eo
2651 988 2815 1043 Deum
2848 999 3130 1058 operatum
3180 988 3453 1058 credere,
3488 1001 3555 1040 ex

1950 1070 2055 1122 quo
2097 1055 2329 1136 mundus
2371 1057 2633 1136 genitura:
2663 1075 2775 1136 sine
2815 1055 2955 1114 idem
3011 1060 3308 1136 nativitatis
3337 1057 3554 1120 initium

1949 1129 2198 1207 sumpsit,
2230 1147 2248 1178 ι
2271 1131 2322 1182 in
2347 1129 2601 1207 caluisse
2619 1132 3031 1207 opinione,qu:e
3056 1131 3386 1200 Auge-lorum
3403 1143 3559 1183 crea-

1951 1201 2151 1272 tionem
2172 1201 2520 1272 praecessisse
2540 1203 2699 1257 docet
2745 1203 3030 1257 visibilium
3081 1216 3242 1272 atque
3304 1210 3555 1272 aspecta-

1950 1269 2134 1350 biliutn
2169 1270 2366 1350 harutn
2405 1287 2585 1326 rerum
2643 1276 2994 1350 creationem.
3027 1269 3404 1342 Quze'quidem
3437 1270 3557 1350 opi-

1951 1343 2040 1394 nio
2087 1356 2210 1415 cum
2251 1344 2549 1415 multorum
2581 1354 2820 1400 veterum
2874 1345 3269 1415 Theologorum
3293 1385 3306 1408 ,
3344 1360 3425 1415 ac,
3457 1343 3558 1415 Pa:

1952 1421 2090 1466 trum
2126 1411 2319 1478 fuerit,
2370 1429 2432 1468 ac
2483 1419 2784 1485 pra-sertim
2833 1411 3147 1472 Grazciiru'm
3193 1414 3310 1484 (b),
3364 1412 3558 1485 Hilarii

1952 1485 2136 1557 procul
2167 1485 2331 1539 dubio
2356 1485 2453 1540 fuit
2476 1484 2494 1540 :7
2521 1488 2720 1542 etenim
2753 1487 2867 1543 haec
2890 1488 3107 1557 scriptis
3139 1485 3375 1555 prodidit
3400 1484 3560 1548 (Con-

1949 1563 2042 1628 ινα⁸
2063 1555 2293 1628 duxerit,
2327 1574 2380 1610 η.
2416 1558 2513 1627 6);
2554 1577 2572 1610 ι
2603 1564 2706 1615 Αιιι
2740 1555 3040 1628 regenerati
3068 1574 3256 1613 omnes
3289 1571 3397 1611 non
3430 1570 3558 1610 vere

1954 1625 2045 1680 Dei
2075 1625 2170 1681 libi
2204 1637 2363 1701 sunt,
2397 1625 2485 1684 aut
2529 1632 2716 1700 Ango-li
2750 1625 2971 1693 omnes,
3008 1647 3105 1701 per
3133 1629 3408 1684 Christum
3452 1631 3556 1701 uti-

1948 1712 2052 1767 que
2077 1699 2314 1773 conditi,
2345 1717 2453 1773 non
2480 1716 2602 1757 ante
2623 1699 2807 1758 omnia
2837 1699 3081 1773 tempora
3104 1743 3118 1767 ,
3148 1711 3202 1756 et
3222 1709 3347 1756 ante
3373 1699 3556 1754 omnia

1949 1770 2170 1823 omnino
2196 1772 2389 1826 saecula
2419 1785 2545 1827 sunt
2573 1776 2779 1828 creati?
2815 1793 2834 1826 ι

2023 1841 2110 1915 777.
2152 1843 2207 1897 Si
2235 1845 2299 1895 ad
2332 1844 2456 1898 illud
2485 1860 2654 1915 genus
2689 1846 3060 1910 operationum
3082 1887 3097 1911 ,
3127 1858 3262 1914 quas
3291 1842 3554 1915 Theologi

1949 1912 2018 1965 ad
2045 1914 2181 1967 intra
2230 1912 2508 1983 appellzini
2529 1959 2544 1980 ,
2580 1919 2693 1971 haec
2725 1917 2908 1972 Hilarii
2931 1918 3091 1972 verba
3121 1912 3325 1970 referas
3347 1956 3362 1980 ,
3398 1912 3556 1968 facile

1950 1984 2240 2052 explicabis
2271 2006 2282 2040 :
2329 1996 2570 2056 persmnt
2606 1989 2747 2042 enim
2781 1988 3144 2044 immutabiles
3168 2002 3246 2041 ea:
3273 1987 3514 2041 actiones
3537 2026 3551 2049 ,

1949 2071 2071 2124 qure
2101 2064 2317 2111 aeu-rota
2347 2059 2561 2113 fuerunt
2583 2101 2597 2124 ,
2626 2071 2680 2114 et
2709 2061 2760 2116 in
2792 2071 3055 2115 mternum
3087 2067 3213 2114 sunt.
3238 2058 3512 2112 duratura:
3537 2074 3550 2109 :

1949 2141 2108 2196 quam
2140 2129 2208 2182 ob
2252 2144 2505 2196 causam,
2557 2141 2615 2186 ut
2657 2135 2767 2200 jam
2812 2133 3142 2202 AuguStinus
3181 2130 3389 2202 monuit
3435 2128 3510 2197 (c)
3537 2169 3551 2193 ,

1953 2207 2192 2273 tempora
2222 2210 2413 2256 cuncta
2457 2200 2944 2273 comprehendunt.
2989 2205 3043 2257 Si
3091 2216 3220 2257 vero
3269 2200 3334 2254 ad
3381 2213 3553 2273 genus

1951 2271 2080 2325 illud
2122 2273 2417 2344 actionum,
2450 2269 2598 2344 quas
2626 2277 2969 2338 extrinsecus,
2999 2289 3093 2330 seu
3135 2274 3200 2344 ad
3230 2281 3375 2326 extra
3412 2269 3552 2344 dici-

1952 2357 2071 2417 mus
2091 2359 2111 2417 ;_
2133 2341 2179 2395 si
2211 2355 2335 2399 ante
2363 2341 2618 2400 mundum
2649 2346 3030 2417 aspectabilem
3057 2341 3552 2417 eoudiditAugelos

1951 2414 2114 2483 (quod
2140 2429 2271 2468 sane
2295 2419 2505 2472 censuit
2545 2414 2800 2482 Hilarius)
2823 2461 2836 2483 ,
2872 2418 3037 2472 Deum
3060 2415 3332 2471 credimus
3355 2426 3552 2482 Opera-

1953 2484 2257 2561 tuml'uisse
2277 2528 2289 2546 .
2325 2500 2610 2561 antequam
2640 2489 2872 2544 mundus
2899 2489 3147 2561 genitura:
3177 2502 3284 2561 sua:
3310 2499 3550 2561 sumpsev

1952 2559 2019 2610 rit
2065 2557 2318 2630 initium:
2360 2555 2481 2615 Nec
2513 2563 2723 2630 operari
2778 2555 2988 2622 cessat,
3025 2575 3147 2615 cum
3192 2555 3551 2630 infundi-mlas

1954 2629 2005 2682 in
2063 2627 2292 2683 humana
2348 2626 2573 2701 corpora
2631 2633 2842 2688 animas
2904 2633 2955 2687 in
3011 2626 3552 2701 motnetita_singllla

1952 2710 2096 2754 creet
2114 2741 2129 2766 ,
2154 2713 2204 2755 et
2229 2712 2419 2756 cuncta
2439 2698 2721 2758 conservet
2742 2750 2751 2764 .
2773 2716 2829 2760 et
2849 2704 3207 2759 administret.
3240 2698 3371 2754 Vide
3397 2700 3512 2752 loca
3534 2739 3549 2761 ,

1951 2787 2072 2846 qum
2120 2783 2246 2828 noto
2279 2773 2330 2828 in
2353 2776 2500 2830 calce
2530 2775 2736 2846 paginae
2763 2774 2864 2846 (Δ).
2897 2777 3154 2844 Qumuam
3200 2786 3329 2826 vero
3359 2771 3428 2825 sit
3468 2783 3556 2823 re-

1953 2843 2112 2913 quies
2141 2847 2328 2900 mterni
2365 2843 2570 2903 l'atris.
2601 2843 3028 2902 noeet'lltlarins
3057 2863 3111 2901 n.
3142 2846 3175 2901 8
3211 2849 3553 2896 c0tnmeuta-

1953 2916 2155 2989 [ierunt
2188 2917 2241 2989 in
2269 2932 2348 2989 ps.
2382 2933 2468 2972 XCI
2497 2917 2660 2989 (Pag.
2687 2920 2794 2974 ‘269
2816 2929 2940 2972 tam.
2969 2934 3016 2980 ι,
3046 2918 3181 2985 Quia
3231 2929 3348 2984 ergo
3368 2926 3554 2989 Aopera

1953 2985 2052 3039 Dei
2073 3027 2087 3051 ,
2119 2985 2273 3057 etc.).
2298 2987 2365 3043 Ut
2394 2983 2553 3042 voces
2583 2983 2702 3043 illas
2722 3033 2737 3055 ,
2769 2990 2898 3044 nihil
2940 2989 3018 3043 illi
3048 2983 3244 3056 semper
3271 2983 3548 3057 acciderit,

1953 3053 2274 3130 sedisemper
2311 3061 2408 3125 sit,
2441 3061 2597 3130 plane
2630 3053 2922 3130 intelligas,
2949 3061 3129 3114 recole
3153 3053 3271 3127 qua:
3305 3071 3456 3130 nutn‘.
3481 3053 3550 3108 59

1954 3129 2216 3185 diximus.
2245 3131 2398 3200 Quod
2427 3125 2467 3186 si
2492 3146 2654 3188 voces
2682 3132 2779 3186 has
2802 3125 2826 3200 ξ
2847 3147 3046 3198 semper
3064 3133 3128 3185 sit
3145 3125 3256 3196 ,ita
3281 3125 3513 3195 accipias
3533 3161 3549 3187 ,

1956 3209 2013 3254 ut
2039 3203 2233 3257 doceat
2265 3204 2533 3268 Hilarius,
2579 3203 2893 3258 attributum
2943 3204 3042 3256 hoe
3091 3200 3224 3256 Esse
3263 3213 3386 3254 esse
3426 3209 3553 3266 pro-

240 3291 341 3332 θος
373 3279 518 3346 ipsos
539 3318 552 3341 ,
579 3291 714 3346 quos
746 3267 1122 3331 recensuimus
1143 3317 1158 3342 ,
1190 3275 1376 3330 titulos
1398 3315 1413 3340 ,
1441 3288 1509 3328 ex
1535 3267 1848 3342 Scriptura-
1873 3269 1917 3333 Ο
1953 3274 2128 3346 prium
2160 3275 2252 3329 Dei
2278 3318 2290 3337 ,
2328 3267 2557 3346 ideoque
2586 3275 2797 3340 Patris;
2829 3290 2896 3330 eo
2935 3290 3096 3330 sensu
3141 3267 3388 3346 proiecto
3409 3270 3553 3346 acci-

240 3363 366 3404 runt
399 3348 626 3404 lectione
665 3359 1002 3418 assequetur.

321 3420 410 3474 76.
459 3422 611 3474 llunc
642 3413 819 3473 inesse
852 3421 1027 3474 verbis
1055 3419 1139 3472 his
1167 3433 1384 3473 sensum
1419 3427 1568 3486 puto.
1603 3413 1658 3470 Si
1687 3416 1847 3485 igitur

242 3494 522 3547 rcVelante
561 3491 840 3561 Scriptura
889 3491 1250 3557 conﬁtemur,
1306 3490 1397 3544 Dei
1450 3487 1642 3541 Filitnn
1691 3487 1847 3542 nobis

243 3579 372 3618 esse
397 3565 673 3632 cognitum
692 3604 705 3623 ,
734 3562 935 3617 scimus
962 3565 1126 3618 etiam
1157 3564 1319 3616 Deum
1347 3561 1557 3616 Patrem
1585 3573 1678 3630 per
1699 3575 1849 3632 eum-

243 3634 372 3688 dem
409 3631 574 3689 lilium
605 3633 913 3689 condidisse
943 3635 1139 3688 saecula
1175 3645 1283 3688 ttnu
1317 3632 1580 3697 visibilia,
1617 3641 1727 3685 tum
1761 3631 1846 3685 iu-

245 3706 528 3761 visibilia:
576 3721 750 3776 neque
799 3706 942 3760 enim
995 3709 1073 3760 l'as
1120 3716 1202 3760 est
1264 3714 1454 3776 putare
1513 3704 1678 3757 Deum
1736 3712 1845 3757 tum

245 3779 481 3846 coepisse
528 3775 776 3847 Operari,
821 3793 942 3832 cum
987 3780 1216 3831 mundus
1283 3775 1532 3830 conditus
1584 3785 1704 3841 est,
1761 3785 1850 3830 aut

246 3864 501 3904 cessasse
546 3861 826 3918 postquam
877 3859 959 3904 est
1001 3849 1247 3904 conditus
1280 3866 1293 3902 :
1327 3849 1694 3918 etenimientn
1744 3863 1850 3901 non

247 3921 483 3976 desiisse
513 3917 738 3976 testatur
769 3923 1025 3974 Dominus
1050 3924 1162 3990 ipse
1185 3963 1198 3984 ,
1229 3935 1350 3974 cum
1379 3923 1449 3972 ait
1477 3936 1490 3972 ε
1524 3917 1682 3990 Pater
1708 3935 1850 3972 incus

251 4009 415 4063 usque
445 3994 594 4046 modo
621 4004 860 4062 operatur
883 4035 896 4055 ,
929 4002 1034 4047 etc.
1072 3988 1135 4046 'Si
1180 3995 1536 4063 swettlortttn
1558 3988 1848 4063 visibilium

248 4077 307 4120 et
330 4061 696 4118 invisibilium
731 4064 989 4118 vocabulo
1036 4075 1309 4117 creaturas
1368 4061 1605 4115 visibiles
1633 4073 1685 4116 et
1717 4061 1851 4116 ini-i-

249 4136 440 4190 sibilos
486 4135 769 4207 intelligit,
813 4134 864 4190 id
917 4135 1090 4203 ipsum
1141 4136 1226 4188 hic
1271 4137 1462 4199 docet,
1510 4133 1651 4207 quod
1695 4145 1849 4207 antea

250 4207 532 4262 docuerat.
562 4204 692 4262 Vide.
718 4223 1027 4271 numerum,
1054 4223 1146 4260 seu
1172 4209 1569 4258 annotationem
1598 4205 1682 4257 18..
1709 4204 1850 4260 Sane

252 4295 349 4333 cas
400 4290 671 4333 creaturas
716 4279 1012 4349 intelligere
1055 4279 1136 4331 lllS
1170 4277 1442 4332 vocabulis
1500 4278 1702 4338 notuit;
1758 4292 1853 4346 per

253 4350 636 4422 synecdochen
667 4350 900 4413 scilicet,
933 4367 1034 4420 qua
1063 4359 1375 4404 contentum
1405 4350 1729 4403 continentis
1763 4364 1857 4403 vo-

253 4424 451 4476 cabulo
482 4424 788 4476 denotatur.

331 4494 401 4549 At
428 4496 468 4548 si
516 4495 710 4548 szecula
755 4495 866 4563 ipsa
911 4493 1196 4564 intelligit,
1245 4493 1403 4564 paulo
1433 4493 1714 4547 obscurior
1744 4501 1854 4548 tum

256 4566 315 4621 [it
361 4569 511 4620 locus
545 4568 664 4619 i5te.
713 4567 774 4620 Et
822 4565 1055 4618 visibilia
1086 4565 1298 4636 quidem
1333 4565 1530 4618 srecula
1571 4565 1853 4633 novimus,

255 4654 321 4692 ea
353 4638 591 4698 scilicet.
633 4654 753 4708 qua:
796 4653 892 4708 per
934 4637 1100 4702 solis,
1149 4636 1564 4704 Stellarumqne,
1597 4652 1659 4691 ac
1689 4637 1859 4693 (βαδιο-

1955 3339 2070 3414 pies
2092 3387 2105 3409 ,
2133 3362 2292 3414 quem
2326 3347 2428 3400 alia
2461 3339 2644 3402 Hilarii
2671 3339 2813 3402 dicta
2846 3347 3000 3400 valde
3045 3339 3554 3415 probabile-putred-

1952 3410 2225 3490 didgruut.
2263 3418 2522 3490 Nimirum
2560 3420 2848 3490 aliquando
2881 3419 2996 3490 inec
3047 3410 3266 3485 scripsit
3309 3410 3554 3490 (Lib._an

1955 3489 2018 3541 de
2047 3487 2231 3562 Τνὶιιὶιζ
2265 3489 2418 3562 ηηὲὅ
2445 3503 2489 3544 et
2517 3491 2591 3546 24
2611 3533 2624 3553 ,
2651 3481 2805 3562 ’ραφ
2837 3489 2937 3545 4⁸21
2971 3499 3094 3544 tom.
3128 3481 3189 3554 ιι)
3229 3504 3243 3539 :
3272 3503 3290 3537 ι
3320 3481 3478 3562 ὐιιυιι
3510 3481 3555 3534 si

1954 3573 2172 3630 semper
2202 3561 2347 3616 Patri
2378 3562 2650 3632 pr0prium
2683 3556 2774 3617 est
2804 3563 2946 3632 quod
2991 3575 3206 3630 semper
3244 3568 3330 3632 est
3363 3556 3557 3616 Pater;

1957 3629 2181 3705 necesse
2205 3643 2289 3687 est
2318 3629 2532 3704 semper
2560 3633 2697 3688 Filio
2724 3629 3000 3705 proprium
3025 3629 3146 3688 esse
3172 3629 3313 3695 quod
3338 3639 3558 3694 semper

1956 3714 2039 3776 est
2067 3704 2252 3760 Filius.
2285 3705 2352 3758 Et
2377 3705 2647 3776 quomodo
2673 3704 2732 3759 iu
2757 3720 3063 3760 sermonem
3093 3713 3371 3761 nostrum,
3396 3705 3559 3766 atque

1957 3775 2364 3845 intelligentiam
2389 3775 2576 3842 eadet,
2603 3785 2660 3831 ut
2691 3794 2794 3831 non
2825 3775 3018 3840 fuerit,
3048 3784 3338 3845 antequam
3370 3781 3560 3845 nasee:

1958 3859 2107 3901 retur
2127 3836 2251 3912 ,"cui
2282 3836 2574 3918 proprium
2591 3857 2674 3902 est
2699 3862 2912 3917 semper
2939 3836 3060 3902 esse
3087 3836 3415 3919 quodttattts
3439 3836 3558 3919 est?

1958 3919 2206 3972 Formam
2241 3913 2420 3988 itaque
2461 3929 2622 3990 atque
2679 3913 2964 3988 imaginem
2998 3913 3404 3990 invisibilis_l_)ei
3439 3913 3557 3964 ιιιιὶ-

1955 3991 2169 4062 genitns
2207 3991 2256 4044 in
2287 3983 2345 4044 se
2367 3991 2517 4062 Deus
2537 3983 2831 4044 'continen's
2852 4031 2866 4051 .
2911 3991 2961 4062 in
3005 3987 3256 4062 omnibus
3286 3983 3370 4038 his
3392 4023 3404 4038 .
3437 3993 3558 4062 qua!

1955 4059 2168 4132 propria
2201 4062 2312 4116 Deo
2362 4060 2502 4117 Patri
2549 4073 2705 4126 sunt,
2738 4078 2844 4132 per
2876 4059 3271 4132 plenitudinem
3314 4068 3459 4132 verte1
3505 4059 3558 4132 in

1957 4122 2016 4188 se
2057 4122 2354 4187 divinitatis
2403 4144 2665 4204 aequatur.
2693 4122 2964 4200 'Namfut
2989 4129 3362 4204 superioribus
3408 4122 3559 4204 libris

1959 4207 2272 4272 docuimus,
2309 4221 2403 4274 per
2425 4194 2674 4260 virtutem
2698 4246 2711 4268 ,
2740 4216 2794 4260 et
2821 4194 3258 4274 venerationem,
3287 4198 3419 4252 sicut
3453 4194 3560 4274 Pa:

1964 4287 2046 4332 ter
2075 4286 2130 4331 et
2165 4263 2508 4332 honorandus
2531 4317 2547 4342 ,
2579 4286 2634 4332 et
2664 4263 2856 4346 potens
2882 4285 3006 4330 est:
3039 4276 3110 4329 ita
3142 4284 3196 4346 et
3232 4272 3394 4346 ineo
3417 4263 3564 4337 (ιιιοά

1961 4348 2122 4404 Pater
2149 4364 2364 4418 semper
2402 4359 2485 4404 est
2507 4392 2521 4414 ,
2549 4349 2599 4403 ei
2630 4341 2841 4418 quoque
2872 4348 2922 4400 in
2949 4344 3197 4418 eoiquod
3232 4341 3401 4418 Filius
3440 4347 3561 4418 est,

1963 4421 2102 4475 Filio
2140 4408 2357 4487 semper
2386 4408 2520 4476 esse,
2545 4408 2832 4476 commune
2861 4430 2965 4474 est.
2999 4408 3128 4472 Nam
3161 4413 3460 4487 secundum
3493 4408 3564 4462 ad

1963 4493 2182 4565 Moysen
2211 4485 2412 4565 dictum
2441 4511 2454 4548 :
2491 4493 2631 4546 Misit
2653 4507 2735 4545 me
2764 4492 2832 4545 ad
2862 4507 2948 4544 vos
2975 4491 3018 4565 is
3047 4489 3131 4551 qui
3161 4496 3233 4542 est
3256 4529 3270 4550 ,
3304 4485 3416 4539 Deo
3445 4493 3571 4565 pro-

1966 4560 2139 4635 priinu
2171 4578 2291 4619 esse
2323 4564 2375 4618 id
2431 4565 2572 4630 quod
2613 4573 2697 4619 est
2719 4605 2732 4626 ,
2767 4578 2874 4618 nou
2905 4562 3183 4635 ambigens
3223 4571 3416 4635 sensus
3443 4560 3568 4608 est:

1965 4630 2088 4706 quia
2119 4636 2170 4688 id
2217 4637 2359 4701 quod
2402 4646 2521 4702 est,
2555 4651 2660 4691 non
2692 4643 2870 4706 potest
2915 4630 3173 4702 intelligi,
3205 4630 3419 4698 dicique
3463 4637 3571 4678 non

257 4726 377 4765 rum
407 4703 809 4765 conversiones
827 4708 1156 4764 dimetiatur.
1192 4711 1260 4763 At
1303 4703 1523 4763 difﬁcile
1565 4719 1647 4763 est
1687 4710 1859 4780 expli-
1885 4703 1940 4764 D
1964 4703 2106 4764 esse.
2144 4709 2275 4763 Esse
2302 4710 2480 4772 enim,
2509 4721 2563 4763 et
2607 4703 2714 4763 non
2747 4723 2868 4763 esse
2895 4706 3167 4761 contraria
3196 4710 3322 4756 sunt
3350 4717 3364 4754 :
3395 4708 3573 4767 neque

333 4871 412 4948 (α)
458 4891 475 4924 ι
500 4872 591 4948 _At_
607 4884 736 4926 vero
765 4883 886 4923 cum
914 4867 966 4922 in
995 4866 1087 4922 Dei
1110 4867 1295 4930 rebus,
1327 4865 1379 4921 id
1409 4866 1565 4948 estin
1597 4867 1686 4948 Dei
1717 4868 1855 4948 nat-i7

261 4937 430 5000 vitate
461 4942 594 4998 nihil
622 4958 726 4997 non
772 4950 897 4996 ante
943 4951 1153 5008 tempus
1177 4948 1436 4993 aeternum
1470 4939 1606 4992 sit...
1642 4937 1867 5008 intelligi

265 5035 372 5073 non
423 5025 592 5086 potest
637 5014 867 5083 coepisse
900 5022 1019 5086 post
1061 5011 1294 5086 aliquid,
1338 5011 1429 5080 qui
1473 5025 1595 5065 esse
1617 5011 1870 5086 ⁸ςιίιᾙειιιιιξ

267 5081 508 5158 tempora
558 5081 760 5142 acterna
805 5081 1164 5158 conﬁtendns.
1209 5082 1264 5136 Si
1311 5083 1630 5158 ergo_nasci
1665 5081 1869 5158 aliquid

267 5153 393 5216 ante
421 5169 664 5227 tempora
693 5167 893 5214 {eterna
924 5169 1097 5224 neque
1138 5155 1190 5206 in
1223 5154 1432 5227 naturis
1459 5153 1708 5227 humanis
1741 5163 1870 5227 est,

271 5250 445 5303 neque
480 5224 545 5285 iu
575 5229 960 5303 intelligentia;
991 5237 1048 5282 et
1090 5225 1350 5303 tamenin
1395 5227 1495 5278 hoc
1524 5224 1876 5303 professioni-

270 5295 375 5360 bus
395 5304 460 5358 de
484 5318 542 5357 se
573 5302 664 5357 Dei
690 5295 930 5355 creditur
956 5317 968 5353 :
994 5299 1263 5367 quomodo
1288 5295 1337 5348 id
1361 5339 1374 5360 ,
1399 5299 1540 5364 quod
1571 5299 1686 5351 sine
1715 5312 1879 5352 sensu

274 5374 643 5444 intelligentia:
667 5386 885 5427 anet-na!
913 5383 1094 5444 natum
1124 5383 1338 5444 semper
1359 5409 1372 5433 ,
1405 5368 1454 5422 id
1484 5379 1564 5444 est
1597 5380 1718 5423 ante
1745 5377 1882 5444 tent-

277 5465 403 5518 pora
437 5440 636 5500 interna
686 5460 837 5518 esse,
871 5443 1165 5513 apostolica
1209 5440 1343 5494 ﬁdes
1383 5456 1502 5518 cum
1551 5442 1727 5495 locuta
1774 5442 1878 5508 sit,

277 5513 326 5575 id
360 5533 546 5574 rursus
593 5533 697 5571 non
734 5517 926 5582 fuisse,
972 5524 1257 5582 antequam
1302 5513 1574 5580 nascitur,
1611 5529 1706 5582 per
1748 5529 1876 5566 sen-

279 5607 396 5646 sum
426 5593 675 5643 humanze
703 5587 1070 5647 intelligentia-
1101 5586 1272 5638 nostri
1304 5587 1561 5653 temporis
1593 5585 1881 5639 inﬁdelitas

281 5661 585 5733 eloquitur?
612 5659 898 5733 cumquod
923 5669 1047 5733 ante
1079 5666 1290 5723 tempus
1324 5666 1505 5708 natum
1531 5667 1611 5710 est
1633 5698 1646 5719 ,
1671 5671 1886 5726 semper

283 5748 363 5790 εει
389 5729 572 5788 natum
604 5749 618 5785 :
651 5732 774 5801 quia
807 5729 1039 5801 id_quod
1069 5742 1151 5784 est
1182 5739 1306 5801 ante
1339 5737 1598 5801 (eternium
1633 5738 1844 5801 tempus
1869 5769 1886 5796 ,

281 5805 387 5862 hoc
411 5820 626 5873 semper
655 5799 758 5858 est.
789 5819 808 5853 ι
836 5799 1010 5856 Hilar.
1047 5801 1158 5855 loco
1184 5800 1370 5863 citato,
1398 5799 1453 5852 id
1483 5811 1555 5854 est
1575 5817 1628 5854 η.
1647 5799 1716 5855 ‘27
1733 5809 1779 5854 et
1795 5799 1888 5871 28,

286 5879 371 5932 tib.
407 5892 481 5933 xu
506 5877 574 5934 de
605 5873 856 5933 Trinitat.

2041 4863 2119 4938 (b)
2168 4864 2296 4918 Vide
2321 4862 2494 4938 Petav.
2524 4863 2591 4938 de
2613 4862 2801 4938 An_g_e_.,
2944 4874 2984 4925 t,
3003 4875 3122 4938 _cap_.
3151 4857 3240 4913 15.
3273 4852 3577 4938 ῑξὶᾱξριξαςη

1971 4923 2144 4992 nolam
2171 4937 2460 5008 appositam
2487 4934 2647 4988 verbis
2684 4923 2796 5008 illis
2824 4923 3104 5008 Novatiani
3126 4945 3252 5008 cap.
3294 4928 3318 4981 1
3364 4927 3479 4980 libri
3509 4923 3578 4978 de

1971 5009 2167 5064 Trinit.
2203 5001 2264 5061 Ξ’‹
2301 5007 2634 5074 Quamquam
2682 5007 2842 5060 etiam
2876 5001 3277 5074 superioribus,
3306 5009 3413 5074 etc._
3445 5013 3465 5047 ι

2048 5083 2124 5154 (c)
2165 5079 2281 5134 Lib.
2313 5068 2505 5154 contra
2537 5093 2692 5154 set-nt.
2751 5068 3141 5154 Arium—11:02.
3192 5070 3296 5154 ξι,
3342 5068 3576 5154 aliusnn.

1975 5137 2082 5216 20‘,
2108 5137 2234 5222 'pag.
2293 5149 2399 5204 MO
2454 5149 2583 5222 tomi
2629 5163 2719 5202 vlu
2765 5147 2889 5222 edit.
3089 5137 3152 5200 Β.
3185 5141 3378 5196 Mauri.
3409 5157 3435 5220 ι.
3469 5137 3582 5222 μίξει

1980 5217 2202 5279 moveai
2241 5223 2382 5290 quod
2431 5221 2589 5275 futuri
2619 5221 2878 5292 temporis
2896 5218 3141 5292 “verbum
3183 5223 3297 5292 est,
3329 5217 3578 5292 accipiet,

1985 5297 2136 5366 quasi
2190 5281 2426 5348 nondum
2472 5293 2700 5366 haberet
2725 5281 2748 5357 ξ
2772 5289 3139 5366 indifferenter
3168 5287 3366 5356 quippe
3395 5281 3584 5364 dicun-

1988 5362 2073 5422 t'nr
2101 5369 2354 5437 temporis
2373 5363 2818 5437 verba,qua_mvls
2845 5362 2964 5416 sine
2991 5370 3240 5437 tempore
3267 5367 3485 5437 manere
3507 5362 3585 5437 tn-

1991 5425 2258 5510 telliganir
2303 5425 2604 5510 aeternitas:
2642 5433 2774 5510 Nam
2815 5444 2869 5510 et
2897 5425 3119 5510 accepit
3153 5427 3386 5510 quiande
3428 5425 3586 5510 Patre

1987 5497 2275 5581 procvessn,
2313 5517 2368 5563 et
2399 5508 2628 5581 accipit,
2661 5507 2782 5574 quia
2806 5503 2880 5581 _de
2920 5497 3076 5557 Patre
3105 5497 3380 5581 procedit,
3412 5506 3469 5581 et
3497 5508 3588 5574 ae-

1987 5571 2148 5652 cipiet
2168 5625 2181 5647 ,
2206 5571 2326 5652 quia
2348 5581 2415 5636 de
2439 5571 2599 5634 Paire
2616 5571 2914 5652 procedere
2947 5587 3213 5639 nunquam
3239 5571 3485 5652 desinet:
3517 5571 3592 5652 si:

1988 5637 2078 5711 cut
2108 5637 2244 5709 Deus
2266 5661 2321 5706 et
2347 5660 2459 5715 est,
2483 5661 2536 5704 et
2565 5637 2690 5715 fuit,
2715 5659 2769 5702 et
2795 5649 2896 5701 erit
2916 5655 3016 5720 ,_et_
3033 5637 3211 5720 tamen
3239 5641 3448 5720 initium
3467 5637 3588 5720 ,vel

1994 5729 2152 5783 linem
2189 5711 2457 5794 temporis
2474 5737 2589 5794 nec;
2606 5711 2784 5794 habet,
2808 5716 3140 5794 necphabuit,
3165 5728 3263 5768 nec
3294 5711 3584 5794 habebith

2068 5781 2148 5870 (tl)
2190 5781 2316 5852 Lib:
2339 5811 2411 5851 vn
2455 5793 2523 5847 de
2550 5791 2766 5870 Trinit”
2795 5807 2848 5870 τι.
2899 5791 2986 5856 17,
3019 5798 3065 5845 et
3087 5791 3139 5843 in
3177 5803 3256 5856 ps.
3286 5799 3395 5852 xei,
3428 5801 3479 5837 η.
3523 5781 3591 5848 5,

2001 5873 2030 5924 «ί
2053 5863 2202 5935 ,’5’ρι
2231 5884 2333 5938 seq.
2356 5909 2368 5933 ,
2401 5883 2519 5936 pag.
2554 5864 2659 5918 266
2694 5863 2814 5918 tomi
2848 5879 2883 5917 ι.
