4062 6332
307 325 413 380 789

1013 322 1080 380 ΙΝ
1118 319 1378 381 HlLAlill
1416 320 1806 381 EPISTULA}!
1845 322 1978 383 SEU
2019 322 2363 384 LIBELLUM
2393 321 2938 384 ANNOTATIONES.

3495 322 3602 382 790

303 443 503 502 sarcula
525 443 821 515 Sapientia.
846 442 1028 514 Neque
1056 444 1230 499 solum
1255 443 1431 517 adest,
1456 445 1552 500 sed
1573 446 1735 501 etiam
1752 459 1899 502 com-
1932 448 1976 508 A
2004 444 2262 514 scriptum
2312 455 2417 512 est,
2466 445 2715 501 animalis
2755 445 3017 517 cujusque
3050 444 3230 501 anima
3260 444 3479 517 sanguis
3509 446 3590 516 ip-

339 519 474 573 onit.

302 533 474 590 ponit.
529 533 624 572 Issi
664 533 793 584 ergo
845 533 1177 588 componens
1235 533 1376 586 apua
1425 533 1621 587 ipsum.
1651 533 1891 590 tutettige

298 587 734 659 compositionis,
759 588 847 642 vel
873 587 1246 659 dispositionis
1272 587 1530 644 officium.
1565 589 1725 645 Pater
1747 591 1891 645 enim

297 663 350 717 in
383 676 450 716 eo
471 660 613 728 quod
669 658 924 732 loquitur,
967 658 1177 732 efficit;
1213 659 1382 715 Filius
1422 662 1472 714 in
1497 676 1562 714 eo
1589 661 1734 732 quod
1763 677 1895 730 ope-

296 743 468 796 ratur,
517 747 637 800 qua:
695 731 811 787 ﬁeri
837 731 1151 793 suntdicta,
1189 733 1485 801 componit.
1529 731 1892 790 Personarum

295 815 478 859 autem
533 801 605 858 ita
639 801 778 858 facta
809 801 1087 858 distinctio
1117 811 1221 866 est,
1274 813 1329 857 ut
1373 817 1508 870 opus
1531 803 1800 860 referatur
1825 805 1891 860 ad

295 887 605 942 utrumque.
632 873 764 928 Nam
795 875 944 946 ineo
974 874 1117 943 quod
1149 874 1369 940 dicitur,
1400 876 1674 946 faciamus.
1705 875 1887 945 etjus-

293 950 380 1004 sio
406 957 740 1014 exarquatur,
765 957 818 1001 et
847 945 1079 1001 factum:
1124 946 1174 999 in
1208 961 1274 1001 eo
1300 945 1586 1018 veroqnod
1609 948 1887 1005 scribitur:

299 1020 459 1074 Erant
495 1018 636 1083 apud
657 1018 800 1072 illum
847 1033 1176 1086 romponens,
1213 1033 1318 1073 non
1349 1020 1650 1074 Solitarium
1697 1035 1758 1074 se
1788 1022 1892 1077 sibi

294 1106 420 1148 esse
443 1092 495 1144 in
525 1090 841 1153 Operatione
858 1091 1146 1158 significat.
1174 1109 1192 1141 ι
1217 1091 1270 1143 In
1293 1092 1541 1144 eumdem
1571 1107 1788 1145 sensqu
1807 1092 1890 1146 Io-

292 1176 452 1218 cutus
481 1161 610 1215 mihi
657 1161 870 1216 videtur
898 1162 1037 1215 idem
1084 1161 1318 1216 Hilarius
1349 1177 1401 1215 n.
1460 1161 1531 1218 45
1572 1164 1690 1217 libri
1724 1179 1798 1218 xtt
1824 1164 1890 1219 de

294 1235 580 1296 Trinitate,
625 1247 784 1302 quem
817 1248 950 1299 rogo
970 1234 1245 1288 consulas.
1269 1233 1405 1288 Tum
1438 1250 1567 1288 vero
1598 1233 1761 1295 scies.
1793 1251 1891 1290 cur

292 1307 555 1360 artificem
587 1305 750 1360 etiam
782 1303 1017 1360 Verbum
1067 1307 1342 1372 nominet;
1371 1306 1493 1374 quia
1531 1307 1739 1361 scilicet
1765 1323 1886 1363 cum

293 1378 547 1442 sapientia
574 1377 642 1430 sit
671 1377 808 1431 illius
853 1377 971 1441 Dei,
1011 1377 1290 1445 sapientiae
1322 1377 1422 1447 ipsi
1450 1377 1613 1432 veluti
1636 1377 1889 1448 dirigenti

293 1449 717 1518 tribuituropns.
746 1450 972 1516 ideoque
993 1448 1155 1502 etiam
1190 1450 1443 1514 tnundus,
1473 1449 1734 1504 eximium
1766 1466 1892 1518 pro-

292 1523 434 1576 fecto
487 1519 768 1590 opiﬁcium.
820 1520 1004 1590 Neque
1043 1521 1094 1573 itt
1151 1531 1332 1575 nostra
1365 1522 1464 1574 hac
1499 1521 1736 1590 Epistola
1769 1534 1888 1577 tan-

294 1592 572 1648 tummodo
601 1593 852 1660 artiﬁcem
889 1608 951 1647 ea
983 1592 1050 1645 de
1077 1607 1237 1647 causa
1272 1593 1506 1648 Verbum
1529 1593 1767 1647 divinum
1795 1609 1894 1662 ap-

294 1665 462 1734 pellat
495 1681 508 1718 :
543 1679 729 1734 verum
762 1665 926 1719 etiam
974 1679 1124 1718 num.
1155 1666 1187 1718 4
1233 1663 1357 1719 libri
1395 1679 1468 1718 xtt
1511 1666 1578 1719 de
1601 1663 1884 1729 Trinitate,

290 1733 344 1791 in
377 1751 486 1807 quo
515 1733 740 1807 quidem
762 1736 878 1807 loco
907 1738 1126 1804 copiose
1162 1738 1272 1806 agit
1297 1737 1366 1791 de
1400 1736 1574 1790 Verbo
1609 1737 1699 1790 Dei
1731 1753 1887 1791 mun-

289 1804 419 1862 dum
449 1804 771 1877 creante-(a).
789 1806 944 1862 Hunc
961 1821 1174 1877 quoque
1193 1804 1514 1872 l'ocum,oro,
1541 1810 1884 1863 utconsulas.

361 1880 469 1935 Sed
497 1895 595 1934 cur
620 1879 806 1933 Patres
834 1886 1038 1933 tantum
1064 1879 1362 1945 alferimus,
1390 1890 1443 1934 et
1467 1880 1748 1950 hymnum,
1783 1896 1890 1951 quo

290 1951 535 2006 Ecclesia
581 1952 771 2017 utitur,
797 1952 1181 2021 praeterimus?
1227 1951 1352 2006 Haec
1400 1951 1609 2008 scilicet
1652 1953 1893 2009 Ecclesia

287 2024 533 2080 concinit
559 2021 636 2095 (ὁ)
661 2041 674 2077 :
1167 2077 1170 2080 .

538 2115 789 2179 Nascente
811 2116 893 2179 qui
919 2114 1099 2179 Mundo
1123 2114 1266 2166 faber

606 2177 878 2228 Imaginem
904 2177 1065 2228 vultus
1087 2179 1157 2228 tui

602 2240 825 2291 Tradens
845 2241 1029 2289 Adatno
1045 2279 1058 2302 ,
1085 2240 1300 2290 nobilem

604 2303 744 2353 Limo
764 2304 943 2365 jugasti
968 2304 1211 2365 spiritum.

539 2367 660 2419 Cum
685 2365 826 2427 livor,
855 2373 907 2416 et
929 2365 1062 2416 fraus
1083 2366 1328 2416 daemonis

613 2429 870 2480 Foedasset
894 2432 1152 2477 humanum
1175 2441 1336 2490 genus
1357 2443 1368 2478 :

606 2491 679 2542 Tu
704 2504 852 2540 carne
875 2494 1077 2540 amictus
1101 2491 1341 2553 perditam

605 2554 831 2605 Formam
854 2553 1091 2603 reformas
1112 2553 1312 2604 artifex.

295 2641 449 2708 Quod
479 2640 634 2710 plane
659 2639 908 2710 congruit
935 2655 1056 2694 cum
1087 2654 1153 2694 eo
1201 2639 1422 2710 hymno,
1456 2655 1562 2710 quo
1606 2649 1894 2708 antequam

293 2712 712 2768 eccelesiasticis
740 2711 953 2783 hymnis
972 2711 1333 2781 elegantiores
1357 2727 1614 2767 numeros
1641 2712 1892 2770 Urbanus

294 2783 412 2840 Vill
441 2785 718 2852 tribueret,
748 2783 1023 2838 Romanus
1051 2783 1238 2838 Clerus
1267 2783 1534 2838 utebatur.

682 2881 731 2929 ui
757 2878 923 2929 mundi
949 2880 998 2928 in
1023 2877 1286 2941 primordio

687 2942 800 2992 dam
826 2941 1068 3005 plasmasti
1096 2941 1361 3001 hominem,

641 3040 656 3058 ο
725 3041 737 3055 ο
809 3042 820 3053 ι
890 3043 902 3054 ο
972 3039 984 3054 ο
1057 3042 1068 3054 ο
1141 3042 1153 3054 ι
1222 3040 1233 3053 σ
1306 3041 1318 3054 ο
1387 3038 1402 3054 ο

643 3067 707 3118 Ut
731 3068 980 3117 hominem
1005 3067 1298 3125 redimeres,

639 3131 799 3192 Quem
823 3137 938 3180 ante
958 3131 1054 3194 jam
1074 3130 1420 3193 plasmaveras,
1449 3135 1544 3180 etc.

529 517 624 590 Est
664 531 793 590 ergo
832 529 1177 590 componens
1203 588 1211 590 ᾗ
1235 515 1376 590 apud
1404 518 1621 590 ipsum.
1651 517 1895 590 lntellige

1921 1849 1968 1911 Β

2002 517 2116 571 sius
2165 517 2256 581 sit,
2300 517 2519 588 sanguis
2559 525 2740 573 autem
2787 527 3073 572 concretus
3094 517 3265 574 soleat
3294 517 3350 573 in
3370 531 3589 573 carnem

1999 590 2366 660 transmutari,
2414 603 2542 644 caro
2595 604 2726 644 vero
2766 598 3019 660 corrupta
3043 589 3099 644 in
3129 599 3326 645 terram
3355 590 3593 645 resolva-

1999 670 2119 716 tur:
2147 659 2270 731 jure
2296 675 2358 715 ac
2390 661 2586 716 merito
2615 670 2700 716 est
2733 659 2864 731 quid
2893 659 3167 717 terrenum
3194 661 3372 716 anima
3401 661 3593 716 bruto-

1995 747 2139 788 rum.
2176 730 2440 786 Producat
2479 732 2641 803 igitur
2660 730 2798 787 terra
2826 733 3053 787 animam
3081 734 3348 789 viventem.
3378 731 3589 788 Anima:

1995 803 2460 876 videaflinitatem
2503 819 2626 859 cum
2651 805 2911 874 sanguine
2960 805 3238 876 sanguinis
3257 819 3378 859 cum
3402 820 3587 871 carne,

1995 873 2173 931 carnis
2194 891 2317 930 cum
2343 875 2564 930 tellure:
2593 885 2646 930 et
2678 873 2866 931 rursus
2907 873 3098 933 ordine
3126 878 3344 932 inverso
3373 891 3469 946 per
3491 892 3584 931 ea-

1995 947 2119 1002 dem
2167 946 2455 1019 regredere
2495 961 2524 1000 a
2553 955 2695 1019 terra
2746 948 2812 1002 ad
2853 963 3095 1013 carnem,
3128 965 3156 1001 a
3184 963 3348 1004 carne
3373 948 3438 1003 ad
3466 963 3590 1002 san-

1993 1015 2296 1088 guinemJa
2326 1020 2589 1089 sanguine
2611 1015 2676 1073 ad
2701 1020 2936 1074 animam
2957 1061 2972 1084 ,
2993 1029 3048 1076 et
3076 1035 3329 1089 pecorum
3355 1021 3590 1074 animam

1999 1101 2268 1147 terrenam
2299 1107 2422 1146 esse
2459 1092 2781 1160 comperies.
2835 1091 2978 1146 Cave
3025 1095 3326 1152 existimes.
3356 1092 3590 1147 animam

1993 1177 2117 1218 esse
2146 1162 2390 1232 corporis
2421 1163 2660 1232 ipsorum
2687 1165 3074 1218 constitutione
3105 1163 3512 1220 ve‘tusthwem.»

2065 1234 2249 1289 Altera
2279 1248 2438 1302 porro
2481 1235 2771 1300 explicatio
2811 1234 3003 1290 eodem
3039 1251 3253 1306 quoque
3282 1235 3484 1306 Basilio
3508 1235 3591 1289 in-

1993 1307 2396 1379 nititur,_quem
2425 1306 2616 1379 audire
2639 1314 2859 1379 praestat
2879 1307 3007 1379 haec
3036 1305 3324 1379 docentem
3354 1305 3591 1379 (Hexae-

1994 1394 2143 1442 mer.,
2185 1377 2382 1431 Homil.
2409 1393 2483 1439 tx,
2510 1395 2561 1447 tt.
2593 1378 2650 1442 9.,
2679 1395 2799 1450 pag.
2829 1377 2944 1449 81).
2977 1397 2995 1430 t
3026 1376 3292 1432 Producat
3319 1376 3457 1450 terra,
3479 1379 3594 1432 ani-

1993 1466 2131 1502 mam
2164 1450 2408 1503 viventem
2459 1465 2724 1520 pecorum,
2754 1449 2815 1503 iet
2863 1450 3163 1515 bestiarum,
3211 1459 3257 1503 et
3305 1449 3588 1517 reptilium.

1993 1521 2287 1576 Censidera
2317 1521 2410 1575 Dei
2440 1534 2630 1576 vocem
2661 1535 2754 1590 per
2796 1535 2887 1576 res
2916 1534 3128 1576 creatas
3179 1522 3588 1592 pervadentem,

1993 1608 2114 1662 quze
2155 1602 2210 1647 et
2269 1605 2390 1647 tunc
2421 1593 2641 1662 incepit,
2674 1601 2730 1646 et
2775 1607 2944 1661 usque
2965 1593 3142 1648 adhuc
3168 1591 3362 1649 efﬁcax
3395 1602 3496 1658 est,
3527 1607 3591 1647 ac

1995 1665 2047 1718 in
2105 1663 2264 1718 linem
2300 1663 2591 1718 transitura
2628 1672 2730 1732 est,
2783 1665 2926 1734 quod
2971 1674 3382 1721 consummatus
3431 1663 3595 1719 fuerit

1993 1736 2248 1791 mundus.
2289 1735 2754 1802 Quemadmodum
2792 1736 2948 1808 enim
3002 1736 3196 1808 globus
3233 1750 3354 1790 cum
3401 1751 3430 1788 a
3464 1752 3596 1804 quo-

1995 1809 2138 1878 piam
2190 1809 2353 1863 fuerit
2392 1817 2570 1862 motus
2601 1849 2614 1865 .
2661 1823 2724 1861 ac
2771 1807 3031 1876 deinceps
3058 1809 3322 1864 declivem
3352 1808 3587 1878 aliquem

1999 1879 2173 1934 locum
2228 1891 2418 1936 nactus
2463 1879 2642 1944 fuerit,
2675 1888 2810 1934 etex
2843 1881 3056 1948 pr0pria
3102 1889 3395 1945 structura,
3427 1889 3480 1932 et
3526 1896 3595 1934 ex

1996 1951 2100 2006 loci
2127 1953 2528 2022 opportunitate
2545 1951 2800 2006 deorsum
2827 1951 3016 2017 fertur,
3049 1967 3148 2007 nec
3171 1954 3320 2022 prius
3339 1950 3592 2022 quiescit,

1996 2037 2158 2092 quam
2201 2023 2453 2094 planities
2499 2023 2678 2093 aliqua
2707 2024 2882 2092 ipsum
2933 2026 3235 2092 exceperit:
3288 2024 3360 2077 ita
3409 2038 3591 2078 rerum

1996 2105 2190 2149 natura
2221 2112 2327 2150 uno
2358 2107 2629 2166 praecepto
2654 2095 2894 2161 incitata,
2924 2110 3011 2150 res
3041 2095 3289 2151 conditas
3315 2094 3596 2162 aequaliter

1998 2165 2050 2220 in
2084 2165 2455 2236 generatione,
2485 2167 2604 2221 etin
2636 2167 2984 2233 corruptione
3014 2175 3282 2237 penetrat.
3307 2177 3594 2236 servatque

1997 2252 2097 2320 per
2131 2238 2538 2320 similitudinem
2558 2239 2961 2320 “successiones
3006 2253 3288 2320 generum,
3329 2237 3503 2292 donec
3526 2237 3592 2291 ad

1999 2308 2173 2378 ipsum
2204 2310 2512 2380 pervenerit
2556 2308 2740 2365 linem.
2781 2308 2913 2366 Nam
2936 2308 3133 2380 equum
3163 2311 3285 2381 equi
3311 2323 3594 2364 successo-

1998 2395 2113 2435 rem
2171 2382 2312 2446 facit,
2369 2382 2581 2437 leonem
2622 2382 2825 2448 leonis,
2879 2383 3112 2452 aquilam
3159 2381 3350 2450 aquilas
3382 2398 3396 2434 :
3429 2383 3593 2434 immo

1999 2453 2208 2522 singula
2239 2453 2493 2509 animalia
2515 2456 2970 2524 consequentibus
2993 2453 3430 2511 successionibns
3460 2467 3583 2506 con-

2000 2536 2213 2579 servata
2245 2541 2418 2596 usque
2449 2525 2514 2580 ad
2541 2525 2788 2582 Uaiversi
2835 2529 3362 2582 consummationem
3413 2531 3591 2578 trans-

2000 2596 2182 2651 mittit.
2215 2596 2451 2666 Tempus
2496 2598 2700 2652 nullum
2732 2597 2965 2652 destruit
3009 2598 3319 2653 animalium
3351 2596 3593 2665 praprie-

2001 2675 2168 2724 tates:
2201 2669 2296 2724 sed
2331 2679 2584 2738 tanquam
2608 2683 2778 2738 nuper
2795 2671 3085 2724 constituta
3113 2681 3300 2724 natura
3319 2669 3410 2732 sit,
3452 2682 3596 2722 sem-

2001 2755 2095 2810 per
2116 2755 2307 2796 recens
2328 2756 2430 2796 una
2457 2755 2576 2794 cum
2607 2751 2850 2807 tempore
2878 2741 3137 2797 excurrit.
3167 2739 3432 2796 Producat
3462 2749 3597 2792 terra

1999 2812 2225 2865 animum
2249 2813 2511 2866 viventem.
2542 2812 2653 2883 Hoc
2674 2821 3002 2883 prmceptum
3028 2822 3188 2868 terra:
3221 2811 3460 2878 inlitesit,
3492 2825 3594 2867 nec

1998 2897 2060 2937 ea
2091 2883 2333 2938 Creatori
2359 2883 2555 2939 desinit
2584 2882 2898 2939 famulari.)

2069 2953 2406 3026 Quamquam
2480 2956 2525 3008 si
2585 2956 2707 3026 quis
2754 2954 2885 3010 illud
2960 2954 3328 3026 generationis
3373 2967 3590 3026 genus,

1997 3025 2141 3095 quod
2173 3022 2514 3094 spontaneum
2562 3022 2759 3081 vetusti
2803 3022 3118 3094 Philosophi
3153 3022 3447 3095 appellant.
3472 3022 3589 3078 sive

1998 3112 2061 3152 ea:
2102 3099 2261 3166 putri.
2319 3099 2406 3153 hic
2450 3105 2932 3153 commemoratum
2985 3098 3152 3161 dicet,
3183 3111 3302 3152 rem
3371 3095 3516 3149 dicet
3557 3111 3588 3166 a

1995 3164 2274 3224 verisimili
2299 3171 2520 3224 minimc
2567 3169 2828 3224 alienam:
2855 3178 3069 3224 veteres
3113 3166 3254 3223 enim
3283 3164 3590 3236 huiusmodi

367 3236 456 3312 88.
484 3236 538 3312 _li
569 3235 785 3312 quibus
810 3234 1008 3312 placet,
1041 3233 1239 3312 Patres
1260 3233 1676 3312 inexplicandis
1705 3233 1884 3312 Scrip-
1917 3242 1962 3308 ρ
1994 3243 2372 3311 generationes
2395 3256 2570 3311 aquae,
2600 3241 2961 3312 imbriumque
3007 3240 3250 3312 subsidio
3281 3233 3461 3312 pet-agi
3492 3251 3590 3312 po-

291 3309 431 3364 turis
481 3303 622 3378 ipsis
660 3303 937 3361 Platonem
981 3307 1178 3378 (quoad
1211 3307 1322 3378 lteri
1375 3307 1424 3359 id
1473 3303 1678 3378 posset)
1721 3303 1888 3363 fuisse

290 3377 529 3445 secutos,
575 3379 801 3435 minime
851 3377 1180 3432 verebuntur
1236 3377 1495 3432 Hilarium
1544 3377 1661 3432 haec
1690 3393 1887 3448 prepo-

291 3459 548 3508 itentent:
600 3453 774 3506 anima
819 3449 1054 3504 videlicet
1085 3452 1224 3518 ipsas
1268 3449 1508 3503 materias
1547 3452 1886 3515 animaverat,

290 3535 352 3579 ut
385 3523 705 3578 nascentibus
732 3521 1056 3594 postmodum
1078 3520 1422 3594 animantibus
1435 3523 1634 3576 animas
1662 3537 1884 3577 commo-

289 3596 496 3662 darent,
550 3594 841 3650 Platonicis
891 3593 1224 3648 adscribere.
1258 3593 1326 3647 At
1373 3593 1439 3648 iis
1488 3595 1708 3648 trtinime
1739 3594 1887 3650 illum

286 3667 704 3738 adscripserim:
759 3667 882 3720 novi
931 3667 1075 3738 enim
1121 3663 1398 3738 Platonica
1450 3666 1722 3736 dogmata,
1770 3683 1890 3735 qua:

289 3739 477 3796 mundi
511 3740 767 3803 animam,
795 3748 849 3793 et
872 3739 972 3791 alia
999 3737 1271 3790 hisafllnia
1296 3737 1576 3797 exhibent.
1611 3753 1717 3793 non
1751 3739 1892 3794 mul-

291 3821 406 3865 tum
456 3811 629 3866 laudis
668 3810 806 3880 apttd
848 3809 1198 3864 Orthodoxos
1230 3808 1432 3864 habere
1464 3825 1642 3879 posse.
1675 3811 1890 3867 Duobus

288 3883 475 3954 itaque
506 3883 680 3938 modis
718 3883 1043 3938 sententiam
1096 3880 1498 3954 explicaverim.
1550 3882 1643 3936 Vel
1685 3882 1892 3937 scilicet

287 3951 402 4019 dic,
428 3969 494 4010 ex
540 3954 727 4009 Hilarii
782 3955 1051 4008 sententia
1103 3955 1267 4008 Deum
1318 3951 1580 4010 indidisse
1629 3955 1782 4022 aquis
1811 3954 1887 4018 id,

289 4027 674 4096 quodcumque
714 4025 934 4082 tandem
968 4025 1096 4080 illud
1125 4026 1213 4090 sit,
1238 4039 1344 4093 quo
1367 4026 1612 4094 piscium,
1645 4035 1699 4078 et
1724 4027 1890 4095 repti-

288 4097 449 4164 lium,
479 4107 533 4154 et
559 4099 858 4153 volatilium
892 4099 1088 4152 anima:
1110 4105 1400 4150 constant:
1434 4107 1594 4166 atque
1616 4097 1744 4150 illud
1774 4099 1892 4165 qui.

286 4171 440 4233 dem,
492 4171 621 4227 licet
654 4185 684 4223 a
718 4169 872 4223 nobis
918 4171 1194 4240 ignoretur
1220 4168 1436 4233 modus,
1471 4183 1579 4238 quo
1608 4167 1657 4222 id
1693 4171 1888 4224 factum

288 4242 386 4308 sit,
413 4252 588 4297 tamen
620 4251 897 4312 peractum
923 4250 1072 4297 certe
1093 4249 1208 4312 est:
1233 4253 1500 4308 excepere
1518 4240 1663 4294 enim
1694 4241 1889 4310 pisces,

288 4314 600 4384 ctreptilia,
624 4311 687 4368 et
733 4327 881 4379 aves,
915 4329 1078 4383 quum
1117 4311 1300 4384 vivere
1348 4322 1653 4384 cmperunt,
1683 4314 1892 4368 animas

289 4386 361 4440 ab
385 4383 666 4456 aquisjam
695 4385 878 4439 divina
895 4385 1139 4454 jussioue
1157 4383 1480 4439 fecundatis.
1511 4383 1609 4437 Vel
1631 4384 1728 4440 dic
1754 4385 1894 4440 indi-

289 4467 375 4513 tas
400 4459 510 4527 jam
545 4456 710 4512 fuisse
731 4457 938 4511 animas
969 4457 1286 4526 piscibus,et
1309 4456 1684 4525 reptiiibus,et
1703 4458 1891 4512 avibus

289 4544 358 4585 ex
389 4529 580 4599 quibus
609 4531 782 4599 pisces
815 4537 869 4585 et
889 4543 1036 4590 aves,
1058 4538 1109 4581 et
1139 4529 1369 4597 reptilia,
1398 4527 1666 4582 nascitura
1682 4529 1890 4583 animas

289 4615 506 4672 quoque
541 4599 1370 4672 suasrerepturaforent(neque
1392 4600 1535 4653 enim
1556 4600 1802 4669 piscium,
1833 4609 1890 4655 et

289 4671 561 4742 reptilium
578 4675 769 4728 animus
781 4679 1034 4728 creantur
1049 4681 1103 4726 et
1117 4671 1468 4726 infunduntur
1481 4672 1530 4725 in
1543 4687 1766 4741 corpora
1781 4673 1891 4741 jam

287 4747 547 4800 formata:
567 4761 686 4799 nam
709 4745 808 4800 hoc
823 4755 1028 4798 tantum
1046 4747 1095 4797 in
1122 4744 1338 4798 immitte
1355 4745 1553 4809 evenit;
1579 4744 1672 4798 sed
1692 4760 1783 4814 per
1801 4759 1893 4814 ge-

293 4818 636 4873 nerationem
655 4817 1123 4872 communicanlur
1135 4816 1599 4886 excipiunturque)
1613 4816 1740 4871 .Cur
1752 4819 1894 4870 enim

288 4889 360 4944 de
393 4889 616 4958 piscium
645 4888 929 4943 animabus
978 4887 1027 4941 id
1047 4888 1240 4958 dicere
1281 4905 1386 4942 non
1423 4887 1624 4949 licebit,
1653 4888 1795 4958 quod
1823 4889 1890 4943 de

291 4956 574 5015 brutorutn
617 4962 899 5015 animabus
941 4956 1161 5014 tradidit
1189 4959 1454 5013 Basilius?
1483 4958 1648 5029 Cujus
1671 4956 1886 5030 quidem

291 5033 458 5086 verba
508 5033 828 5086 laudabilem
899 5033 1183 5103 paritatetn
1233 5031 1389 5085 nobis
1439 5031 1698 5099 pra-bent.
1754 5032 1889 5103 Ecce

291 5119 460 5181 porro
503 5105 628 5181 quid
680 5100 912 5181 Basilius
963 5105 1061 5181 hoc
1107 5102 1540 5181 de_arg_utnt-nto
1582 5103 1774 5181 doceat
1816 5100 1887 5174 (c)

292 5173 534 5249 priorem
565 5175 708 5231 illam
736 5175 1155 5249 explicationem
1187 5173 1890 5249 haud_obscureiudicans.

303 5244 604 5303 tProducat
627 5259 763 5302 terra
785 5244 1013 5300 animam
1029 5248 1294 5301 viventem.
1331 5244 1442 5300 Cur
1473 5247 1721 5315 producit
1753 5257 1898 5300 terra

294 5322 532 5375 animam
580 5321 884 5375 viventem?
917 5331 993 5383 ut,
1025 5318 1152 5388 quid
1202 5320 1342 5372 inter
1370 5318 1604 5372 animant
1647 5317 1892 5388 pecudis,

293 5401 352 5449 et
381 5394 520 5447 inter
562 5393 794 5446 animam
840 5389 1076 5445 hominis
1109 5389 1342 5454 intersit,
1366 5389 1563 5444 discas.
1616 5387 1898 5458 Quomodo

296 5464 536 5519 hominis
583 5464 760 5517 anima
801 5463 1028 5517 formata
1060 5462 1150 5526 sit,
1185 5464 1344 5532 paulo
1391 5473 1506 5530 post
1539 5463 1712 5516 scies:
1759 5476 1900 5516 nunc

297 5550 432 5592 vero
457 5535 524 5591 de
568 5535 849 5592 brutoi-um
878 5536 1056 5590 anima
1087 5531 1232 5588 audi.
1275 5531 1410 5588 Cum
1445 5533 1597 5604 juxta
1655 5533 1708 5588 id
1757 5533 1900 5604 quod

376 5649 452 5724 (a)
495 5649 656 5704 Testis
680 5660 753 5724 est
779 5650 962 5707 Petrus
993 5652 1066 5705 ita
1093 5651 1318 5706 scribens
1342 5667 1360 5705 :
1382 5651 1544 5720 Quasi
1565 5651 1720 5724 lideli
1746 5665 1896 5724 perea-

302 5727 406 5779 tori
439 5723 888 5796 commendantes
933 5726 1141 5778 animas
1172 5732 1400 5779 vestras.
1433 5723 1571 5792 Quid
1605 5723 1780 5796 operis
1826 5739 1920 5779 uo-

300 5812 415 5852 ttten
436 5794 620 5866 ropi/ici
649 5796 999 5866 imponimus?
1025 5805 1132 5852 etc.

377 5865 454 5941 (b)
480 5865 544 5923 in
578 5865 785 5940 hymno
814 5869 880 5926 ad
913 5875 1105 5932 muttit.
1139 5876 1304 5939 temp.
1337 5867 1520 5939 pascit.

1996 3314 2260 3368 tissimum
2313 3313 2737 3368 arbitrabantur.
2787 3311 2923 3367 ilinc
2978 3311 3206 3366 Basilius
3229 3311 3583 3381 (libetenim,

1991 3384 2246 3453 qttoniam
2290 3386 2570 3452 superiora
2623 3383 2765 3439 illius
2812 3384 3135 3438 auctoritate
3195 3379 3427 3453 lirtnavi,
3483 3379 3586 3453 hoc

1991 3450 2210 3526 quoque
2239 3450 2481 3527 ejusdem
2527 3455 2848 3527 auctoritate
2887 3450 3268 3525 comprobare)
3313 3451 3589 3527 hinc,_in-

1991 3524 2174 3598 quatit,
2235 3524 2460 3583 Basilius
2509 3526 2752 3597 proxime
2800 3539 2923 3598 post
2951 3524 3433 3594 superiora'verba
3473 3525 3590 3598 haec

1991 3596 2237 3669 sulqicit:
2268 3617 2287 3652 ι
2313 3599 2424 3654 Alia
2439 3596 2582 3654 enim
2609 3613 2674 3653 ex
2692 3596 3038 3655 successione
3059 3612 3270 3662 eorum,
3298 3611 3418 3665 qua:
3444 3596 3592 3669 prius

1993 3668 2242 3730 extitere.
2285 3673 2689 3743 producuntur:
2728 3671 2830 3725 alia
2865 3686 2992 3726 vero
3017 3685 3083 3726 ex
3109 3671 3220 3739 ipsa
3249 3679 3392 3724 terra
3422 3668 3586 3743 etiam

1993 3758 2137 3798 nunc
2180 3737 2355 3798 adhuc
2413 3745 2575 3797 vitam
2628 3743 2872 3812 accipere
2917 3737 3260 3812 compertum
3311 3751 3412 3794 est.
3467 3737 3586 3812 Non

1991 3815 2134 3869 enim
2165 3815 2336 3869 solum
2368 3814 2564 3884 pluvio
2595 3810 2837 3885 tempore
2873 3815 2987 3869 edit
3005 3810 3239 3878 cicadas,
3263 3820 3355 3866 aut
3375 3811 3478 3865 alia
3508 3810 3593 3864 iit-

1993 3901 2220 3941 numera
2244 3888 2544 3940 Volatilium
2601 3887 2654 3939 in
2705 3901 2832 3940 aere
2877 3886 3181 3956 vagantium
3204 3898 3424 3954 genera,
3457 3895 3592 3956 quo,

1994 3973 2111 4011 rum
2143 3958 2371 4027 plurima
2404 3967 2624 4028 propter
2665 3953 2980 4012 tenuitatem
3007 3966 3133 4011 sunt
3153 3953 3420 4028 anonyma
3443 3969 3456 4016 ;
3478 3953 3584 4028 sed

1994 4023 2176 4098 mures
2205 4023 2468 4092 etiamfet
2495 4023 2656 4084 ranas
2708 4044 2773 4083 ex
2801 4044 2858 4083 se
2888 4031 3001 4098 ipsa
3030 4029 3255 4098 profert.
3283 4023 3416 4098 Nam
3444 4023 3586 4080 circa

1993 4095 2207 4156 Thebas
2249 4100 2673 4172 [Egyptiasmbi
2729 4101 2780 4154 in
2827 4095 3238 4172 testibus_l;irge
3268 4097 3427 4172 pluit,
3474 4103 3586 4172 sta-

1994 4175 2088 4225 tim
2117 4167 2511 4241 campestribus
2523 4170 2764 4227 muribus
2785 4172 2932 4242 regio
2957 4167 3227 4242 expletur.
3242 4167 3393 4242 Quin
3425 4167 3586 4242 etiam

1996 4238 2262 4314 anguillas
2295 4243 2525 4299 vidimus
2576 4258 2685 4298 non
2716 4238 2874 4297 aliter
2902 4238 3063 4312 quam
3109 4257 3176 4296 ex
3218 4241 3348 4295 lituo
3373 4238 3578 4294 consti-

1996 4316 2092 4375 tui,
2125 4329 2187 4368 ac
2206 4316 2479 4385 generari,
2509 4330 2735 4385 quarum
2768 4315 3174 4385 successionem
3201 4325 3374 4382 neque
3395 4323 3582 4378 ovum,

1995 4397 2174 4456 neque
2203 4384 2345 4442 nllus
2373 4387 2512 4442 alius
2531 4384 2732 4440 modus
2772 4384 3015 4446 coniicit.
3049 4385 3144 4441 sed
3178 4387 3308 4455 ipsa:
3336 4397 3405 4438 ex
3437 4390 3583 4438 terra

1996 4468 2174 4524 ortum
2206 4459 2423 4513 habent.
2459 4457 2728 4512 Producat
2757 4466 2897 4513 terra
2928 4457 3188 4524 animam,
3218 4466 3326 4512 etc.
3367 4472 3387 4508 ι

2070 4523 2246 4599 Atque
2277 4530 2358 4584 his
2395 4529 2869 4599 explicationibus,
2895 4545 3013 4584 mea
3041 4523 3258 4598 quidem
3274 4526 3567 4591 sententia,

1999 4602 2253 4657 illustrari
2278 4601 2437 4657 facile
2459 4611 2682 4671 possunt
2702 4616 2786 4667 ea,
2815 4617 2936 4672 quas
2964 4601 3337 4671 allegavimtts,
3364 4599 3589 4672 hujusce

1999 4675 2253 4744 Epistulae
2283 4675 2468 4739 verba,
2493 4689 2664 4744 neque
2681 4671 2943 4742 cogimur,
2970 4681 3029 4728 ut
3057 4672 3299 4728 dicamus
3327 4671 3588 4733 animam,

1996 4747 2149 4815 Cujus
2181 4748 2266 4800 hic
2297 4749 2498 4801 mentio
2546 4746 2626 4813 ﬁt,
2659 4759 2780 4800 esse
2813 4747 2986 4814 ipsum
3019 4745 3280 4816 Spiritum
3325 4744 3583 4816 Sanctum

1998 4814 2379 4872 feettudantetn
2409 4831 2608 4888 aquas:
2651 4833 2772 4886 qua:
2819 4825 2998 4871 tamen
3037 4814 3222 4884 opinio
3259 4824 3324 4888 et_
3352 4814 3588 4888 Stettclio

1998 4898 2184 4943 nostro
2216 4886 2486 4958 placuisse
2519 4889 2628 4942 visa
2670 4899 2771 4951 est,
2805 4898 2860 4942 et
2893 4891 3170 4944 veteribus
3218 4886 3403 4958 muliis
3431 4898 3590 4958 aper-

1998 4955 2230 5015 tissime'
2279 4961 2502 5030 placuit,
2550 4973 2778 5030 eamque
2827 4959 3057 5013 fortasse
3115 4958 3298 5030 innuit
3333 4955 3588 5030 Basilius,

1996 5047 2118 5086 cum
2151 5032 2264 5104 huic
2279 5025 2492 5100 scripsit
2510 5030 2590 5104 (ά)
2616 5049 2628 5084 :
2656 5047 2674 5082 t
2694 5025 2812 5084 Non
2831 5031 3008 5086 solum
3027 5045 3225 5102 corpus
3253 5029 3375 5104 ejus
3387 5025 3590 5104 _(Ito_mi-

1997 5105 2098 5174 nis)
2125 5099 2538 5173 circumjacens,
2572 5099 2625 5174 et
2655 5113 2820 5156 {estus
2849 5105 3096 5172 corporis
3128 5099 3430 5174 tranquilla
3458 5099 3590 5156 sint.

2000 5172 2094 5250 sed
2141 5176 2302 5250 etiam
2335 5172 2604 5244 quidquid
2636 5175 2826 5239 ambit,
2854 5186 2906 5230 et
2958 5172 3442 5250 circumplectitur,
3473 5181 3593 5250 em-

2000 5247 2109 5300 lum
2145 5247 2416 5312 videlicet,
2452 5257 2621 5312 terra,
2649 5261 2820 5312 mare,
2852 5255 2906 5302 et
2933 5261 3054 5316 qua:
3077 5246 3128 5300 in
3155 5244 3233 5300 cis
3261 5252 3389 5316 sunt
3417 5244 3588 5296 ratio-

2002 5318 2260 5390 naliaalit
2315 5317 2574 5390 intelligat
2631 5319 2913 5387 adimpleri
2953 5315 3176 5390 omnia,
3230 5315 3592 5390 spiritumque

2003 5387 2281 5446 undelibet
2333 5383 2640 5460 super'ipsa
2674 5383 2837 5453 stare,
2885 5402 2988 5444 ceu
3039 5383 3321 5460 illapsutn,
3348 5392 3407 5442 et
3454 5383 3594 5438 infu-

2001 5477 2145 5528 sutn,
2177 5473 2231 5518 et
2280 5457 2560 5518 undelibet
2600 5461 3019 5532 ingredientem,
3079 5457 3596 5532 atqueillucescen-

2007 5527 2148 5590 tem:
2179 5549 2304 5590 nam
2336 5535 2522 5590 orbein
2548 5527 2812 5590 terrarum
2844 5531 3079 5604 Spiritus
3101 5527 3316 5587 Detnini
3343 5528 3601 5599 replevit,

2080 5651 2153 5722 (c)
2196 5653 2592 5716 i‘lexaemeron,
2641 5651 2837 5706 Homil.
2868 5665 2980 5718 vnt,
3007 5667 3058 5707 n.
3083 5651 3140 5720 2,
3170 5664 3289 5722 pag.
3323 5649 3387 5704 7t
3417 5657 3548 5704 tom.
3586 5662 3604 5702 ι

2023 5723 2278 5780 editionis
2308 5725 2520 5780 Patrum
2553 5725 2610 5780 S.
2637 5722 2825 5778 Mauri.

2025 5795 2180 5926 52({12
2224 5798 2496 5854 Adversus
2512 5795 2835 5852 Eunomium
2863 5794 2957 5852 lib.
2983 5811 3036 5865 v,
3086 5809 3206 5867 cap.
3245 5793 3458 5864 ultimo,
3489 5805 3612 5866 pag.

2184 5883 2292 5924 om.
2327 5885 2362 5924 I.
