4062 6332
497 315 596 370 79!

1172 312 1238 371 IN
1279 311 1531 371 HILARII
1572 309 1955 369 EPISTOIAM
1996 312 2079 367 SE

2198 311 2515 370 .IBEI.LUM
2559 308 3108 370 ANNOTATIONES.

3693 310 3795 367 792

499 432 688 487 ethoc
716 427 859 501 quod
886 428 1138 501 continet
1163 428 1366 501 omnia,
1395 428 1677 483 scientiam
1719 426 2021 483 habetDei.
2061 449 2080 481 ι
2116 429 2168 486 Λ
2196 426 2418 481 hominis
2499 429 2625 501 [acti
2678 428 3096 499 prwformatique
3164 431 3527 501 perfectionem
3597 430 3795 495 innuit,

502 504 700 567 Recole
724 499 847 572 quae
866 499 977 556 dixi
1005 516 1157 557 num.
1188 499 1281 555 24.
1710 546 1715 549 ,

566 575 662 633 89.
700 571 937 629 Censule
984 573 1162 628 locum
1194 572 1443 633 Genesis.
1496 586 1657 639 quem
1708 572 1761 626 in
1800 571 1950 628 calce
1978 573 2094 642 epi-

496 648 651 703 Stolat
674 647 873 701 notavi.
909 646 1071 701 Doret
1100 644 1185 699 hic
1220 660 1379 711 porro
1406 642 1654 698 animalia
1686 660 1792 697 non
1819 643 2093 699 extrinse-

497 733 593 775 cus
619 720 853 773 animam
880 719 1173 787 accepisse.
1204 715 1297 771 sed
1328 730 1449 770 cum
1478 729 1707 783 corpore
1736 717 1871 783 ipso,
1902 725 1956 769 et
1978 731 2090 769 ma-

496 792 625 846 teria
651 790 761 859 jam
790 786 1047 854 animata,
1080 798 1135 843 et
1164 788 1403 843 vivente.
1431 788 1631 842 Contra
1657 786 1842 854 homo,
1877 795 1934 841 ιιι
1965 803 2091 842 mox

503 862 825 917 videbimus.

566 934 659 990 90.
701 931 1358 1004 Respicit,utputo,gad
1409 929 1690 1004 notissima
1747 929 1834 984 illa
1891 929 2088 1004 Psalmi

492 1022 666 1069 χχχιι,
698 1000 850 1077 (vers.
885 1006 942 1077 2)
968 1049 985 1074 ,
1011 1000 1206 1062 verba:
1240 1001 1361 1077 ipse
1402 1000 1553 1066 dixit,
1580 1002 1789 1077 etfactu
1816 1011 1954 1077 sunt,
1984 1003 2092 1077 ipse

490 1072 776 1141 mandauit,
804 1088 850 1132 et
890 1072 1061 1133 creata
1081 1086 1218 1132 sunt.
1244 1074 1367 1142 Ipsa
1386 1089 1599 1144 quoque
1620 1073 1913 1140 descriptio
1938 1072 2092 1130 crea—

494 1149 678 1215 tionis,
737 1151 1181 1215 l'ortnationiSque
1227 1161 1430 1205 rerum.
1488 1160 1647 1214 quam
1708 1145 1875 1200 habes
1916 1147 2093 1213 capite

496 1237 511 1275 1
560 1220 870 1283 Genesens.
911 1221 1245 1276 celeritatem
1307 1217 1608 1271 ednrtionis
1640 1232 1815 1270 rerum
1851 1227 1968 1284 post
2004 1218 2088 1271 di-

493 1293 669 1345 vinam
714 1293 1016 1361 jussionem
1068 1292 1327 1346 declarat.
1362 1287 1604 1351 Dixitque
1637 1287 1809 1361 Deus;
1839 1288 1930 1355 [int
1977 1289 2088 1355 lux,

492 1375 540 1419 et
562 1360 816 1434 [ἀσπαίρει
859 1366 969 1426 lux,
1004 1372 1111 1419 etc.
1145 1362 1280 1417 Huic
1312 1361 1599 1434 intervalla
1634 1360 1861 1430 qumvis,
1891 1372 1941 1434 et
1980 1368 2061 1434 lar

492 1431 633 1490 ditas
661 1436 1039 1492 excluduntur.
1072 1434 1329 1496 Consule,
1363 1432 1621 1493 obsecro,
1653 1447 1772 1501 qum
1802 1432 1962 1485 tradit
1994 1431 2091 1486 lii-

491 1507 658 1561 larius
713 1509 764 1560 in
805 1505 1227 1563 Commentariis
1264 1504 1318 1559 in
1360 1505 1493 1573 psal.
1548 1518 1714 1558 cxviu
1769 1502 1987 1573 (Littera
2020 1520 2049 1558 κ
2074 1546 2088 1571 ,

496 1578 614 1639 Iod,
648 1596 702 1633 tt.
729 1577 766 1632 4
799 1597 811 1632 :
838 1577 906 1633 1n
937 1580 1214 1644 creatione,
1247 1584 1353 1629 etc.
1384 1572 1425 1645 ).

561 1649 650 1705 9|.
699 1650 831 1705 Vide
879 1665 1166 1707 numerum
1225 1648 1471 1717 proxime
1524 1646 1903 1717 superiorem.
1935 1646 1984 1701 id
2013 1655 2095 1703 est

492 1724 902 1792 nonagesimum
933 1763 948 1787 ,
997 1732 1052 1777 et
1118 1718 1585 1792 Dissertationem
1612 1734 1664 1792 ι.Δ
1703 1717 1806 1775 Ubi
1862 1720 2041 1787 posuit
2077 1760 2092 1785 ,

492 1789 683 1863 quippe
706 1810 863 1860 quam
890 1795 1051 1860 Deus,
1100 1802 1231 1857 etc.,
1274 1789 1723 1863 ainanucnsisila
1767 1792 2005 1860 scripsit,
2034 1803 2090 1844 ut

494 1859 672 1937 legere
697 1859 859 1921 etiam
888 1868 1179 1937 possimus,
1213 1866 1402 1933 quippe
1431 1860 1569 1931 quod
1597 1859 1758 1937 Deus.

567 1931 656 1991 92.
702 1931 904 1992 ΑΙιτυπῖ
934 1931 1349 1993 fecunditatem
1376 1943 1537 1987 terra:
1581 1932 1790 1997 tribuit,
1845 1931 1972 1987 dum
2020 1949 2090 1988 ex

494 2022 554 2061 ea
599 2023 795 2076 corpus
844 2009 1080 2064 hominis
1128 2007 1419 2062 formatum
1447 2015 1746 2075 esl:quam
1771 2003 1840 2059 ob
1869 2018 2089 2059 causam

493 2078 656 2135 homo
684 2091 834 2153 terra:
858 2086 1010 2153 fanus
1026 2079 1318 2153 aliquando
1339 2077 1514 2153 dictus
1542 2086 1646 2142 est,
1675 2085 1737 2153 et_
1749 2077 1813 2131 de
1833 2084 2091 2153 terrater-

492 2166 646 2206 renns
673 2154 744 2209 ab
779 2144 1041 2222 Ap'ostolo
1061 2144 1228 2208 Pa'ulo
1250 2150 1295 2221 (l
1336 2146 1513 2222 Caria.
1546 2163 1635 2222 xv,
1661 2148 1760 2222 Π.
1787 2144 1942 2215 elc.).
1971 2149 2090 2219 Ipsa

491 2237 708 2296 quoque
738 2219 1061 2296 etymologia
1095 2219 1533 2296 nominis_Adan1
1566 2219 1617 2296 id
1642 2220 1885 2296 denotat.

561 2290 653 2351 95.
695 2290 948 2351 Nonnihil
977 2290 1316 2351 difﬁcultatis
1342 2292 1547 2347 habent
1591 2294 1713 2346 ista.
1763 2290 1903 2359 Quid
1944 2293 2091 2347 enim

492 2366 827 2437 signiﬁcatur
855 2368 1075 2424 vocibus
1100 2367 1210 2422 illis
1242 2374 1355 2433 post
1391 2363 1600 2418 divina?
1629 2363 1909 2437 Suspicor,
1943 2378 2093 2419 ama-

495 2434 718 2511 nuensis
741 2439 1078 2511 indiligentia
1106 2437 1617 2511 erroremaliqnem
1634 2434 1742 2511 huc
1768 2434 2089 2505 irrepsisse:

493 2509 550 2564 in
602 2512 859 2579 primzevo
884 2506 1028 2567 cnim
1081 2508 1378 2579 exemplari
1408 2508 1511 2577 legi
1543 2506 1708 2579 facile,
1736 2510 1927 2579 potuit
1978 2517 2092 2577 post

494 2577 821 2657 Immana_(id
848 2592 931 2638 est
951 2579 1192 2651 terrena)
1214 2577 1389 2657 divina
1435 2580 1665 2657 deerant,
1697 2577 1749 2632 id
1773 2590 1856 2657 est
1886 2579 2090 2657 creatio

495 2655 691 2706 animze
724 2649 995 2719 humanas,
1024 2649 1186 2723 quam
1235 2653 1461 2705 divinam
1505 2649 1632 2704 alibi
1680 2649 2092 2723 appellatﬂila-

494 2730 611 2797 rius
636 2723 729 2797 (In
767 2727 901 2797 ptui.
948 2721 1131 2785 CXVVllI,
1166 2726 1430 2797 titter.__x,
1463 2739 1516 2797 ιιΣ
1552 2723 1604 2797 '_7,
1659 2737 1779 2797 pag.
1813 2721 1933 2797 _3_57
1964 2731 2088 2775 tant.

496 2794 567 2865 1).
598 2792 751 2861 Quod
768 2792 825 2852 ἐἰ
855 2798 957 2861 vis,
984 2812 1226 2853 errorem
1257 2794 1462 2849 nullum
1494 2792 1790 2865 fttisselntc
1813 2792 2086 2862 illapsum,

497 2874 554 2919 tu
585 2868 671 2921 dic
699 2880 791 2922 aut
836 2872 1069 2936 Speciem
1103 2870 1247 2924 illam
1280 2866 1616 2932 formamque
1663 2864 1971 2928 humanam,
2019 2864 2089 2922 de

497 2953 601 3006 qua
630 2939 760 3013 alibi
792 2940 966 2995 dicam
996 2942 1171 3011 iusius
1200 2938 1304 3013 (a),
1336 2939 1422 2992 hic
1462 2937 1689 3013 indicari
1741 2952 1878 3013 nam
1904 2936 2085 3013 divina

495 3009 711 3079 species
759 3026 821 3067 ea
872 3006 1283 3072 eratftame'ts'i
1345 3009 1618 3064 hominem
1675 3008 1934 3064 referens.
1985 3006 2087 3064 Vel

496 3086 659 3136 etiam
690 3084 800 3149 die,
827 3100 962 3141 voce
993 3086 1105 3148 illa.
1139 3085 1334 3149 divina,
1363 3082 1575 3137 Caelum
1612 3080 1934 3152 Empyreum
1978 3080 2085 3135 lor-

498 3161 640 3209 tasse
667 3156 932 3217 denotari.
964 3156 1105 3228 quod
1136 3154 1425 3228 aliquando
1452 3152 1614 3228 Sedes
1641 3154 1733 3228 Det
1753 3151 1952 3207 dicitur
1980 3151 2080 3228 (lt),

2122 1829 2170 1889 Β

2195 513 2422 570 quarum
2476 499 2642 555 altera
2670 514 2870 568 corpus
2894 509 3120 570 spectet.
3150 499 3319 558 altera
3370 503 3605 557 animam
3630 502 3709 570 (et
3728 501 3799 558 de

2194 569 2404 645 duabus
2423 570 2511 645 his
2540 570 2628 645 hic
2656 569 2972 645 loquimur),
2997 573 3152 645 tertia
3173 589 3304 628 vero
3332 575 3587 641 respiciat
3607 569 3799 645 imagi-

2197 657 2317 696 nem
2343 642 2668 718 Dei_»|_10mini
2699 642 3014 714 impressam
3049 642 3145 718 (ε).
3174 645 3245 718 de
3272 662 3376 718 qua
3400 646 3661 713 deinceps
3692 642 3799 700 erit

2195 727 2395 768 sermo.
2434 713 2787 769 lllustrabunt
2817 713 3137 783 prrcsmtetn
3170 713 3357 772 Hilarii
3383 719 3710 773 Sententiam
3734 732 3798 772 ea

2194 801 2314 856 qute
2360 786 2643 841 numero6
2686 796 2739 842 et
2777 786 2808 840 7
2852 785 3376 843 Commentariorum
3426 790 3478 844 in
3528 790 3795 858 psalmum

2193 872 2379 931 cvvttt,
2412 872 2443 913 e
2469 858 2664 931 quibus
2715 873 2893 931 nuper
2924 859 3181 914 nonnulla
3222 860 3634 931 descripsimus,
3663 860 3797 913 cdo-

2193 937 2310 983 cet:
2344 928 2478 983 duas
2507 929 2705 999 quippe
2754 930 2988 984 hominis
3015 932 3252 1001 origines
3282 928 3658 988 tantummodo
3680 946 3796 986 me-

2196 1008 2404 1086 morat;
2425 1015 2601 1086 eaque
2620 1002 2733 1068 ipsa
2759 1011 2971 1086 meoet.
2994 1002 3191 1086 quzgin
3223 1006 3477 1086 prinsenti
3506 1006 3610 1086 hoc
3627 1019 3795 1071 opus-

2195 1072 2317 1126 culo
2348 1073 2525 1127 tradit.
2561 1072 2640 1126 En
2667 1090 2751 1133 ea,
2782 1089 2899 1139 qua:
2920 1073 3052 1139 dixi,
3078 1072 3261 1129 llilarii
3286 1076 3470 1131 verba.
3500 1095 3521 1128 ι
3552 1074 3797 1132 (Ia-tero-

2197 1159 2313 1220 rum
2338 1144 2580 1220 omnium
2633 1145 3028 1220 elementorum
3069 1147 3367 1220 crcatiogeo
3397 1149 3529 1220 ipso
3549 1158 3794 1220 tempore

2198 1224 2254 1270 et
2284 1216 2548 1289 instituta,
2582 1227 2632 1289 et
2658 1215 2849 1271 eﬂ'ecta
2873 1225 2973 1280 est,
3007 1232 3115 1286 quo
3142 1215 3442 1289 subsistere
3457 1218 3752 1289 jubebatur
3777 1236 3791 1272 :

2197 1302 2374 1353 neque
2402 1286 2799 1342 inchoationem
2831 1304 3046 1351 eorum,
3077 1302 3131 1344 et
3156 1286 3544 1357 perfectionem
3577 1299 3796 1355 tempus

2196 1358 2414 1427 aliquod
2462 1360 2752 1423 discernit;
2784 1375 2906 1414 nam
2942 1364 3464 1417 cou~umntationetn
3515 1363 3793 1417 inchoatio

2200 1428 2252 1484 in
2280 1443 2346 1484 eo
2368 1429 2508 1498 quod
2533 1442 2616 1485 est
2641 1441 2837 1500 empta,
2887 1432 3142 1501 percepit.
3179 1432 3349 1487 Homo
3398 1450 3527 1488 vero
3553 1451 3677 1488 cum
3710 1435 3792 1487 in-

2200 1509 2433 1566 ternam,
2484 1513 2537 1555 et
2588 1512 2866 1556 extentam
2927 1504 2978 1557 in
3031 1519 3089 1556 se
3146 1514 3393 1561 naturam
3417 1505 3789 1560 dissonantent

2197 1572 2356 1626 aliam
2385 1575 2459 1646 ab
2481 1573 2601 1646 alia
2632 1574 2938 1646 contineat,
2972 1585 3026 1630 et
3068 1590 3131 1630 ex
3163 1577 3373 1632 duobus
3417 1576 3714 1646 generibus
3739 1576 3795 1631 iu

2200 1659 2365 1716 unum
2422 1645 2487 1699 sit
2520 1645 2716 1699 animal
2749 1645 2974 1699 rationis
3025 1648 3293 1716 particeps
3311 1648 3662 1711 constitutos,
3690 1650 3794 1700 du-

2200 1715 2324 1785 plici
2344 1725 2428 1771 est
2452 1716 2731 1772 institutus
2744 1718 2988 1771 exordio.
3021 1715 3253 1773 lit-imum
3280 1720 3424 1774 enim
3448 1720 3653 1774 dictum
3674 1730 3791 1775 est:

2204 1786 2479 1843 Faciamus
2505 1787 2790 1863 ﬂaminem
2833 1787 2900 1841 ad
2947 1790 3221 1863 imaginem
3246 1833 3259 1852 .
3309 1801 3355 1845 rt
3377 1790 3796 1863 _similitudineut

2198 1870 2447 1932 uestram.
2505 1859 2727 1932 Dehinc
2764 1862 3003 1932 secttndo
3036 1859 3123 1916 fet
3144 1863 3337 1932 accepit
3364 1859 3505 1916 Deus
3532 1864 3795 1929 pulverem

2197 1931 2261 1985 de
2303 1942 2462 1995 terra,
2508 1940 2554 1985 et
2603 1931 2753 1999 finxit
2792 1930 3071 1988 hominem.
3104 1930 3346 1989 Primum
3377 1951 3516 2003 opus
3557 1952 3666 1988 non
3692 1935 3793 1988 ha-

2199 2003 2285 2076 bet
2308 2004 2360 2058 iu
2389 2019 2447 2076 se
2475 2016 2765 2072 :tSStlltlplIB
2780 2004 2999 2076 aliunde
3015 2007 3237 2060 alterius
3253 2005 3764 2076 naturaioriginem.
3777 2047 3790 2059 .

2196 2073 2428 2148 Secundi
2458 2089 2588 2148 vero
2616 2076 2795 2145 aperis
2834 2074 3124 2132 efficientia
3154 2089 3356 2148 quanto
3379 2073 3583 2132 differtv
3598 2078 3669 2130 ab
3712 2077 3795 2130 iu-

2195 2145 2481 2219 stitutione
2509 2147 2712 2205 prima!
2749 2149 2888 2201 Dens
2910 2155 3068 2203 terra:
3094 2145 3369 2219 pulverem
3402 2150 3621 2218 accipit.
3659 2148 3793 2203 Nam

2195 2218 2428 2274 sumitur
2455 2219 2656 2287 pulvis,
2685 2226 2739 2272 et
2762 2228 2999 2287 terrena,
3039 2219 3293 2277 materies
3321 2223 3585 2276 formatur
3613 2222 3666 2275 in
3699 2221 3798 2274 lto-

2194 2290 2420 2356 minem,
2446 2289 2530 2343 vel
2568 2298 2935 2359 praeparatur:
2969 2301 3024 2346 et
3051 2308 3117 2347 ex
3141 2294 3248 2348 alio
3272 2294 3324 2346 in
3356 2292 3504 2348 aliud
3529 2309 3697 2360 opcrc
3725 2307 3790 2346 ac

2194 2361 2374 2434 studio
2403 2360 2625 2415 artificis
2655 2362 2942 2434 expolitur.
2992 2363 3231 2419 Primum
3265 2380 3394 2434 ergo
3417 2379 3523 2418 non
3558 2365 3792 2431 accepit,

2194 2432 2289 2487 sed
2315 2432 2471 2487 fecit:
2524 2431 2823 2505 secundum
2857 2451 2962 2489 non
2997 2444 3052 2490 ut
3082 2437 3310 2505 primum
3330 2431 3487 2501 fecit,
3512 2437 3608 2490 sed
3639 2450 3797 2491 acce-

2194 2506 2387 2576 pit;et
2413 2510 2537 2576 tullc
2567 2501 2837 2567 formavit,
2874 2506 2958 2562 vel
2983 2501 3324 2576 prznparavit.
3364 2528 3384 2561 ι

2265 2575 2356 2631 95.
2397 2574 2479 2630 An
2509 2576 2771 2646 approbat
2800 2578 2887 2633 hic
2921 2574 3155 2634 Hilarius
3200 2579 3418 2634 illorum
3444 2580 3794 2645 sententiam,

2193 2650 2283 2718 qni
2313 2662 2513 2717 corpus
2543 2648 2730 2719 Adami
2762 2663 2827 2703 ex
2862 2650 3130 2705 nobiliore
3162 2654 3426 2719 portione,
3462 2661 3538 2716 et,
3571 2653 3617 2708 si
3648 2653 3798 2718 loqui

2192 2717 2264 2793 ita
2293 2720 2439 2793 licet.
2467 2734 2532 2793 ex
2556 2717 2689 2773 ﬂore
2712 2721 2873 2775 veluti
2898 2734 3056 2775 terra:
3074 2738 3104 2776 e
3133 2717 3315 2787 variis,
3343 2722 3513 2793 iisque
3537 2717 3800 2792 prirstan-

2194 2791 2419 2845 tioribus
2468 2791 2601 2864 locis
2643 2793 2883 2847 collecta:
2914 2794 3224 2864 formatum
3272 2791 3483 2864 putant.
3536 2791 3605 2850 an
3652 2794 3798 2851 aliud

2191 2864 2480 2932 quodpiam
2510 2861 2598 2916 hic
2624 2864 2825 2919 indiCat
2850 2865 2872 2917 ?
2902 2862 3117 2921 iudicet
3150 2861 3361 2921 Lector.

2261 2934 2351 2988 96.
2395 2934 2449 2989 Id
2484 2935 2658 3003 ipsum
2690 2936 2814 2989 alibi
2840 2935 2959 2991 aliis
2991 2938 3166 2991 verbis
3197 2936 3357 2992 docet
3396 2935 3663 2998 Hilarius.
3712 2936 3796 2991 bis

2190 3021 2387 3081 nempe
2417 3005 2506 3081 (fit
2538 3004 2627 3060 Ps.
2660 3022 2824 3072 vau,
2853 3025 2996 3062 num.
3020 3080 3025 3081 γ
3048 3009 3120 3063 ΞΞ
3147 3052 3161 3075 ,
3214 3028 3342 3081 pag.
3392 3009 3497 3064 229
3543 3010 3671 3081 tomi
3714 3010 3793 3080 1):

2194 3097 2212 3129 ι
2249 3078 2349 3146 Qui
2385 3078 2897 3150 primumuanimam
2945 3080 3099 3135 nobis
3130 3078 3428 3135 ad'ilatum
3479 3078 3798 3150 respiratio—

2190 3165 2426 3218 nemque
2458 3148 2693 3222 vivendi,
2722 3165 2845 3206 cum
2880 3152 3151 3207 hominem
3183 3153 3480 3208 secundum
3504 3148 3795 3222 imaginem

496 3229 800 3299 ant_potius
829 3218 1087 3299 Angelos,
1114 3228 1203 3296 qui
1229 3218 1256 3279 Ei
1268 3224 1744 3299 1loli,_etal_i_:_il_iis~,
1774 3218 2084 3299 atqueai'leo
2111 3218 2155 3279 C
2190 3224 2290 3299 sui
2323 3220 2838 3299 similitudinemque
2884 3226 3185 3299 constituit,
3204 3226 3285 3299 (de
3306 3223 3589 3299 thesauris
3619 3218 3797 3299 potes-

496 3296 566 3367 ab
594 3297 797 3354 Hilario
824 3294 940 3367 ipso
969 3294 1227 3356 vocantur
1255 3297 1379 3352 Filii
1410 3296 1504 3351 Dei
1527 3294 1689 3363 (Vide
1712 3296 2094 3350 cunctationem

500 3366 605 3438 58)
628 3388 641 3421 :
665 3370 804 3425 adeo
825 3366 885 3425 ut
904 3387 1122 3427 sensum
1151 3372 1293 3424 hunc
1320 3369 1551 3423 habeant
1578 3368 1739 3422 verba
1774 3374 1871 3419 tsta
1895 3384 1907 3421 :
1941 3368 2093 3422 Post-

498 3454 662 3507 quam
693 3443 930 3510 Angelos
968 3457 1132 3510 puros
1161 3443 1383 3510 spiritus
1410 3441 1519 3507 jam
1550 3438 1890 3503 condiderat,
1919 3440 2092 3493 homi-

496 3524 621 3563 nem
673 3512 908 3581 denique
933 3514 1191 3577 condidit,
1219 3513 1308 3581 qui
1360 3512 1609 3565 nonsolo
1646 3512 1847 3581 spiritu
1894 3510 2091 3581 (cujus

496 3595 659 3635 causa
689 3579 952 3655 originem
981 3588 1178 3639 dicitur
1205 3579 1404 3639 ccasio
1427 3579 1685 3651 trahere),
1714 3579 2088 3637 verumetiam

499 3665 729 3717 corpore
751 3670 783 3711 e
802 3657 995 3711 tellure
1017 3655 1249 3710 formato
1274 3664 1504 3710 constet.

570 3723 661 3780 94.
705 3725 755 3781 ls
809 3742 938 3783 vero
983 3727 1064 3802 (id
1090 3737 1173 3782 est
1191 3727 1388 3802 homo)
1432 3726 1533 3780 dici
1588 3725 1888 3802 ret-tissime
1912 3732 2091 3802 potest

493 3796 682 3868 iterum
710 3807 883 3867 natus,
932 3794 1079 3868 quia,
1110 3809 1168 3854 ut
1190 3797 1275 3853 hic
1306 3794 1512 3853 interea
1555 3797 1888 3861 omittamus,
1918 3794 2001 3851 bis
2021 3796 2090 3854 de

497 3867 645 3924 illius
667 3867 1015 3940 formatione,
1048 3882 1124 3937 et,
1155 3872 1201 3925 si
1233 3870 1504 3939 appellare
1536 3870 1605 3924 ita
1657 3870 1921 3935 volumus,
1956 3871 2090 3923 nati-

497 3940 648 3995 vitate
676 3944 1008 3999 mentionem
1043 3944 1160 3998 ﬁeri
1195 3945 1245 3998 in
1276 3942 1576 4012 Scriptura,
1607 3957 1729 4011 quae
1784 3942 1987 4012 indicat
2034 3942 2085 3996 in

497 4015 734 4067 secunda
766 4014 1009 4083 ejusdem
1063 4016 1380 4077 creationis,
1409 4028 1504 4068 seu
1544 4014 1859 4077 nativitatis,
1887 4011 2086 4066 fortna—

497 4084 769 4153 tionistpte
827 4088 1101 4142 mentione
1173 4087 1547 4141 formationem
1596 4084 1724 4140 Evac
1772 4100 1836 4139 ex
1893 4083 2087 4139 Adanti

495 4166 645 4239 costa
694 4156 848 4239 (Gen.
878 4174 917 4225 1,
970 4157 1082 4239 26,.
1108 4158 1177 4213 27
1204 4169 1249 4212 et
1273 4157 1363 4239 28.
1399 4155 1582 4211 Genes.
1611 4172 1669 4224 11,
1719 4158 1770 4220 7,
1800 4155 1880 4239 ‘22
1893 4166 1941 4209 et
1959 4154 2084 4238 9.3):

497 4238 557 4300 ut
585 4229 659 4295 id,
702 4229 944 4300 inquam,
976 4229 1311 4295 omittamus,
1341 4231 1526 4284 iterum
1553 4240 1703 4283 natus
1732 4238 2017 4298 propterea
2043 4230 2086 4283 is

496 4297 602 4373 dici
635 4297 828 4369 putest,
886 4309 1153 4373 quatenus
1191 4312 1346 4357 antea
1393 4303 1610 4356 extabat
1651 4297 1790 4355 terra
1822 4340 1838 4364 ,
1869 4313 1938 4354 ex
1981 4315 2084 4369 qua

499 4371 765 4442 formatus
806 4371 917 4436 est,
962 4374 1116 4441 cujus
1162 4374 1380 4442 quidem
1430 4384 1589 4429 terra:
1636 4373 1861 4437 creatio,
1913 4377 2084 4441 prima

499 4440 693 4515 Adami
722 4445 971 4498 nativitas
1001 4440 1100 4498 fuit
1140 4440 1219 4515 (in
1244 4460 1401 4498 causa
1427 4444 1783 4515 scilicet.gseu
1809 4443 1863 4496 in
1892 4440 2087 4515 prtere-

500 4512 642 4566 denti
662 4516 897 4580 materia,
926 4525 983 4567 ut
1022 4511 1341 4571 Scliolastici
1371 4512 1706 4585 loquuntur).
1741 4520 1806 4568 At
1829 4529 1950 4568 cum
1974 4511 2085 4569 fac-

500 4592 591 4638 tus
627 4594 712 4639 est
760 4592 811 4658 in
846 4587 1082 4658 animam
1129 4585 1397 4658 viventem
1433 4583 1589 4658 (Gen.
1620 4583 1678 4658 11,
1706 4586 1807 4658 _7),
1843 4595 1954 4639 tum
1988 4586 2085 4639 ite-

498 4669 620 4710 rum
665 4657 813 4712 nasci
856 4656 1004 4713 visus
1047 4665 1152 4713 est.
1200 4655 1338 4712 Hinc
1390 4655 1518 4712 alibi
1550 4655 1787 4711 Hilarius
1821 4657 2081 4727 triplicem

576 4843 651 4920 (a)
678 4844 817 4901 Vide
835 4842 1109 4901 dissertat.
1140 4860 1180 4912 1,
1202 4842 1329 4901 huic
1343 4844 1587 4915 epistolte
1613 4843 1942 4915 adjunctam.

575 4938 874 5012 (b)7Psalm.
896 4954 951 5004 κ,
972 4937 1037 4992 4:
1063 4936 1333 5005 Dominus,
1362 4941 1418 4992 in
1432 4940 1559 4993 caelo
1574 4940 1728 5012 sedes
1746 4942 1878 5012 ejus.
1906 4936 1973 4992 Et
2002 4937 2089 5012 Ps.

500 5009 594 5077 111,
621 5011 687 5066 16
713 5029 727 5063 :
763 5011 1009 5064 Dominus
1029 5012 1083 5064 in
1114 5012 1239 5066 caelo
1268 5012 1467 5079 paravit
1490 5011 1659 5066 sedem
1687 5009 1929 5065 suamEt
1954 5009 2089 5078 psal.

500 5098 660 5147 cxut,
684 5083 752 5138 5:
782 5079 921 5136 Deus
935 5094 1107 5137 autem
1124 5092 1293 5138 noster
1316 5085 1370 5137 in
1383 5083 1532 5139 caelo.
1565 5082 1633 5137 Et
1663 5081 1733 5136 ib.
1766 5098 1816 5136 v.
1845 5083 1912 5137 16
1944 5099 1958 5135 :
1984 5079 2097 5136 Cte-

498 5155 607 5210 lunt
628 5155 740 5210 coeli
761 5152 1009 5223 Domino,
1034 5164 1220 5209 terram
1266 5164 1433 5209 autent
1461 5155 1601 5209 dedit
1625 5155 1749 5225 [iliis
1775 5154 2058 5211 hominum.

596 5266 645 5341 ς)
687 5268 765 5324 En
795 5284 917 5339 quae
939 5285 1087 5325 num.
1131 5271 1165 5327 8
1190 5282 1481 5325 comment.
1509 5271 1561 5325 in
1592 5271 1677 5325 Ps.
1705 5286 1865 5326 cxvm
1894 5269 2089 5326 edocet

508 5359 528 5394 ι
557 5342 856 5424 Utrumque
884 5352 1062 5425 autem
1093 5342 1319 5425 intelligi
1339 5353 1481 5398 recte
1507 5351 1701 5425 potest,
1735 5343 1857 5413 quia
1870 5354 2089 5425 utrum:

498 5427 605 5483 que
650 5412 907 5481 scriptum
956 5412 1437 5482 deprehendimus:
1492 5429 1546 5469 ut
1597 5412 1909 5470 formaverit
1950 5415 2000 5468 in
2035 5416 2084 5469 id

499 5484 642 5557 quod
674 5492 777 5557 est,
803 5484 1047 5555 corporis
1088 5487 1292 5541 scilicet
1310 5486 1587 5557 speciem;
1621 5486 1703 5540 vel
1749 5500 2085 5557 praeparave-

502 5553 575 5626 rit
620 5554 749 5609 inid
768 5553 917 5626 quod
963 5556 1179 5621 dicitur,
1222 5564 1278 5612 et
1304 5553 1590 5626 inspiravit
1615 5558 1666 5609 in
1690 5571 1811 5611 eum
1836 5553 2084 5626 spiritum

498 5624 647 5700 vitzp,
672 5636 725 5700 et
756 5624 929 5700 factus
951 5637 1033 5700 est
1062 5630 1223 5682 homo
1251 5628 1301 5681 in
1334 5624 1567 5681 animam
1587 5624 1878 5683 viventem.
1916 5628 2084 5700 Inspi-

502 5697 695 5751 rationi
724 5713 854 5766 ergo
882 5698 1005 5769 huic
1036 5710 1364 5767 prteparatus
1409 5700 1523 5753 sive
1554 5700 1812 5769 formatus
1838 5710 1951 5753 est:
1988 5697 2083 5769 per

497 5784 656 5839 quam
690 5778 875 5822 natura
908 5768 1102 5823 animae
1124 5782 1174 5823 et
1199 5774 1441 5833 corporis
1468 5774 1517 5825 in
1549 5771 1670 5826 vita:
1694 5768 2076 5839 perfectionem

495 5838 728 5909 quodam
760 5839 1001 5908 inspirati
1024 5841 1261 5909 spiritus
1309 5841 1512 5898 findere
1543 5838 1931 5899 contineretur.
1964 5843 2078 5899 Scit

2112 4625 2165 4685 D

2199 3295 2469 3360 tatissum,
2502 3294 2914 3362 divinitatisque
2965 3294 3262 3351 diliuderit.
3300 3296 3610 3354 Secundum
3644 3297 3793 3364 Apo.

2196 3366 2398 3438 stolnm
2421 3370 2588 3431 enim,
2620 3365 2792 3435 ipsius
2820 3382 2992 3438 genus
3015 3384 3201 3423 sumus
3224 3389 3237 3421 :
3258 3380 3313 3423 et
3334 3368 3629 3424 secundum
3648 3384 3795 3423 eum-

2197 3436 2341 3500 dem,
2372 3438 2550 3491 omnia
2591 3453 2657 3492 ex
2690 3436 2913 3508 ipso,'et.
2944 3453 3035 3505 per
3076 3439 3275 3509 ipsum.
3308 3452 3361 3495 et
3390 3441 3441 3494 in
3474 3440 3594 3509 ipso
3622 3448 3791 3494 sunt:

2195 3509 2401 3564 scilicet
2420 3522 2484 3582 ut
2514 3511 2693 3582 inipso
2720 3512 2977 3582 habitatio
3005 3523 3184 3566 nostra
3216 3524 3379 3582 atque
3423 3512 3796 3566 incolatusos-

2197 3591 2349 3635 tensa
2387 3580 2457 3635 sit
2486 3580 2665 3646 sedes,
2707 3581 2832 3637 dum
2867 3582 3043 3638 omnia
3077 3580 3339 3639 immensa
3370 3583 3582 3638 virtutis
3609 3597 3795 3652 potes-

2196 3659 2304 3707 tate
2333 3655 2651 3725 complexus
2678 3663 2790 3721 est;
2823 3670 2913 3724 per
2948 3655 3117 3724 ipsum
3151 3672 3278 3709 vero
3306 3655 3528 3725 originis
3571 3655 3793 3711 inchoa-

2197 3734 2262 3779 ta:
2292 3739 2428 3794 opus
2466 3723 2801 3796 ell‘ectusque
2826 3723 3177 3791 monSIretur,
3211 3742 3332 3783 cum
3362 3723 3414 3781 in
3443 3727 3601 3781 nobis
3630 3724 3684 3781 id
3710 3728 3791 3792 ip-

2194 3811 2336 3868 sum,
2367 3797 2507 3867 quod
2532 3812 2740 3865 sumus,
2771 3808 3024 3868 operatus
3053 3799 3157 3863 sit;
3200 3816 3263 3852 eo;
3287 3799 3406 3855 iuro
3431 3810 3614 3853 autem
3643 3797 3791 3852 initia

2194 3867 2322 3921 vitze
2350 3868 2414 3923 ad
2445 3868 2665 3924 exordia
2690 3867 2909 3939 spiritus
2936 3869 3139 3924 indulta
3165 3880 3530 3926 notescerent.
3554 3869 3674 3925 Non
3699 3868 3794 3924 fuit

2193 3954 2321 4009 ergo
2348 3955 2375 3991 τι
2420 3939 2770 3996 beneficentia
2802 3941 2993 3997 divinat
3024 3942 3279 3997 bonitatis
3309 3944 3571 4008 alienum,
3606 3952 3663 3995 ut
3704 3941 3792 4011 qui

2192 4027 2257 4067 ex
2288 4028 2347 4067 se
2377 4011 2494 4083 ipso
2520 4011 2696 4078 nobis,
2736 4014 2828 4082 qui
2856 4013 2972 4084 ejus
2996 4029 3166 4079 genus
3194 4030 3402 4084 smnus,
3437 4014 3561 4068 vita:
3589 4028 3655 4069 ac
3687 4015 3791 4082 Spi-

2192 4082 2615 4157 rituselementa
2664 4082 2958 4139 tribuisset.
2992 4085 3127 4139 Alibi
3179 4084 3272 4157 (In
3320 4082 3415 4139 Pe.
3447 4101 3599 4152 1.x1u,
3655 4102 3710 4157 tt.
3738 4084 3790 4156 9)

2191 4172 2309 4210 vero
2350 4155 2654 4222 tradiderat,
2684 4158 2918 4210 animant
2951 4173 3057 4212 non
3102 4155 3224 4213 esse
3273 4167 3570 4223 terrenam,
3603 4156 3696 4213 sed
3727 4155 3787 4211 ex

2192 4227 2373 4282 alllatu
2407 4226 2497 4281 Dei
2541 4239 2713 4283 ortam
2733 4271 2747 4293 ,
2772 4229 3055 4285 elementis
3084 4229 3330 4298 corporis
3354 4228 3666 4284 admisceri.
3699 4248 3718 4280 ι

2264 4299 2353 4366 97,
2400 4298 2531 4354 Vide
2575 4298 3033 4357 dissertatioueut
3081 4300 3165 4355 his
3211 4300 3657 4356 annotationibus
3698 4300 3787 4357 ad:

2186 4370 2449 4441 junctam.

2264 4443 2353 4498 98.
2396 4443 2610 4500 Patrem
2656 4443 2709 4499 in
2736 4443 2972 4500 creando
3003 4444 3219 4499 homine
3239 4445 3351 4499 vult
3375 4444 3784 4514 expressissime

2189 4527 2518 4579 consortem,
2551 4525 2626 4582 et,
2656 4517 2701 4570 si
2751 4517 2899 4585 loqui
2943 4518 3013 4571 ita
3043 4518 3323 4582 volumus,
3356 4526 3784 4580 concreatorem.

2190 4603 2309 4655 cum
2338 4587 2665 4657 reliquorum
2695 4590 2934 4643 omnium
2974 4592 3301 4644 creationem
3350 4603 3666 4655 recensens,
3696 4585 3784 4640 Pa-

2191 4660 2287 4715 tris
2314 4659 2538 4714 minime
2582 4661 2909 4716 meminerit.
2949 4659 3007 4716 ld
3046 4662 3239 4731 ipsum,
3272 4658 3367 4717 sed
3399 4660 3573 4716 multo
3603 4660 3784 4731 copia.

2203 4844 2256 4899 in
2298 4858 2358 4898 se
2396 4843 2665 4913 duplicem
2725 4844 2913 4900 beatus
2961 4844 3157 4899 Paulus
3174 4859 3297 4900 esse
3341 4853 3617 4910 naturam,
3671 4859 3787 4902 cum

2202 4915 2498 4971 secundum
2555 4915 2865 4989 interiorem
2913 4915 3183 4970 hominem
3216 4916 3517 4989 delectatur
3554 4918 3608 4971 in
3654 4917 3782 4989 lege,

2204 4996 2260 5042 ct
2284 5002 2405 5041 cum
2453 4988 2610 5060 aliam
2633 4987 2969 5060 iu_membris
3008 4989 3120 5041 suis
3167 4988 3313 5060 videt
3342 4990 3538 5059 legem,
3568 4987 3788 5060 quze‘se

2204 5060 2474 5130 Captivum
2506 5057 2663 5113 ducat
2692 5058 2743 5113 in
2764 5062 2878 5129 lege
2906 5061 3134 5128 peccati.
3164 5059 3319 5128 Quod
3359 5057 3490 5130 ergo
3518 5057 3788 5115 ﬁt‘sccon—

2206 5130 2359 5204 dum_
2382 5131 2668 5204 imaginem
2718 5131 2828 5194 Dei,
2860 5133 2933 5185 ad
2971 5130 3134 5186 animi
3187 5130 3416 5204 pertinet
3446 5132 3783 5204 dignitatem.

2209 5202 2361 5270 Quod
2385 5211 2562 5257 autem
2599 5201 2859 5274 formatur
2880 5218 2947 5258 ex
2978 5214 3143 5266 terra,
3159 5202 3355 5272 speciei
3373 5201 3621 5274 corporis
3638 5214 3788 5258 natu-

2195 5288 2375 5342 ratque
2397 5272 2749 5344 primordium
2775 5286 2876 5328 est.
2902 5274 2972 5329 Et
2991 5274 3114 5344 quia
3140 5276 3221 5329 vel
3238 5275 3448 5329 locutos
3473 5272 3538 5329 ad
3561 5276 3787 5331 alterum

2196 5344 2337 5400 Dens
2369 5346 2704 5416 intelligitur,
2729 5359 2852 5399 cum
2895 5346 3046 5404 dicit.
3074 5347 3331 5416 faciunttu
3372 5345 3677 5412 hominem;
3708 5347 3786 5402 vel

2194 5415 2384 5489 triplex
2412 5415 2755 5487 cognoscitur
2790 5417 3022 5472 hominis
3049 5415 3169 5489 facti
3196 5415 3640 5489 praaformatique
3672 5435 3786 5488 per-

2191 5487 2387 5542 fectio:
2436 5503 2557 5542 cum
2587 5499 2640 5543 et
2690 5489 2747 5541 lit
2785 5489 2850 5543 ad
2910 5487 3205 5560 imaginem
3229 5490 3344 5553 Dei,
3374 5499 3427 5543 et
3460 5487 3726 5546 formatur
3752 5505 3783 5546 e

2192 5569 2357 5624 terra,
2389 5569 2442 5613 et
2483 5560 2839 5629 iiispiratinne
2866 5563 3090 5629 spiritus
3119 5562 3171 5615 in
3215 5562 3489 5617 viventem
3546 5566 3780 5617 animata

2189 5640 2590 5686 cnmmovetur:
2640 5631 2842 5685 idcirco
2874 5633 3123 5687 manibus
3165 5647 3225 5687 se
3269 5632 3466 5688 factum
3491 5646 3547 5689 et
3591 5633 3780 5689 forma~

2192 5710 2323 5767 tttm,
2352 5718 2462 5776 (non
2493 5718 2650 5756 tnanu
2686 5715 2891 5757 tantum
2940 5703 3211 5776 Propheta
3266 5715 3515 5772 testatur,
3550 5705 3678 5776 quia
3727 5706 3774 5758 in

2186 5774 2571 5846 constitu_ti0ue
2613 5787 2710 5846 sua
2780 5791 2886 5829 non
2915 5774 3140 5829 solitarii
3199 5785 3426 5846 tantum,
3476 5787 3535 5834 et
3570 5774 3773 5835 eadem

2187 5845 2381 5915 triplex
2408 5844 2574 5902 fuisse
2593 5843 2819 5904 docetur
2843 5846 3107 5918 operatio.
3144 5864 3167 5900 ι
