4062 6332
232 332 339 392 8ὶὸ
424 379 434 387 .

827 333 893 391 IN
933 333 1192 395 lllLARll
1231 334 1619 394 EPISTOIAM
1662 332 1794 393 SEU
1833 332 2176 392 “BELLUM
2220 331 2685 393 DlSSEHTATlO
2724 334 2959 393 PRIMA.

3437 329 3542 391 836

301 448 437 526 220.
464 448 522 508 ld
549 459 633 506 est
656 467 679 526 _:
711 451 1115 526 convenitlseu
1144 469 1356 526 aquom
1382 452 1526 524 reor)
1565 454 1821 510 virtutum
1851 466 1897 523 Α
1928 455 2089 525 eligat
2138 456 2327 511 lector.
2354 455 2507 523 Quod
2537 456 2739 513 attinet
2760 455 2824 511 ad
2853 456 3117 512 rationem
3146 454 3440 526 prmstitam
3472 454 3537 508 ll-

228 524 604 578 tractationem
655 522 706 576 itt
752 522 1084 588 plenitudine
1126 525 1462 589 dilectionis,
1496 522 1547 579 et
1578 527 1819 579 omnium

231 607 416 668 rerum
450 594 709 668 bonarum
742 594 1014 651 desinere.
1051 596 1197 651 Ilaue
1243 596 1629 668 plenitudinem
1661 597 1829 652 dilec-

223 666 417 791 (tlipnis.
448 677 609 737 atque
637 665 774 722 adeo
799 682 981 723 rerum
1014 665 1259 723 omnium
1277 668 1331 723 in
1364 668 1474 733 Deo
1493 683 1635 733 esse,
1668 678 1826 724 antea

265 747 466 791 txerat.

265 736 466 792 ixerat.

298 808 428 863 ΕΙ.
460 807 636 881 Verba
660 810 762 881 ista
794 827 807 862 :
837 820 927 863 aut
955 810 999 864 si
1024 810 1147 878 quid
1179 812 1579 881 prwteriitissuiit
1601 820 1679 866 est
1705 854 1718 869 .
1770 811 1822 866 in

225 881 407 953 mundi
431 879 772 953 plenitudine,
806 881 1035 935 videntur
1071 879 1186 937 esse
1211 882 1530 949 conclusum,
1556 883 1829 939 obscuris-

226 952 391 1011 sima.
426 952 546 1006 iueo
574 953 790 1023 quidem
814 954 1041 1021 judicio.
1070 966 1216 1009 sunt.
1260 954 1341 1011 An
1368 970 1524 1009 error
1553 954 1747 1024 aliquis
1772 957 1823 1008 iu

221 1037 416 1078 vocem
451 1024 594 1077 illam
637 1024 815 1077 mundi
846 1024 1097 1092 irrepsit.
1132 1026 1201 1080 ita
1247 1037 1305 1081 ut
1347 1026 1492 1080 aliud
1536 1028 1825 1094 quodpiam

218 1094 485 1168 substituti
509 1094 743 1168 debeat?
774 1095 881 1152 Sed
913 1097 1040 1164 quid
1074 1096 1321 1153 substitui
1346 1098 1565 1163 debeat,
1587 1098 1827 1168 egoqui-

219 1163 348 1220 dem
379 1166 588 1237 ignoro.
617 1165 698 1222 An
733 1163 941 1222 retenta
964 1183 1094 1223 voce
1125 1169 1215 1224 illa
1257 1169 1455 1230 mundi,
1487 1170 1553 1223 ad
1583 1163 1823 1225 verbum

221 1237 478 1292 Divinum
525 1239 769 1293 omnium
808 1238 1145 1295 conditorem
1201 1243 1316 1296 haec
1368 1241 1528 1296 verba
1585 1242 1827 1297 referes?

216 1309 363 1379 adeo
406 1321 463 1364 ut
510 1310 798 1364 verborum
827 1310 1054 1365 istorum
1105 1311 1193 1367 hie
1221 1326 1415 1367 sensus
1455 1314 1523 1366 sit
1559 1311 1656 1367 :Si
1697 1312 1825 1379 quid

216 1378 363 1435 forte
383 1381 434 1434 in
458 1396 635 1435 rerum
655 1384 1063 1438 enumeratione
1084 1384 1391 1450 omisimus,
1416 1383 1547 1439 illttd
1570 1398 1827 1454 expresse

217 1465 330 1506 non
361 1465 853 1507 commemorantes
874 1495 890 1519 ,
921 1455 1139 1508 otnnino
1169 1465 1348 1510 tamen
1383 1471 1488 1510 non
1532 1466 1616 1510 εει
1656 1457 1823 1510 οιιιίεο

213 1536 342 1577 sum
375 1541 389 1577 :
420 1522 698 1593 Siquidem
724 1537 846 1579 cum
875 1526 1168 1580 dixerimus
1196 1569 1210 1590 ,
1242 1526 1421 1581 omnia
1450 1544 1477 1579 a
1511 1527 1619 1581 Deo
1660 1525 1825 1582 fuisse

214 1595 466 1661 Condita,
493 1596 608 1648 haee
629 1595 768 1668 ipsa,
793 1610 958 1666 quam
988 1598 1142 1652 nobis
1170 1598 1529 1666 praeteritiissa
1560 1600 1827 1668 putabun-

215 1675 333 1731 tur;
366 1667 588 1720 minime
617 1666 817 1721 omissa
849 1679 995 1740 sunt.
1039 1669 1145 1724 Sed
1171 1682 1374 1740 quanto
1401 1666 1690 1725 interuallo
1742 1669 1820 1725 di-

215 1747 371 1812 stant
402 1741 537 1812 lucc,
561 1753 683 1804 quae.
714 1753 853 1793 nunc
879 1738 1028 1805 dicit,
1055 1738 1212 1795 abiis
1246 1756 1366 1812 qum
1397 1752 1553 1796 antea
1590 1740 1657 1796 de
1685 1741 1820 1804 Deo.

211 1808 287 1864 de
328 1808 521 1869 Verbo,
546 1818 600 1862 et
628 1812 810 1864 mundi
838 1811 1112 1866 creatione
1142 1808 1390 1866 dixerat?
1414 1823 1467 1867 et
1490 1820 1668 1867 tamen
1693 1828 1824 1867 eon-

1932 526 2044 593 dei,
2078 537 2133 583 et
2164 529 2411 592 aemulos,
2456 543 2687 598 quorum
2724 528 2808 584 Ilit‘
2841 530 3116 594 meminit,
3172 528 3372 589 recole.
3419 539 3539 597 quae

1933 613 2160 654 numero
2190 610 2463 663 postremo
2489 602 2679 666 rapitis
2708 600 2744 655 2
2774 600 3101 669 ιιῐεῐιΐειιῐωιιίε
3131 598 3392 654 diximus.

2002 670 2143 744 922,
2174 670 2415 726 Obscura
2463 682 2583 727 ~unt
2615 688 2830 744 quoque
2877 673 3039 744 verba
3086 672 3180 744 illa
3216 689 3229 725 :
3262 669 3330 725 Et
3375 669 3540 744 magis

1936 743 2238 816 mysterium
2263 754 2469 816 sumant
2497 742 2702 816 (a-mnli
2735 743 2939 800 scilicet
2971 742 3096 816 ﬁdei
3127 744 3306 812 meat).
3336 746 3427 816 _An
3463 743 3540 816 lef-

1931 815 2177 888 gemlmo
2197 822 2282 870 est
2325 812 2541 888 potius,
2568 887 2571 888 ν
2602 826 2911 888 momentum
2941 815 3016 888 (id
3044 825 3147 888 est
3171 812 3537 888 occasionem)

1931 885 2180 939 sontant?
2227 891 2303 940 An
2333 885 2474 940 alittd
2511 886 2708 955 aliquid
2753 883 3022 942 occ:tsioni
3063 884 3267 941 afﬁne?
3297 884 3448 954 Quod
3490 883 3534 938 si

1930 956 2157 1029 omnino
2181 972 2367 1011 vocem
2396 961 2695 1029 mystm'nm
2746 960 2980 1014 retinere
3027 959 3130 1025 vis,
3161 958 3238 1013 sic
3263 956 3536 1025 explicare

1959 1043 2072 1082 mea
2105 1029 2322 1096 quidem
2353 1026 2631 1099 opinione)
2665 1032 2781 1085 lnec
2811 1045 3094 1098 possumus
3128 1049 3139 1079 -.
3177 1029 3280 1099 Ipsi
3324 1042 3536 1099 quoque

1950 1100 2052 1155 idei
2085 1116 2218 1167 mea:
2248 1098 2432 1156 :enmli
2458 1098 2860 1157 confe~sionetn
2888 1102 3169 1169 exvipiant
3199 1115 3374 1157 meam
3400 1143 3416 1162 ,
3452 1098 3532 1154 l‘a—

1933 1179 2257 1244 teanturque
2284 1189 2368 1225 me
2396 1175 2554 1244 plane
2578 1189 2699 1227 cum
2728 1172 2970 1229 Ecclesia
2998 1174 3392 1244 convenire,el
3422 1170 3533 1244 jam

1930 1242 2162 1312 denique
2203 1242 2471 1299 rationem
2505 1243 2756 1300 noverint
2780 1285 2795 1309 ,
2844 1246 2914 1298 ob
2943 1261 3103 1315 quam
3134 1245 3185 1297 in
3213 1243 3369 1298 libris
3397 1242 3535 1315 meis

1931 1315 2187 1369 nonnulla
2218 1316 2505 1372 obscurius
2532 1316 2754 1380 tradidi,
2786 1314 3064 1372 involucra
3085 1317 3316 1387 quodam
3348 1329 3411 1370 ea
3438 1314 3536 1369 οι».

1932 1397 2117 1455 legens
2148 1404 2160 1440 :
2192 1402 2258 1442 ne
2285 1387 2495 1443 scilicet
2521 1387 2848 1442 inﬁrmiores
2871 1388 3222 1444 offenderem.
3243 1386 3359 1441 Jaut
3388 1387 3533 1441 enim

1933 1472 2053 1531 cum
2102 1471 2261 1531 sensa
2321 1457 2793 1531 tite-i_e.\'plicatitli
2845 1457 3069 1514 facultas
3105 1474 3168 1513 se
3212 1456 3533 1531 olitulit,ea

1934 1529 2094 1602 plane
2120 1530 2405 1596 exiilicavi.
2423 1529 2544 1595 Vol,
2563 1527 2612 1583 si
2636 1532 2736 1590 vis.
2766 1532 2993 1602 mysterii
3019 1531 3234 1584 nomine
3255 1527 3535 1602 {annulum

1929 1602 2051 1669 ﬁdei
2079 1601 2343 1672 intelligo,
2376 1612 2433 1657 et
2457 1611 2567 1656 tum
2600 1602 2710 1668 dic,
2738 1600 2930 1671 optare
2957 1602 3246 1664 Hilarium,
3271 1611 3328 1654 ut
3350 1600 3532 1655 :emuli

1929 1672 2052 1745 lidei
2083 1687 2200 1727 suae
2231 1674 2527 1745 mysterium
2553 1685 2791 1738 sumant,
2825 1673 2875 1727 id
2903 1682 2981 1729 est
3004 1673 3394 1745 eamdem/idin
3423 1673 3536 1743 for-

1928 1744 2142 1818 malum,
2172 1746 2222 1799 iti
2256 1743 2359 1818 qua
2383 1759 2492 1800 tum
2518 1747 2652 1818 ipse,
2674 1757 2799 1818 tum
2830 1745 2991 1800 iidem
3011 1748 3187 1799 :enmli
3219 1743 3378 1818 plane
3399 1758 3534 1818 con-

1932 1816 2176 1877 veniaut;
2209 1814 2328 1886 qum
2356 1818 2569 1883 quidem
2617 1816 2738 1871 lidei
2794 1818 3015 1870 l'ormnla
3060 1814 3403 1887 apertissime
3433 1814 3531 1869 deo

214 1882 541 1961 lill_ll:tlutl-l_,“
563 1882 1020 1961 conjunetmnqne
1067 1898 1288 1961 sensum
1338 1885 1537 1961 ubique
1583 1884 1818 1961 retinere
1850 1878 1899 1939 B
1925 1887 2115 1961 claret,
2145 1878 2447 1961 orthodoxe
2471 1888 2703 1961 credere
2734 1886 2995 1942 Hilarium
3031 1906 3045 1943 :
3073 1878 3306 1961 proderit
3349 1896 3530 1941 autem

211 1952 434 2007 Vidi-tur
463 1953 715 2026 Hilariu~.
761 1957 840 2006 An
870 1952 1058 2009 desunt
1087 1954 1288 2026 aliqua,
1330 1952 1526 2026 quibus
1560 1957 1628 2010 ab
1660 1972 1812 2010 ama.

211 2026 411 2078 liuettsi
438 2024 653 2078 omissis
695 2026 1024 2093 interruptus
1066 2024 1291 2094 apparet
1316 2024 1548 2083 sensus?
1583 2031 1635 2081 ltt
1670 2037 1815 2082 tanta

208 2109 399 2150 rerum
421 2095 769 2161 obscuritate,
814 2097 862 2151 id
893 2097 1034 2168 quod
1079 2100 1247 2169 magis
1271 2098 1547 2170 probabile
1576 2100 1811 2166 duxerit,

1925 1970 1980 2013 et
2009 1958 2253 2023 inimicis,
2279 1970 2333 2014 et
2357 1959 2679 2015 credentibus
2700 2003 2714 2027 ,
2748 1970 3017 2030 quatenus
3036 1958 3226 2015 oiunes
3259 1960 3312 2014 in
3369 1972 3529 2013 unum

1924 2030 2284 2103 eamdemque
2327 2030 2669 2095 apertissime
2713 2033 2962 2103 mysteria
3007 2031 3287 2102 religionis
3328 2038 3527 2086 nostra:

1924 2099 2289 2157 declarantem
2325 2104 2607 2159 iet'mnlzttn
2644 2099 2990 2160 Comicnienl.

1014 2346 2735 2553 DISSERTATIONES

542 2650 717 2781 IN
815 2651 1851 2784 EPISTOLAM
1937 2653 2245 2781 SEU
2338 2651 3285 2782 LIBELLUM

1163 2890 1735 2997 SANCTI
1868 2890 2491 2998 HILARII
2521 2952 2558 2991 .

1581 3082 2185 3116 Μ

651 3203 1101 3263 DISSER'I‘ATIO
1143 3202 1380 3259 PRIMA.

208 3341 296 3397 Ad
349 3342 463 3396 luce
516 3341 758 3411 epistolae
810 3340 994 3396 llilarii
1047 3339 1210 3396 verba
1255 3341 1466 3406 (a).u1'
1501 3352 1663 3393 erm:
1685 3351 1822 3402 ouoo

355 3449 594 3489 PROPTER
634 3448 730 3490 NOS
769 3449 1085 3490 Ροετιιουυιι
1110 3449 1302 3488 FUERIT
1329 3446 1690 3487 FABRICATUII.

294 3548 440 3605 Nam
470 3549 690 3605 hominis
719 3567 877 3604 causa
904 3548 1162 3604 sensibilin
1194 3548 1385 3614 omnia,
1414 3564 1448 3602 α
1487 3545 1665 3618 Moyse
1727 3542 1821 3598 de~

792 3642 987 3711 scripta
1005 3681 1021 3707 ,
1053 3641 1259 3695 Condita
1285 3640 1406 3694 sint.

288 3757 831 3824 ‘I.Adnotatiunihus,
846 3772 979 3828 quas
994 3756 1180 3811 Hilarii
1198 3754 1451 3826 Epistolas
1468 3753 1665 3822 adieci,
1682 3767 1825 3808 nunc

208 3854 439 3909 demum
472 3851 878 3907 dissertationes
906 3850 1140 3919 adiungo
1163 3890 1177 3912 ,
1225 3848 1420 3916 quibus
1445 3848 1653 3903 scilicet
1683 3861 1823 3901 non-

213 3947 371 4004 nulla
393 3944 755 4015 quatstionttm
787 3945 960 4008 capita
984 3948 1398 4011 perlractantur,
1423 3955 1543 4010 qua:
1570 3938 1855 4000 brevibus_

216 4039 339 4097 illis
363 4039 612 4104 monitis,
663 4053 783 4108 qua:
813 4034 1187 4090 atlnotationes
1219 4041 1542 4102 exposcunt,
1574 4047 1826 4102 compre-

218 4134 393 4191 hendi
422 4141 715 4204 nequeunt.
738 4130 795 4186 ln
828 4130 999 4200 prima
1029 4143 1191 4199 porro
1233 4128 1615 4182 dissertatione
1638 4125 1825 4195 expla-

222 4226 373 4283 nabu
416 4227 574 4281 verba
608 4224 696 4280 illa
734 4242 747 4279 :
800 4220 871 4277 Ut
900 4221 1056 4275 etiam
1081 4219 1219 4290 quod
1248 4226 1456 4289 propter
1483 4234 1576 4273 nos
1603 4229 1828 4286 postmo-

216 4319 349 4373 dum
376 4321 531 4389 fuerit
559 4316 899 4384 fabricatum;
930 4322 984 4367 ct
1004 4313 1291 4383 inquiram,
1318 4328 1440 4364 num
1463 4311 1627 4384 (quod
1662 4310 1824 4365 verba

218 4413 317 4468 illa
352 4410 615 4479 indicant)
646 4407 868 4463 hominis
895 4422 1053 4460 causa
1080 4404 1340 4460 sensibilia
1384 4405 1555 4459 omnia
1584 4420 1616 4457 α
1652 4401 1831 4474 Moyse

216 4505 506 4578 descripta,
527 4503 735 4559 condita
756 4504 877 4558 sint.

1848 3202 1896 3266 C
1928 3200 2085 3255 tustis
2116 3217 2331 3272 quoque
2365 3201 2713 3260 Hebraeorum
2740 3204 3058 3261 doctoribus
3102 3215 3157 3262 et
3180 3205 3533 3263 Patrilmsar—

1929 3295 2069 3350 risit.
2107 3294 2185 3351 Ex
2220 3299 2450 3353 vetustis
2489 3298 2836 3355 Hebraeorum
2884 3301 3199 3356 doctoribus
3241 3300 3528 3356 l'hilonem

1926 3389 2119 3460 seligo;
2144 3389 2343 3462 quippe
2386 3392 2439 3446 in
2495 3392 2649 3459 libro,
2682 3408 2842 3464 quem
2870 3393 2934 3447 de
2974 3394 3150 3448 mundi
3190 3394 3401 3464 api/icio
3445 3396 3527 3449 in-

1927 3481 2166 3551 scripsit,
2194 3481 2311 3537 ltaec
2358 3484 2434 3538 ait
2465 3482 2584 3554 (II):
2620 3502 2639 3536 ι
2668 3485 2883 3553 Qua-ret
2931 3484 3019 3540 hic
3052 3485 3248 3556 aliquis
3280 3502 3522 3553 causam,

1933 3586 2033 3627 cur
2059 3574 2304 3630 ultimum
2349 3589 2575 3645 operum
2608 3577 2679 3630 sit
2720 3576 2883 3632 homo
2916 3579 2966 3633 in
3004 3578 3190 3633 mundi
3220 3579 3532 3635 creatione?

1931 3665 2063 3722 Nam
2107 3680 2226 3737 post
2256 3670 2438 3723 omnia
2472 3685 2594 3724 eum
2623 3670 2874 3726 conditor
2899 3687 2960 3726 ae
2992 3670 3152 3727 Pater
3183 3671 3329 3734 fecit,
3355 3685 3409 3727 ut
3435 3672 3537 3728 do-

1928 3768 2056 3816 cent
2089 3776 2260 3817 sacrze
2289 3762 2503 3817 litterir.
2535 3762 2635 3830 Qui
2671 3764 2845 3833 legem
2880 3766 3147 3819 rimantur
3188 3763 3526 3832 profundius,

1930 3868 2163 3925 eamque
2184 3870 2344 3925 quam
2376 3855 2608 3911 maxime
2639 3856 2754 3911 licri
2801 3866 2979 3927 potest
3007 3858 3290 3914 excutiunt
3319 3873 3532 3912 summa

1931 3948 2227 4018 diligentia,
2258 3950 2446 4004 dicunt
2467 3992 2482 4017 ,
2528 3950 2672 4019 quod
2706 3961 2986 4020 postquam
3016 3952 3152 4008 Deus
3176 3950 3447 4007 hominem
3478 3953 3530 4008 iit

1931 4058 2085 4097 suam
2140 4043 2516 4113 cognationem
2571 4043 2792 4099 admisit
2831 4048 3039 4102 ratione
3084 4046 3342 4101 donatum
3388 4046 3535 4102 dono

1933 4135 2088 4206 longe
2117 4138 2344 4205 optimo,
2383 4151 2450 4191 ne
2479 4147 2675 4193 czetera
2717 4139 2932 4203 quidem
2965 4139 3015 4195 ei
3062 4139 3299 4196 invidit:
3343 4140 3438 4196 sed
3480 4147 3539 4195 ιιι

1931 4228 2149 4283 animali
2196 4229 2613 4283 lamiliarissimo
2661 4230 3103 4301 amicissimeque
3162 4232 3342 4288 omnia
3416 4247 3538 4304 quze

1935 4322 2137 4377 mundo
2161 4325 2542 4389 continentur,
2591 4325 2937 4395 pra-paravit,
2981 4328 3167 4383 νειμ-ηε
3192 4369 3206 4388 .
3259 4336 3317 4382 ιιι
3341 4343 3534 4383 recens

1934 4427 2155 4471 creatus
2192 4415 2340 4470 nulla
2370 4432 2428 4472 re
2469 4425 2703 4482 careret,
2737 4436 2856 4485 qua:
2896 4419 2962 4473 ad
2995 4421 3180 4484 vitam,
3206 4431 3369 4491 atque
3394 4420 3534 4476 adeo

1936 4508 2078 4563 bene
2111 4510 2401 4565 vivendum
2447 4510 2712 4567 conferat.
2748 4512 2990 4579 Quorum
3036 4513 3265 4568 altermn
3317 4525 3541 4584 praestat

294 4599 352 4654 2.
386 4596 768 4655 Vetustissima
801 4597 914 4650 lucc
952 4594 1182 4665 quaestio
1211 4602 1316 4655 est,
1344 4607 1573 4663 quaeque
1610 4590 1827 4647 Gnaeos

1935 4600 2090 4671 copia
2125 4601 2453 4673 ubertasque
2483 4619 2662 4657 rerum
2686 4604 2752 4658 ad
2774 4604 3058 4660 fruendum
3082 4614 3389 4673 paratarum
3416 4624 3430 4660 :
3455 4608 3503 4662 al
3521 4637 3537 4649 -

221 4695 372 4749 inter
399 4689 754 4762 philosophos
778 4703 995 4759 quoque
1033 4686 1230 4757 agitata
1264 4684 1385 4740 iuit.
1413 4685 1580 4740 Stoici
1620 4684 1829 4741 scilicet

221 4787 402 4845 omnia
426 4785 585 4840 nostri
607 4800 764 4839 causa
793 4783 974 4856 fecisse
1003 4780 1162 4837 Deum
1186 4779 1503 4835 asserebant
1530 4776 1630 4852 (ὁ).
1654 4780 1831 4835 obsis—

225 4880 469 4938 tentibus
487 4878 792 4947 Epicureis,
811 4886 864 4930 et
890 4875 1248 4939 Academicis,
1275 4888 1339 4928 ac
1372 4873 1557 4942 primis
1579 4872 1819 4943 quidem,

223 4978 355 5044 quia
392 4973 482 5026 Dei
504 4986 629 5042 erga
660 4984 759 5025 nos
777 4967 1170 5040 providentiam
1201 4965 1521 5032 irridebanl,
1548 4965 1832 5020 Academi-

227 5064 316 5120 cis
344 5079 495 5128 vero,
523 5062 646 5131 quia
676 5061 725 5115 id
761 5062 939 5116 minus
965 5068 1172 5114 certum
1202 5072 1325 5114 esse
1353 5058 1634 5128 putabant,
1668 5074 1829 5129 quam

226 5159 487 5214 dicereut
508 5155 696 5212 Stoici.

310 5250 512 5305 Horum
556 5258 735 5303 tamen
781 5247 966 5315 Opinio
1003 5253 1060 5301 et
1102 5245 1224 5301 aliis
1251 5243 1586 5313 philosophis
1613 5244 1837 5316 placuit,

228 5343 708 5402 velutiAiiStoteli
754 5340 824 5415 (c)
857 5341 1094 5397 ιιιοιιθιιιὶ
1124 5382 1140 5407 ,
1188 5338 1446 5394 hominem
1487 5354 1597 5394 esse
1649 5339 1839 5408 ﬁnem,

229 5447 447 5513 propter
478 5454 628 5509 quem
647 5438 847 5508 reliqua
868 5433 1040 5489 omnia
1078 5433 1131 5488 in
1157 5441 1342 5486 natura
1375 5439 1491 5486 sunt
1528 5434 1668 5504 facta
1698 5449 1718 5486 :
1747 5447 1843 5489 ve-

312 5598 898 5677 (dgito-5.013%.
1160 5667 1266 5677 ..
1367 5667 1381 5677 .
1509 5665 1561 5677 ..
1711 5664 1740 5677 ..

318 5664 395 5745 '(b')
425 5664 680 5745 Lactant;
703 5671 770 5745 de
792 5669 967 5745 divino
993 5668 1206 5745 prwmio
1246 5667 1266 5738 (
1294 5667 1384 5738 qui
1433 5665 1652 5738 quidem
1710 5664 1847 5722 liber

235 5740 611 5815 septimttscst
643 5740 842 5815 Instit.)
862 5741 963 5815 calt
1011 5742 1067 5796 7.
1182 5811 1205 5815 Α
1282 5809 1323 5815 _
1604 5778 1699 5815 η,

320 5813 680 5890 (αλιιξὴᾏιι-
713 5809 940 5890 ΡΙιγέἰοίς
998 5826 1118 5884 cap.
1177 5811 1233 5867 2.
1282 5809 1351 5866 Et
1392 5809 1485 5866 lib.
1529 5828 1547 5868 ι
1604 5809 1843 5882 Metapb.

238 5884 382 5959 cap.
400 5888 457 5943 Ξ.
484 5885 551 5942 Et
566 5885 729 5944 Polit.
751 5884 873 5958 cap.
899 5884 955 5940 5.

1936 4702 2110 4749 terunt
2135 4695 2525 4764 contemplatio
2548 4696 2877 4762 cmlestium,
2906 4713 3013 4769 qua
3037 4697 3257 4767 quidem
3291 4698 3535 4768 perculsa

1936 4802 2093 4844 mens
2118 4804 2357 4844 amorem
2390 4803 2456 4846 ac
2496 4789 2826 4845 desiderium
2857 4790 3098 4846 scientiae
3146 4806 3327 4866 rerum
3361 4790 3548 4862 hujus—

1938 4880 2083 4936 modi
2116 4882 2372 4951 concipit.
2405 4901 2425 4933 ι

2012 4972 2064 5026 ὅ.
2094 4972 2258 5038 Eam,
2303 4971 2370 5028 de
2405 4988 2509 5043 qua
2537 4972 2777 5041 agimus,
2807 4971 3132 5030 Christianis
3173 4974 3424 5031 omnibus
3463 4973 3547 5028 in—

1941 5065 2166 5123 bmsisse
2194 5066 2529 5137 opinionem,
2561 5083 2626 5121 ex
2658 5083 2726 5125 eo
2751 5078 2916 5138 patet,
2940 5069 3082 5139 quod
3112 5066 3303 5123 Celsus
3323 5081 3442 5122 eam
3469 5065 3541 5120 oh

1945 5175 2059 5214 rem
2103 5157 2444 5215 Christianos
2492 5158 2751 5226 irrideat,
2798 5160 3192 5232 redargnatque
3238 5159 3332 5233 (c).
3390 5159 3548 5214 Addit

1947 5251 2127 5306 Celsus
2155 5253 2352 5325 (inquit
2381 5253 2667 5325 Origenes)
2698 5272 2789 5310 nos
2810 5256 2981 5310 dicere
3009 5271 3027 5309 :
3054 5253 3243 5310 Omnia
3266 5252 3410 5308 nobis
3440 5270 3550 5309 ser.

1946 5345 2053 5399 vire
2088 5347 2241 5416 jussu
2270 5358 2411 5402 sunt.
2442 5346 2553 5405 Nec
2598 5359 2774 5404 tamen
2818 5350 2867 5404 id
2918 5358 3079 5419 negat
3129 5350 3245 5417 ipse
3284 5346 3549 5419 Origenes

1948 5436 2163 5494 Celsum
2192 5441 2454 5505 refutans,
2486 5440 2581 5497 sed
2617 5450 2821 5497 tantum
2848 5441 2947 5505 ait,
2971 5440 3201 5497 fortasse
3232 5440 3282 5497 id
3319 5443 3548 5497 minime

2027 5599 2106 5676 (ά)
2135 5601 2436 5675 Interprete
2470 5586 2718 5670 Gelenio,
2761 5618 2879 5675 pag.
2936 5603 3001 5660 l5
3056 5602 3184 5660 edit.
3232 5604 3548 5676 Lugd.anni

1953 5672 2317 5819 iégeghmm
2343 5746 2585 5811 Celsum.
2613 5748 2704 5803 lib.
2733 5764 2807 5816 tv,
2839 5764 2892 5805 n.
2916 5749 3012 5817 20,
3045 5763 3165 5819 pag.
3192 5748 3299 5805 525
3351 5749 3479 5805 tomi
3531 5764 3552 5804 ι

1952 5816 2206 5876 editionis
2236 5820 2411 5878 Caroli
2442 5820 2511 5878 de
2540 5821 2589 5876 la
2617 5819 2755 5877 Rue.
