4062 6332
533 349 637 408 827

1254 348 1321 406 IN
1360 348 1617 408 HILARII
1684 351 1897 407 EPIST.
1942 348 2074 411 SEU
2115 350 2129 409 1

2237 352 2334 409 EL.
2378 353 2835 414 DISSERTATIO
2869 356 3099 417 PRIMA.

3723 374 3831 429 82::

530 486 717 527 verum
741 485 865 527 esse
888 470 964 543 (et
994 484 1126 526 sane
1155 469 1200 525 si
1231 469 1460 543 rigorose
1490 470 1778 551 loquimur,
1814 470 1993 547 angeli
2030 485 2127 527 no-
2153 475 2201 534 Α
2230 481 2390 545 atque
2417 487 2611 530 ornare
2641 475 2893 543 voluisse,
2927 478 2998 534 ob
3031 493 3259 553 eamque
3287 496 3505 540 causam
3553 494 3608 545 et
3651 501 3835 553 aerem

530 559 635 629 bis,
665 571 722 618 et
742 562 864 623 etcli
894 562 1118 619 minime
1145 561 1473 631 inserviunt;
1504 577 1634 621 saxa
1662 580 1900 638 quoque,
1928 575 1983 621 et
2012 579 2125 623 me-

529 657 679 723 talla,
708 668 765 714 et
812 657 1048 718 inanima
1092 658 1298 729 qumvis
1345 657 1502 721 nobis
1537 673 1643 717 non
1692 660 2015 723 inserviunt.
2048 670 2128 718 ta-

443 766 452 773 ·
529 751 690 807 motsi
720 752 786 817 iis
806 761 1042 817 utamur,
1071 759 1129 807 et
1147 752 1314 807 nostri
1342 765 1500 807 causa
1525 750 1634 808 sint
1654 750 1915 825 condita).
1936 751 2124 822 Addit,

530 845 581 905 ld
614 847 787 916 ipsum
815 888 830 913 ,
878 845 1020 918 quod
1079 846 1131 911 in
1172 842 1497 915 Christianis
1529 847 1719 902 Celsus
1768 846 2063 918 redarguit,
2097 862 2124 902 a

530 937 733 997 Graecis
758 937 923 995 fuisse
955 938 1230 1005 traditum,
1263 955 1361 997 nec
1381 947 1561 997 tamen
1590 956 1711 1001 eam
1735 943 1805 997 ob
1825 955 1938 998 retu
1963 940 2130 1001 fuisse

531 1030 920 1102 reprehensos.
957 1033 1245 1102 Perperam
1285 1034 1464 1104 itaque
1489 1033 1537 1087 id
1572 1034 1624 1089 in
1650 1032 1972 1089 Christianis
1999 1048 2125 1089 con-

531 1124 774 1181 demnari
807 1140 835 1179 a
866 1124 1045 1181 Celso.
1073 1123 1178 1181 Sed
1209 1135 1424 1197 lineatat
1467 1129 1579 1198 ipsa
1634 1126 1882 1201 Origenis
1924 1128 2082 1191 verba
2108 1170 2124 1197 ,

530 1232 691 1293 prout
721 1222 773 1276 in
807 1221 1044 1283 editione
1082 1222 1381 1279 doctissimi
1410 1222 1585 1279 Caroli
1619 1223 1686 1280 de
1720 1225 1770 1283 la
1804 1223 1918 1283 Rue
1948 1224 2130 1285 latini-

532 1325 643 1372 tate
668 1316 867 1372 donata
899 1327 1043 1385 sunt,
1068 1318 1303 1385 allegare
1329 1334 1372 1372 ει
1400 1317 1562 1373 Addit
1579 1317 1773 1374 Celsus
1790 1333 1887 1373 "Oa
1904 1319 2124 1375 dicere:

536 1409 727 1469 Omnia
780 1411 922 1466 nobis
967 1411 1157 1467 servire
1189 1413 1336 1483 jussu
1359 1424 1498 1467 sunt.
1518 1408 1774 1467 Fortasse
1798 1413 2070 1469 neminem
2097 1427 2128 1467 e

533 1505 736 1563 nostris
792 1505 1127 1577 sapientibus
1193 1505 1316 1562 talia
1380 1506 1563 1562 dicere
1598 1507 1870 1567 audivit...
1926 1506 2129 1567 Deinde

531 1613 655 1653 cum
686 1598 860 1655 Graeci
882 1598 1065 1654 dicunt
1093 1598 1304 1671 (Eat-ip.
1332 1600 1387 1657 in
1413 1597 1696 1672 Pltmniss.)
1722 1618 1735 1656 :

784 1699 888 1766 Sol,
914 1715 1033 1766 nox,
1056 1709 1267 1766 uterque
1292 1703 1512 1753 serviunt
1545 1701 1853 1764 mortalibus,

535 1787 736 1849 dictum
755 1788 1008 1859 laudant,
1035 1799 1089 1845 et
1110 1788 1515 1847 commentariis
1533 1788 1825 1845 illustrant.
1858 1787 2004 1849 Idem
2030 1805 2129 1849 nos

2231 566 2560 641 volucribus,
2585 578 2637 624 ct
2659 584 2807 628 mare
2828 570 3083 640 piscibus,
3106 584 3160 633 et
3177 582 3376 635 terram
3394 577 3839 650 quadrupedibus

2230 659 2527 730 implevit.»
2563 659 2632 719 Et
2660 661 3021 735 rursm(Cap.
3057 667 3182 734 is):
3208 686 3228 720 ι
3261 668 3539 741 Sequitur.
3567 681 3627 727 ut
3649 682 3839 730 osten-

2230 750 2376 818 dant,
2407 768 2503 807 cur
2534 753 2724 810 fecerit
2768 756 3040 813 hominem
3089 759 3264 828 ipsum
3292 761 3431 818 Deus
3462 779 3477 833 ;
3512 764 3654 820 sicut
3677 781 3840 823 mult-

2230 844 2357 905 dum
2405 858 2621 918 propter
2668 846 2941 907 hominem
2994 853 3333 913 machinatus
3379 865 3483 916 est.
3536 857 3609 912 ita
3656 859 3838 928 ipsum

2233 948 2453 1009 pmpter
2479 956 2561 1004 se,
2595 950 2848 1010 tanquam
2886 944 3055 1000 divini
3088 947 3271 1015 templi
3318 948 3642 1018 antistitem,
3674 965 3838 1023 spee-

2233 1039 2459 1087 tatorem
2492 1050 2714 1111 operum
2744 1052 3033 1108 rerumque
3053 1040 3375 1099 ctelestium.
3411 1061 3430 1095 ι

2304 1126 2355 1183 6.
2399 1126 2504 1184 Sed
2549 1131 2884 1191 omittendus
2940 1148 3044 1186 non
3100 1145 3180 1191 est
3230 1132 3561 1207 Gregorius;
3630 1138 3835 1211 quippe

2232 1220 2639 1291 expressissimc
2670 1224 2718 1279 id
2749 1225 2819 1284 de
2837 1241 2947 1293 quo
2973 1231 3200 1296 agimus,
3227 1230 3386 1283 tradit
3414 1227 3601 1298 (Hom.
3621 1245 3749 1285 ms
3774 1232 3835 1286 iis

2234 1312 2431 1384 Evaug.
2464 1332 2516 1369 η.
2555 1314 2614 1387 2)
2646 1335 2657 1368 :
2693 1314 2795 1369 Ille
2822 1316 3054 1371 videlicet
3075 1317 3297 1392 (inquit)
3339 1322 3551 1374 docetur
3577 1364 3591 1387 ,
3622 1332 3839 1394 propter

2230 1423 2380 1477 quem
2427 1408 2480 1461 in
2527 1419 2660 1463 terra
2717 1421 2898 1467 cuncta
2940 1426 3108 1466 creata
3141 1424 3257 1469 sunt
3287 1412 3378 1488 (de
3407 1413 3625 1475 homine
3669 1429 3837 1487 porro

2231 1498 2322 1554 ille
2359 1499 2639 1573 loquitur).
2665 1500 2839 1570 Adde,
2865 1503 2908 1558 si
2938 1504 3041 1571 vis,
3073 1505 3402 1565 Bernardutn
3437 1505 3459 1579 (
3488 1507 3658 1563 Serm.
3704 1523 3721 1563 ι
3768 1508 3840 1567 de

2231 1589 2416 1646 diuers.
2453 1609 2507 1650 ιι.
2542 1590 2622 1665 6),
2647 1605 2704 1649 et
2731 1595 3053 1666 scriptorem
3094 1597 3257 1653 libelli
3287 1641 3302 1664 ,
3328 1600 3418 1671 qui
3443 1602 3715 1655 instructio
3740 1617 3835 1655 sa-

2190 1734 2197 1740 .
2232 1687 2492 1741 cerdotum
2522 1687 2813 1755 inscriptus
2829 1698 3216 1763 est,exstatqtte
3234 1691 3373 1746 inter
3396 1692 3650 1749 Bernardi
3670 1709 3836 1764 Opera

2233 1773 2441 1848 (Exstat
2463 1795 2516 1847 p.
2536 1776 2641 1835 585
2661 1787 2783 1835 tant.
2816 1794 2872 1835 tu
2902 1782 3024 1836 edit.
3069 1780 3237 1838 Venet.
3275 1781 3419 1841 Mali.
3448 1802 3534 1839 an.
3572 1786 3759 1854 i727.)

532 1883 648 1939 sive
670 1898 776 1938 non
796 1882 1061 1946 dicamus,
1092 1881 1205 1938 sive
1244 1881 1364 1937 aliis
1400 1882 1581 1938 verbis
1612 1883 1878 1950 dicamus,
1908 1884 2129 1954 perinde

2304 1871 2356 1925 7.
2402 1872 2470 1927 Et
2509 1872 2559 1927 id
2603 1889 2734 1930 sane
2776 1875 2918 1945 quod
2950 1874 3008 1930 hi
3050 1876 3302 1943 tradunt,
3339 1878 3499 1936 valde
3538 1880 3841 1952 probabilis

533 1984 617 2033 est
645 1977 823 2043 Celso,
843 1986 904 2032 ut
930 1975 1085 2032 nobis
1112 1976 1541 2037 intendatlitem.
1560 1998 1579 2029 ι
1614 1976 1841 2033 Notatur
1870 1990 2049 2035 autem
2078 1981 2130 2036 in

533 2068 795 2141 margine,
837 2064 1139 2126 Grazcorum
1189 2069 1408 2129 nomine
1455 2069 1791 2143 designatum
1849 2072 2011 2129 fuisse
2064 2073 2132 2129 ab

530 2162 753 2236 Origine
799 2163 1128 2235 Euripidem,
1153 2164 1305 2235 cujus
1324 2165 1375 2219 in
1400 2162 1698 2221 Phoenissis
1719 2167 2014 2223 versiculus
2042 2168 2131 2223 ille

530 2265 636 2311 est.
661 2254 717 2311 lu
741 2256 891 2311 calce
919 2270 1081 2327 porro
1110 2255 1317 2327 paginae
1354 2255 1581 2311 affertur
1605 2257 1813 2329 integer
1860 2258 2133 2330 Euripidis

534 2350 686 2407 locus
710 2361 818 2406 tum
847 2349 1057 2420 Graece,
1092 2359 1202 2407 tum
1246 2350 1510 2413 latinitate
1552 2351 1784 2421 donatus
1809 2371 1822 2413 :
1851 2353 1929 2410 sic
1972 2369 2133 2426 porro

532 2442 627 2501 ille
649 2458 709 2500 se
735 2442 896 2499 habet
921 2461 933 2498 :

627 2536 996 2613 Qbswramque
1019 2538 1306 2613 palpebram
1326 2539 1503 2603 noctis,
1540 2546 1593 2613 et
1623 2537 1795 2613 lumen
1813 2539 1970 2613 solis,
2011 2600 2023 2612 .

629 2601 694 2667 yt
717 2601 979 2667 aequaliter
997 2601 1266 2667 circuirent
1283 2601 1497 2667 annuum
1520 2601 1756 2667 circulum
1779 2601 2084 2667 (constituit).

628 2662 689 2728 Et
713 2662 939 2723 neutrum
968 2663 1141 2728 horum
1161 2662 1369 2713 duorum
1390 2662 1791 2728 victuminvidet
1806 2662 1973 2728 alteri,

630 2726 796 2789 Atque
822 2727 887 2775 ita
912 2724 1003 2785 sol,
1025 2732 1081 2776 et
1101 2738 1197 2775 ne:
1217 2727 1442 2776 serviunt
1463 2726 1759 2787 hominibus,
1787 2735 1883 2778 etc.

606 2834 660 2889 4.
687 2831 975 2902 Origenem
1006 2832 1370 2903 sub~equatur
1397 2833 1742 2905 Augustinus.
1777 2834 1986 2901 Etenim
2013 2850 2135 2904 pro—

534 2926 710 2998 posita
740 2925 841 2980 sibi
873 2924 937 2979 ad
965 2924 1283 2981 solvendum
1318 2924 1418 2981 bac
1440 2925 1741 2996 quastione
1769 2924 1847 3001 (ι)
1881 2942 1895 2982 :
1949 2924 2136 2991 Utrum

535 3021 706 3075 omnia
732 3021 784 3075 in
813 3020 1087 3079 utilitatem
1113 3022 1379 3077 hominum
1408 3032 1579 3076 creata
1608 3022 1738 3088 sint,
1771 3022 2133 3093 affirmantem

533 3122 738 3186 partem
767 3115 1130 3185 amplectitur,
1178 3126 1233 3171 et
1265 3116 1329 3170 ad
1372 3114 1511 3170 hunc
1535 3115 1753 3170 modum
1781 3118 2132 3187 qtuestionetu

532 3207 845 3264 concludit:
879 3208 1067 3263 Omnia
1094 3226 1236 3280 ergo,
1272 3225 1388 3281 qua
1431 3209 1567 3280 facta
1608 3218 1747 3276 sunt,
1769 3211 1824 3265 in
1863 3227 2008 3266 usum
2036 3209 2135 3265 Ito-

2232 1967 2375 2023 ratio
2398 1966 2570 2022 ‘noliis
2603 1968 2931 2037 persuadere
2957 1970 3188 2026 videtur.
3224 1972 3431 2028 Etenim
3472 1983 3527 2028 et
3566 1986 3837 2045 prmstan-

2235 2057 2441 2115 tissima
2471 2069 2840 2119 creaturarum
2867 2063 3106 2121 omnium
3138 2080 3259 2121 esse
3290 2065 3505 2125 videtur
3534 2066 3723 2137 homo,
3749 2068 3840 2127 cui

2233 2153 2428 2208 merito
2471 2163 2664 2209 cuncta
2712 2154 3044 2223 inserviunt,
3094 2166 3149 2212 ut
3192 2157 3546 2230 subsequenti
3575 2161 3838 2217 disserta-

2232 2246 2381 2299 tione
2413 2245 2551 2301 ltattd
2597 2245 2945 2318 indiligenter
2979 2250 3296 2318 ostendam;
3327 2259 3383 2307 et
3427 2254 3559 2308 ttibil
3596 2254 3842 2311 iudicare

2232 2354 2297 2394 ex
2331 2338 2397 2393 iis
2421 2381 2436 2407 ,
2468 2355 2587 2413 quae
2620 2340 2760 2396 facta
2788 2350 2947 2409 sunt,
2979 2344 3264 2415 quisquam
3305 2347 3533 2415 poterit,
3563 2348 3710 2418 quod
3744 2347 3841 2402 bo-

2233 2432 2363 2493 mini
2394 2432 2525 2489 utile
2555 2432 2739 2504 aliqua
2766 2434 2976 2493 ratione
3006 2451 3113 2493 non
3145 2439 3234 2493 sit.

2306 2525 2360 2581 8.
2403 2525 2536 2581 Novi
2572 2528 2820 2598 equidem
2845 2572 2859 2596 ,
2901 2530 3020 2586 haec
3051 2533 3101 2585 in
3145 2531 3368 2587 dubium
3399 2532 3584 2590 vocari
3614 2535 3681 2590 ab
3704 2537 3845 2592 Ara-

2233 2618 2492 2688 demicis,
2539 2621 2865 2694 irriderique
2914 2623 2984 2687 ab
3046 2624 3347 2703 Epicureis.
3400 2626 3508 2691 Sed
3569 2630 3844 2684 immerito

2235 2724 2527 2784 utrumque
2558 2714 2672 2771 lleri
2701 2714 2747 2771 is
2771 2714 3047 2783 fatebitur,
3079 2718 3169 2788 qui
3196 2731 3383 2773 eorum
3410 2720 3731 2788 espeuderit
3756 2737 3842 2777 ar.

2237 2821 2495 2880 gumeuta
2522 2827 2534 2863 :
2561 2826 2679 2881 quae
2701 2825 2992 2882 propterea
3013 2811 3294 2867 audiamus
3313 2822 3548 2883 oportet.
3567 2813 3659 2871 Sic
3680 2825 3844 2887 po’rro

2237 2901 2274 2979 ii
2299 2902 2609 2972 disputant:
2637 2896 2718 2959 An
2735 2903 2780 2979 si
2812 2904 3046 2961 hominis
3075 2922 3235 2963 causa
3260 2909 3469 2977 reliqua
3496 2920 3685 2966 es~eut
3712 2927 3847 2967 eon-

2238 2996 2370 3057 dita.
2398 2997 2638 3051 omnium
2664 2976 3020 3054 animantium
3048 3002 3412 3058 miserrimum
3440 3002 3717 3060 hominem
3752 3022 3844 3061 na.

2241 3098 2361 3144 tura
2415 3089 2726 3146 effecisset?
2770 3091 2939 3147 Porro
2986 3092 3167 3149 ell'ecit
3222 3093 3629 3165 miserrimum,
3681 3098 3844 3171 idque

2239 3183 2395 3251 adeo,
2430 3195 2487 3240 ιιι
2529 3186 2705 3257 palam
2741 3194 2956 3243 constet
2998 3187 3314 3260 despectum
3347 3205 3571 3260 pnorsus
3614 3193 3783 3249 fuisse
3812 3209 3841 3248 a

534 3304 687 3358 minis
716 3303 857 3371 facta
883 3314 1020 3370 smn,
1052 3276 1176 3373 quia
1219 3276 1452 3359 munibus
1479 3305 1643 3361 utitur
1656 3306 1946 3378 judicanth
1977 3308 2131 3375 ratio,
2161 3282 2206 3348 C
2241 3276 2376 3378 Ρθῗν
2407 3279 2543 3346 sm“
2577 3290 2639 3378 "‘_
2658 3290 2872 3378 ve'e'jes
2900 3281 3079 3337 dicere
3108 3292 3536 3378 wns'wvcram'
3569 3299 3602 3339 ³
3629 3295 3840 3342 "mum

533 3412 649 3467 que
673 3396 870 3453 homini
894 3399 1019 3455 data
1044 3408 1137 3455 est.

607 3492 661 3545 li.
705 3489 1039 3547 Lactantium
1067 3493 1371 3563 Augustino
1385 3494 1770 3567 adjungamus;
1793 3495 2001 3568 Quippe
2020 3496 2138 3553 luteo

536 3582 608 3636 ait
633 3580 838 3655 (Deira
868 3581 990 3649 Dei,
1019 3599 1135 3658 cap.
1170 3587 1237 3640 15
1268 3586 1286 3656 )
1325 3602 1338 3639 :
1382 3604 1401 3637 ι
1436 3586 1626 3642 Omnia
1664 3588 1857 3658 quibus
1897 3597 2132 3656 constat,

533 3690 760 3746 qumque
783 3685 1007 3747 generat
1036 3692 1101 3732 ex
1131 3692 1191 3734 se
1230 3678 1478 3746 Mundus,
1529 3680 1595 3735 ad
1641 3681 1927 3738 utilitatem
1968 3682 2137 3738 solius

534 3765 768 3822 hominis
796 3768 1197 3825 accommodata
1222 3778 1369 3826 sunt.
1387 3771 1558 3826 Homo
1572 3772 1737 3827 utitur
1757 3774 1878 3844 igne
1897 3774 1963 3827 ad
1979 3788 2133 3829 usum

533 3861 882 3917 calefaciendi
914 3905 929 3929 ,
959 3871 1016 3918 et
1044 3863 1263 3920 luminis
1316 3874 1371 3922 et
1417 3867 1819 3937 coquendorum
1866 3869 2132 3935 ciborum,

536 3952 774 4024 ferrique
803 3953 1126 4012 fabricandi.
1160 3958 1339 4014 Utitur
1379 3958 1615 4015 fontibus
1653 3960 1718 4015 ad
1750 3970 1955 4032 potum,
1985 3972 2040 4019 et
2067 3961 2133 4018 ad

533 4046 745 4104 lavacra
776 4066 791 4104 :
817 4048 1129 4107 fluminibus
1175 4052 1242 4107 ad
1289 4067 1450 4124 agros
1491 4054 1811 4123 irrigandos,
1838 4056 2131 4111 terminan-

533 4138 738 4212 dasque
760 4144 1029 4213 regiones.
1067 4142 1244 4201 Utitur
1273 4155 1414 4201 terra
1467 4146 1535 4200 ad
1579 4146 1978 4218 percipiendam
2020 4147 2133 4202 fru-

532 4242 657 4306 gum
689 4236 1023 4304 varietatem,
1048 4238 1278 4295 collibus
1301 4239 1367 4295 ad
1396 4240 1728 4297 conserenda
1758 4240 1955 4304 vineta,
1983 4257 2137 4297 mon-

536 4329 679 4385 tibus
703 4329 770 4385 ad
801 4345 955 4386 usum
995 4332 1250 4389 arborum
1306 4344 1467 4406 atque
1495 4334 1765 4406 lignorum
1789 4376 1802 4398 ,
1849 4328 2024 4406 planis
2065 4336 2133 4394 ad

533 4428 794 4491 segetem.
825 4422 1005 4479 Utitur
1033 4426 1169 4480 mari
1196 4442 1303 4481 non
1332 4426 1504 4481 solum
1553 4427 1619 4481 ad
1667 4429 2028 4495 commercia,
2080 4437 2131 4486 et

534 4517 717 4583 cupias
771 4531 834 4569 es
883 4517 1190 4589 longinquis
1245 4517 1554 4588 regionibus
1617 4518 1891 4589 ferendas,
1946 4537 2129 4577 verum

534 4606 698 4663 etiam
726 4606 794 4663 ad
819 4609 1117 4665 ubertatem
1158 4610 1337 4666 omnis
1381 4612 1595 4682 generis
1622 4614 1867 4682 piscium.
1899 4614 2051 4683 Quod
2086 4616 2130 4671 sl

2238 3369 2344 3428 Sed
2378 3381 2597 3437 praesul
2626 3373 2763 3428 hanc
2788 3374 2982 3445 ipsatu,
3020 3374 3429 3451 qualiscumque
3456 3393 3520 3433 ea
3547 3379 3655 3447 sit,
3688 3396 3845 3451 argu-

2240 3467 2622 3522 mentationem
2653 3468 2717 3522 iis
2742 3468 2877 3539 ipsis
2905 3484 3206 3539 proponere
3238 3471 3437 3538 verbis,
3470 3474 3666 3544 quibus
3696 3484 3846 3531 vetc-

2238 3574 2326 3614 res
2349 3575 2701 3631 proposuere.
2730 3560 2964 3616 Lucretii
2994 3577 3125 3618 sane
3154 3564 3432 3619 notissima
3459 3579 3585 3621 sunt
3608 3566 3699 3622 illa
3720 3584 3837 3624 car-

2239 3653 2380 3707 mina
2410 3653 2526 3727 (lib.
2562 3670 2611 3715 ν.
2644 3653 2751 3709 225
2774 3663 2821 3709 et
2866 3654 3051 3727 seqq.).
3077 3657 3273 3727 quibus
3292 3672 3454 3730 quam
3482 3675 3623 3718 sava
3649 3663 3838 3720 adver-

2238 3760 2331 3802 sus
2365 3747 2637 3803 hominem
2666 3755 2859 3803 natura
2885 3746 3068 3816 fuerit,
3096 3748 3258 3807 docet
3288 3768 3304 3809 ι

2332 3883 2456 3945 Tum
2483 3896 2628 3949 porro
2654 3898 2795 3948 puer.
2821 3892 2877 3935 ut
2898 3886 3042 3936 saevis
3066 3886 3314 3998 proiectus
3338 3888 3401 3938 ab
3425 3889 3571 3940 undis

2332 3945 2526 3998 Navita.
2556 3948 2714 3998 nudus
2738 3948 2873 3998 humi
2897 3948 3046 3998 iacet.
3091 3950 3248 3998 nfans.
3276 3950 3475 3998 indigus
3497 3966 3571 3998 om

2331 3945 2526 4014 litavita,
2556 3945 2714 4014 nudus
2738 3948 2873 4014 humi
2892 3948 3046 4014 jacet,
3068 3945 3248 4012 infans,
3276 3950 3475 4014 indigus
3497 3955 3625 4002 omni

2334 4009 2479 4079 Enati
2508 4005 2617 4069 (alii
2641 4010 2793 4079 vitai)
2821 4005 3159 4079 aui_tlio,'cum
3182 4005 3462 4079 primuui'iu
3487 4014 3683 4077 luminis
3697 4030 3836 4079 sum

2333 4071 2543 4140 ﬁixibus
2568 4071 2955 4140 rx_alvo'matris
2978 4071 3146 4125 natura
3174 4071 3411 4140 profudit;

2334 4091 2543 4122 l‘lelltIS
2568 4091 2627 4124 PX
2654 4091 2763 4122 ιιινο
2786 4091 2955 4124 matrts
2978 4091 3146 4125 natura
3192 4091 3411 4140 ιιόιιιαιις

2331 4135 2613 4209 Yagilttqtte
2640 4137 2796 4209 locum
2815 4136 3011 4209 lugubri
3034 4091 3266 4209 compget.
3293 4148 3557 4209 tit-aequum
3577 4149 3673 4202 est,

2332 4197 2418 4261 Cui
2446 4205 2628 4259 tantum
2652 4199 2700 4251 in
2726 4200 2820 4251 vita
2855 4197 3011 4253 r'estet
3038 4197 3246 4255 tranisire
3271 4197 3528 4265 malorimt.

2310 4325 2362 4382 9.
2395 4324 2502 4381 Sed
2549 4334 2606 4381 et
2649 4323 2700 4381 id
2733 4326 2907 4395 ipsum
2959 4327 3230 4398 copiosius
3278 4327 3489 4383 Plinius
3543 4329 3658 4384 hate
3708 4330 3831 4385 scri-

2236 4419 2371 4475 bens
2414 4419 2542 4488 (lib.
2563 4435 2634 4474 vu
2655 4420 2706 4473 in
2736 4418 2985 4493 puniat.)
3020 4437 3034 4474 :
3074 4438 3093 4473 ι
3125 4420 3371 4477 Hominis
3415 4436 3582 4478 causa
3630 4421 3830 4479 videtur

2237 4526 2428 4571 cuncta
2459 4515 2559 4570 alia
2589 4516 2843 4587 genuisse
2864 4524 3077 4581 natura,
3103 4532 3317 4585 magna,
3345 4525 3398 4571 et
3421 4532 3570 4573 saeva
3593 4516 3829 4574 mercede

2237 4616 2427 4663 contra
2455 4615 2598 4663 tanta
2631 4623 2727 4663 sua
2767 4622 2988 4664 munera
3017 4626 3030 4661 :
3065 4618 3121 4663 ut
3147 4626 3252 4664 non
3282 4610 3353 4665 sit
3379 4610 3515 4665 satis
3539 4612 3826 4679 aestimare,

534 4699 623 4756 his
638 4703 922 4757 elementis
946 4701 1134 4767 utitur.
1156 4704 1351 4776 quibus
1375 4711 1462 4760 est
1488 4705 1784 4775 proximus,
1810 4719 2016 4764 nonest
2037 4708 2139 4763 duo’
2163 4695 2215 4757 D
2240 4717 2435 4774 parens
2483 4701 2677 4757 melior
2726 4700 2968 4767 homini,
3012 4717 3078 4757 an
3131 4701 3337 4758 tristior
3377 4718 3611 4761 noverca
3660 4704 3828 4760 fuerit.

534 4795 706 4860 bium,
730 4799 860 4867 quin
903 4805 959 4853 et
992 4798 1173 4866 rmlo;
1212 4800 1464 4871 quoniam
1506 4807 1561 4855 et
1591 4802 1896 4858 cmlesttum
1951 4817 2131 4858 rerum

533 4887 712 4946 cilicia
730 4890 796 4944 ad
828 4890 1154 4949 fertilitatem
1202 4903 1381 4962 terra),
1416 4907 1482 4950 ex
1523 4909 1627 4965 qua
1658 4895 1906 4962 vivimus,
1930 4904 2135 4970 tempe-

529 4992 647 5041 rata
687 4994 831 5042 sunt.
882 5005 904 5041 ι
2048 4974 2053 4979 ⁸

606 5079 847 5136 Subinde
874 5096 1005 5136 vero
1033 5091 1315 5154 postquam
1342 5082 1521 5139 varios
1547 5093 1657 5139 tum
1679 5083 2129 5153 celestittm,tum

534 5186 823 5229 aereorum
847 5184 1209 5231 meteororum
1265 5189 1395 5230 usus
1423 5177 1729 5243 descripsit,
1777 5178 1891 5233 haec
1912 5178 2125 5233 demum

534 5264 804 5334 subjicitzt
832 5265 969 5322 Num
991 5266 1154 5322 etiam
1177 5278 1445 5324 mutorum
1468 5285 1629 5324 causa
1656 5270 1798 5325 Deus
1827 5268 2131 5325 laboravit!

535 5356 790 5414 Minime:
819 5360 940 5429 quia
962 5371 1083 5415 sunt
1116 5360 1341 5416 rationis
1360 5361 1622 5430 expertia.
1653 5361 1759 5419 Sed
1783 5362 2132 5433 intelligimus

535 5461 589 5505 et
618 5449 731 5520 ipsa
757 5449 947 5506 eodem
992 5451 1154 5507 modo
1202 5452 1269 5508 ad
1315 5467 1468 5508 usum
1500 5451 1736 5508 hominis
1775 5468 1806 5508 a
1839 5455 1947 5509 Deo
1970 5453 2130 5520 facta,

538 5544 731 5615 partim
756 5544 822 5600 ad
848 5545 1018 5613 cibos,
1053 5547 1246 5616 partim
1269 5547 1335 5603 ad
1363 5547 1833 5619 vestitum,partim
1859 5547 1929 5619 ad
1955 5550 2135 5627 operis

539 5638 756 5703 auxilia,
791 5646 848 5692 ut
876 5638 1082 5694 clarum
1115 5638 1205 5707 sit,
1235 5640 1471 5696 divinam
1506 5640 1894 5711 providentiam
1951 5657 2131 5703 rerum

545 5739 602 5804 et
633 5730 914 5800 cupiarum
953 5730 1282 5797 abundantia
1332 5731 1612 5795 hominum
1665 5733 1828 5795 vitam
1871 5733 2136 5799 instruere

2239 4798 2380 4852 Ante
2432 4796 2610 4851 omnia
2660 4810 2824 4850 unum
2874 4795 3223 4850 animantium
3265 4806 3616 4862 cunctorum,
3667 4797 3830 4852 aliena

2238 4890 2432 4946 alienis
2455 4890 2593 4944 velat
2611 4890 2807 4959 Opibus
2831 4907 2845 4943 :
2877 4889 3089 4945 trieteris
3116 4890 3262 4945 varie
3290 4898 3600 4960 tegumenta
3634 4888 3827 4954 tribuit,

2237 4992 2436 5052 testas,
2472 4983 2737 5050 cortices,
2772 4984 2951 5048 coria,
2993 4984 3206 5054 spinas,
3238 4983 3431 5046 villas,
3460 4994 3640 5048 setas,
3674 4983 3832 5054 pilos,

2237 5080 2496 5151 plumam,
2528 5093 2756 5150 pennas,
2785 5093 3115 5148 squammas.
3137 5079 3359 5134 vellera.
3381 5078 3629 5135 Truncos
3653 5079 3833 5144 etiam,

2237 5171 2571 5242 arboresque
2600 5170 2803 5226 cortice
2833 5170 3105 5226 interdum
3133 5172 3350 5242 gemino
3378 5187 3406 5224 a
3449 5170 3760 5241 frigoribus.
3786 5178 3837 5225 et

2238 5265 2420 5320 calore
2467 5274 2637 5319 tutata
2667 5273 2767 5319 est.
2816 5263 3100 5319 Hominem
3153 5272 3358 5318 tantum
3403 5264 3640 5329 nudum,
3687 5274 3744 5320 et
3786 5267 3837 5319 in

2240 5358 2436 5424 humo,
2471 5356 2628 5412 natali
2663 5356 2751 5414 die
2778 5356 2962 5428 abjicit
2990 5356 3055 5412 ad
3085 5358 3291 5428 vagitus
3328 5360 3543 5425 statim,
3579 5366 3635 5412 et
3665 5357 3839 5427 plora-

2241 5463 2385 5517 tum;
2416 5453 2731 5523 nullumque
2756 5460 2838 5507 tot
2865 5452 3178 5508 animalium
3209 5451 3355 5506 aliud
3382 5451 3451 5507 ad
3479 5452 3752 5525 lacrymas
3786 5460 3840 5507 et

2241 5546 2338 5603 has
2360 5547 2603 5616 protinus
2622 5546 2743 5600 vine
2764 5546 3046 5616 principio.
3072 5547 3158 5609 At,
3190 5545 3428 5613 hercule,
3453 5546 3597 5603 risus
3628 5561 3833 5618 przecox

2241 5640 2322 5707 illi
2350 5656 2414 5696 ac
2450 5640 2802 5709 celerrimus,
2844 5647 2974 5707 ante
3011 5638 3481 5713 quadragesimum
3525 5638 3671 5696 diem
3711 5638 3834 5693 nulli

2243 5732 2420 5789 datur.
2455 5732 2540 5797 Ab
2571 5732 2673 5790 hoc
2699 5733 2836 5789 lucis
2860 5732 3189 5800 rudimento.
3220 5748 3339 5809 quae
3366 5747 3435 5789 ne
3460 5732 3605 5790 feras
3626 5731 3833 5807 quidem

633 5914 711 5988 (α)
735 5915 902 5975 Libro
947 5919 1012 5976 ds
1052 5918 1268 5983 diversis
1297 5920 1661 5996 questionibus
1688 5879 1945 5996 octoginta
1971 5922 2345 6000 tribus,qu:est.
2378 5936 2505 5982 xxx.
