4062 6332
200 356 305 414 8”9

927 351 996 409 tu
1034 349 1292 410 Iliun"
1329 351 1545 410 EPIST.
1587 351 1719 410 seu
1761 316 1984 411 metu“
2029 353 2481 413 DISSER'I‘A'I‘IO
2522 353 2754 414 unum.

3393 355 3500 413 870

198 477 342 534 inter
370 489 467 530 nos
492 473 700 547 genitas
724 472 928 530 tincnla
952 474 1245 544 excipiunt,
1276 482 1330 529 et
1357 473 1596 528 omnium
1622 487 1793 528 mem-
1825 476 1872 535 Α
1902 472 2327 543 magnitudinem
2356 473 2495 530 eruit
2539 472 2702 529 David
2747 472 2865 528 lucc
2907 470 3197 546 subjicicns
3226 489 3240 526 :
3278 470 3500 545 Magnus

196 572 419 628 brorum
452 584 653 635 nexus;
682 580 842 641 atque
885 568 1171 624 infeliciter
1208 578 1389 623 natum
1418 567 1591 638 jacet,
1621 567 1795 621 mani-

194 663 300 719 bus
353 662 684 733 pedibusque
703 659 970 718 desinctis
1006 659 1142 716 ﬂens
1166 659 1363 715 animal
1388 664 1603 715 caeteris
1628 659 1797 729 impe-

193 765 439 812 raturum
468 772 480 809 ;
513 762 567 809 et
595 769 624 808 a
656 754 937 824 suppliciis
961 754 1121 807 vitam
1153 755 1461 823 auspicatur
1485 767 1646 806 unam
1681 763 1797 806 tan-

193 861 308 906 tum
339 850 406 906 ob
444 850 655 920 culpam
678 892 691 911 ,
718 850 841 919 quia
871 857 1052 902 natum
1081 859 1182 903 ρει.
1227 847 1341 902 Ηε-ιι
1370 845 1693 902 dementiam
1726 844 1798 900 ab

191 942 263 1002 iis
290 943 458 1003 initiis
490 946 913 1000 existimantium
937 941 1004 998 ad
1051 942 1360 1012 Superbiam
1392 955 1451 998 se
1490 941 1735 1011 genitos!
1769 957 1787 992 ι

188 1040 332 1096 Tum
374 1039 477 1093 alia
503 1037 665 1092 multa
699 1037 1063 1111 prosequitur,
1092 1036 1286 1106 quibus
1315 1034 1531 1107 quidem
1567 1034 1791 1105 apertis-

187 1136 332 1191 sime
380 1132 640 1200 ostentlit,
675 1145 767 1188 aut
808 1132 1132 1187 deteriorem
1183 1131 1544 1186 animantibus
1587 1130 1795 1185 cunctis

186 1228 468 1284 hominem
501 1242 641 1295 esse,
676 1236 769 1281 aut
792 1236 941 1283 certe
968 1226 1035 1281 iis
1062 1225 1357 1297 a-qnalem,
1390 1224 1616 1294 ideoque
1644 1237 1791 1291 eum,

183 1323 348 1392 cujus
370 1337 528 1378 causa
554 1321 758 1392 reliqua
782 1334 889 1375 non
919 1321 1021 1375 sint
1056 1319 1291 1374 condita.

263 1420 350 1471 lli.
389 1414 458 1470 Et
496 1428 627 1470 sane
658 1413 891 1483 reliquas
921 1429 1008 1469 res
1038 1412 1240 1467 homini
1284 1410 1505 1467 minime
1533 1410 1797 1466 inservire

182 1518 237 1565 ct
266 1508 413 1564 idem
439 1507 665 1574 Plinius,
694 1516 747 1561 et
773 1505 1077 1578 pltilosOplti
1101 1505 1191 1561 alii
1221 1504 1397 1577 palam
1421 1504 1697 1561 evincunt.
1726 1502 1797 1562 Ut

183 1617 213 1656 a
244 1602 447 1668 stellis,
474 1601 754 1672 malisque,
782 1616 1079 1672 eorumque
1107 1600 1339 1655 motibus
1389 1614 1452 1655 ac
1480 1600 1798 1655 conversio-

185 1695 352 1751 nibus
405 1694 781 1760 exordiamur,
835 1693 953 1749 hzec
1002 1694 1070 1749 tle
1118 1694 1182 1749 iis
1230 1694 1539 1764 pronuntiat
1588 1693 1796 1749 Plinius

185 1790 309 1863 (lib.
356 1802 415 1856 tt,
443 1803 489 1843 e.
547 1783 628 1861 8)
658 1805 672 1843 :
726 1805 746 1841 t
784 1787 897 1842 Non
927 1797 1069 1842 tanta
1093 1786 1231 1843 celo
1254 1785 1487 1842 societas
1515 1786 1794 1843 uobiscum

1901 563 2154 621 Dominus
2175 577 2365 633 noster,
2394 577 2440 622 et
2466 584 2655 639 magna
2678 568 2838 623 virtus
2860 568 2969 638 ejus
2995 584 3008 621 :
3038 577 3085 621 ct
3104 567 3371 639 sapientia:
3389 570 3499 641 ejus

1898 676 2001 715 non
2028 669 2100 715 est
2130 676 2393 715 numerus.
2421 660 2559 727 Quin
2596 670 2649 717 et
2678 661 2821 716 Deus
2865 647 2979 730 ipse
3009 660 3162 717 hisce
3193 662 3368 717 verbis
3410 661 3502 718 Jo-

1897 753 2023 810 bnm
2055 755 2350 825 alloquitur
2381 754 2523 829 (Job.
2568 772 2681 827 cap.
2716 771 2939 823 xxxvtu,
2976 755 3042 812 18
3071 767 3118 810 (ι
3148 752 3238 839 l9)
3269 774 3281 812 :
3312 756 3500 826 Indicq

1896 848 2059 910 mihi,
2100 847 2147 902 si
2176 847 2311 902 nosti
2339 846 2510 901 omnia
2536 862 2554 901 .°
2586 847 2638 901 in
2664 864 2763 919 qua
2787 848 2868 902 ria
2896 849 2987 903 lux
3024 847 3214 905 habitet
3237 892 3249 911 .
3281 858 3329 905 rt
3358 860 3498 915 tene-

1896 942 2104 996 brarum
2129 941 2243 1012 quis
2274 941 2413 995 locus
2443 941 2627 995 sit.....
2662 959 2750 1011 per
2768 958 2920 1012 quam
2944 945 3077 997 viam
3100 944 3497 1015 spargiturlux,

1896 1032 2145 1090 dividitur
2171 1043 2325 1089 testas
2353 1049 2507 1104 super
2546 1044 2732 1089 terram
2774 1033 2843 1107 (υ.
2875 1034 2986 1109 24).
3023 1034 3293 1108 Numquid
3366 1038 3502 1092 noin

1896 1126 2127 1182 ordinem
2160 1127 2305 1192 cwli,
2334 1136 2384 1183 et
2406 1142 2564 1198 pones
2604 1128 2856 1182 rationem
2881 1130 2993 1193 eius
3021 1130 3072 1183 in
3099 1138 3234 1183 terra
3265 1130 3335 1205 (υ.
3369 1128 3500 1202 53)2

1972 1223 2058 1277 12.
2093 1222 2198 1279 Sed
2228 1221 2396 1278 caelos
2424 1206 2767 1287 omittamus,
2811 1232 2896 1286 et,
2940 1224 2985 1279 si
3015 1225 3126 1287 vis,
3174 1223 3239 1279 ad
3289 1239 3350 1279 ea
3383 1223 3498 1292 ipsa

1896 1314 2309 1380 descendamns,
2341 1326 2462 1386 qua:
2491 1315 2650 1369 obvia
2680 1314 2963 1380 habemus,
2994 1315 3300 1382 uostriSque
3329 1312 3498 1383 oculis

1897 1424 2044 1478 saepe
2087 1408 2350 1478 subjecta.
2396 1407 2475 1462 Au
2525 1407 2785 1461 animalia
2834 1407 3007 1463 nostri
3051 1423 3208 1462 causa
3256 1407 3498 1463 dicemus

1896 1501 2110 1556 comlita
2132 1541 2149 1567 ,
2180 1516 2301 1556 cum
2339 1514 2399 1556 ea
2446 1499 2603 1556 noxia
2639 1502 2957 1577 plerumque
3003 1500 3374 1570 experiamur,
3405 1510 3499 1555 aut

1897 1602 2049 1650 certe
2092 1593 2338 1650 inutilia?
2379 1593 2459 1649 Au
2494 1610 2599 1652 non
2631 1596 2821 1648 noxias
2852 1592 3160 1662 experimur
3201 1593 3361 1659 feras,
3390 1592 3499 1647 imo

1898 1687 2285 1744 minutissimas
2309 1701 2407 1761 eas
2448 1688 2782 1752 animantes,
2816 1700 2937 1756 qua!
2964 1686 3152 1740 :estivo
3199 1684 3497 1752 prmsertint

1900 1790 2145 1851 tempore
2178 1788 2361 1837 nostra
2391 1795 2617 1850 corpora
2651 1779 2922 1844 infestant,
2955 1794 3315 1849 magnamque
3344 1779 3500 1835 nobis

180 1893 305 1949 est,
337 1892 395 1937 ut
423 1888 608 1938 nostro
636 1882 744 1937 fato
784 1881 1027 1938 mortalis
1058 1881 1128 1938 sit
1177 1880 1267 1940 ille
1314 1897 1529 1953 quoque
1555 1882 1791 1938 siderum
1823 1870 1870 1932 Β
1900 1873 2203 1929 molestiam
2231 1873 2537 1929 facessunt?
2564 1872 2838 1928 Notissimi
2862 1879 2989 1929 sunt
3013 1870 3092 1927 illi
3119 1871 3351 1928 Lucretii
3378 1886 3473 1927 ver

180 1976 419 2045 fulgor.)
453 1976 726 2031 Eteodem
755 1976 862 2031 line
881 1974 1211 2049 Seneca(lib.
1238 1991 1274 2031 ll
1296 1974 1361 2030 de
1396 1973 1509 2042 Ira,
1553 1992 1599 2030 e.
1648 1975 1716 2029 2'!
1750 1970 1790 2045 ):

188 2070 370 2126 «Nihil
400 2070 615 2139 horum,
648 2086 768 2142 qure
800 2070 954 2124 nobis
977 2078 1193 2135 nocent,
1214 2076 1567 2140 prosuntque,
1598 2068 1663 2124 ad
1696 2085 1794 2123 nus

182 2165 412 2238 proprie
434 2162 685 2243 dirigitur
710 2181 723 2219 :
756 2179 860 2219 non
890 2164 1031 2219 enim
1064 2178 1162 2220 nos
1188 2179 1348 2220 causa
1379 2165 1578 2221 mundo
1608 2178 1795 2220 sumus

180 2256 441 2343 byetnem
494 2266 848 2337 aestatemque
909 2256 1197 2313 referendi.
1229 2258 1365 2313 Sttas
1393 2258 1495 2313 ista
1524 2257 1670 2329 leges
1700 2258 1797 2311 ba-

180 2352 357 2421 bent,
398 2352 592 2427 quibus
633 2351 813 2411 divina
848 2362 1191 2408 exercentur.
1236 2351 1405 2408 Nimis
1434 2365 1534 2407 nos
1560 2352 1792 2425 suSpici-

179 2462 335 2513 mus,
368 2445 411 2502 si
439 2446 584 2529 digni
627 2445 784 2511 nobis
811 2444 1073 2511 videmur,
1101 2454 1323 2518 propter
1341 2460 1477 2518 quos
1509 2454 1650 2501 tanta
1677 2459 1795 2500 ηιθ-

179 2548 438 2603 vestitur.
466 2558 485 2592 ι

254 2633 331 2689 Et
358 2630 599 2712 proiecto
642 2631 763 2705 quis
807 2630 911 2688 sibi
942 2633 1301 2711 persuadeat,
1334 2632 1596 2688 immensa
1628 2631 1797 2689 cmin-

180 2744 313 2788 rum
367 2740 529 2815 atque
556 2729 774 2787 a-tberis
798 2729 970 2805 spatia
1000 2729 1236 2784 hominis
1265 2743 1425 2783 causa
1470 2728 1634 2785 fuisse
1664 2745 1796 2784 con-

179 2826 341 2884 dita?
368 2842 491 2893 cum
524 2834 728 2880 tantum
757 2823 913 2889 absit,
944 2833 997 2880 ut
1026 2824 1091 2880 iis
1110 2834 1312 2891 utatur,
1347 2834 1400 2879 ut
1428 2838 1496 2880 ne
1521 2839 1581 2879 ea
1607 2833 1796 2880 noscat

159 2921 434 2995 quidem.
458 2919 589 2989 Quis
619 2918 795 2983 enim,
831 2928 885 2973 ut
911 2918 979 2973 de
1011 2933 1108 2973 usu
1138 2918 1316 2987 aliqua
1341 2916 1585 2973 dicamus
1605 2959 1620 2982 ,
1650 2919 1790 2995 quis,

182 3017 434 3090 inquam,
465 3016 630 3081 utitur
660 3011 858 3079 stellis,
888 3021 943 3067 et
972 3010 1253 3067 immensis
1280 3009 1366 3076 iis,
1394 3025 1513 3084 quas
1536 3010 1789 3077 diximus,

180 3109 315 3167 coeli
339 3108 565 3183 spatiis?
586 3105 679 3167 (lui
702 3105 921 3179 prodest
941 3104 1116 3163 Sirius
1137 3104 1322 3177 (lanis,
1344 3102 1556 3177 aliaque
1580 3103 1794 3161 sidera?

180 3202 220 3259 ii
251 3213 411 3259 certe
437 3203 591 3275 longe
620 3200 813 3257 melius
837 3199 1085 3255 videntur
1104 3212 1315 3269 sapere,
1342 3199 1432 3269 qui
1455 3197 1618 3259 alium
1642 3212 1795 3277 pror-

180 3311 279 3354 sus
307 3296 357 3350 in
384 3265 567 3363 fineni,
591 3309 750 3366 quem
775 3309 873 3349 nos
896 3294 1143 3367 ignorare
1167 3291 1436 3347 fatendum
1460 3304 1561 3353 est,
1586 3272 1791 3349 eaesse
1818 3265 1863 3328 C

178 3396 367 3445 creata
396 3396 652 3453 censent,
681 3402 840 3465 quam
881 3383 1114 3447 hominis
1154 3398 1335 3438 causa.
1366 3382 1549 3452 Quid?
1575 3384 1718 3456 quod
1756 3383 1792 3438 ii

180 3480 414 3540 minime
454 3495 637 3536 errare
677 3478 948 3545 videntur,
982 3478 1073 3549 qui
1118 3476 1372 3533 caelestes
1400 3475 1559 3532 orbes
1600 3476 1794 3531 incolis

180 3587 394 3630 \‘30003
418 3587 541 3628 8858
570 3589 678 3628 non
704 3579 893 3643 putant
920 3588 933 3625 Ζ
965 3578 1021 3625 (Et
1047 3572 1235 3624 ilOl‘lllll
1263 3585 1423 3625 causa
1452 3577 1791 3633 asseverant,

187 3665 416 3726 eosdem
459 3666 620 3722 orbes
659 3681 779 3721 esse
809 3675 1041 3723 creatos.
1076 3666 1155 3719 An
1184 3663 1300 3718 hmc
1328 3663 1540 3729 irrides,
1572 3673 1624 3718 et
1655 3661 1797 3718 Fou-

183 3760 413 3817 tenellio
457 3774 551 3830 per
596 3762 779 3837 jocum
830 3758 946 3813 haec
994 3755 1318 3828 proponenti
1356 3755 1584 3811 tribuis?
1614 3754 1793 3828 Lege,

183 3856 440 3922 obsecro,
475 3869 592 3924 qnze
622 3852 723 3915 hoc
745 3852 811 3909 de
836 3860 1157 3923 argumento
1186 3865 1291 3905 non
1334 3866 1429 3922 per
1449 3852 1631 3921 jocum
1656 3893 1670 3918 ,
1699 3850 1795 3907 sed

184 3947 337 4004 serio
398 3945 616 4002 disserit
662 3946 871 4001 clariss.
924 3944 1187 4012 Dcrltam,
1235 3953 1287 3998 et
1332 3944 1506 4014 palam
1558 3944 1791 4011 videbis,

185 4042 351 4099 valde
388 4039 724 4113 probabilem
768 4055 954 4095 eorum
998 4052 1119 4095 esse
1165 4040 1521 4105 sententiam,
1559 4037 1649 4109 qui
1681 4035 1797 4094 hare

189 4136 413 4192 tradunt
439 4134 542 4209 (α).

263 4228 357 4283 ll.
400 4229 481 4282 An
511 4240 661 4293 vero,
686 4238 744 4281 ut
768 4224 837 4281 de
862 4231 1182 4296 argumento
1203 4221 1395 4290 altero,
1427 4220 1661 4281 deducto
1686 4221 1794 4277 sci-

189 4322 323 4379 licet
350 4335 415 4375 ex
453 4331 640 4375 nostra
665 4318 901 4386 inscitia,
934 4318 1094 4373 etiam
1126 4315 1299 4372 dicam
1323 4357 1337 4382 ,
1367 4331 1458 4382 an,
1482 4315 1724 4385 inquam,
1751 4314 1797 4369 si

190 4414 370 4472 nostri
394 4427 557 4469 causa
582 4423 765 4469 essent
801 4410 1001 4469 conditi
1029 4408 1155 4467 coeli
1179 4452 1193 4476 ,
1225 4410 1583 4481 cmlestesque
1611 4407 1797 4481 orbes,

190 4517 343 4564 tanta
367 4521 552 4562 eorum
570 4505 870 4576 ignorantia
892 4519 989 4559 nos
1009 4504 1257 4558 laborare
1279 4501 1611 4573 permisisset
1636 4501 1795 4567 Deus,

192 4612 252 4656 ut
285 4599 453 4672 (quod
478 4600 589 4669 jam
620 4596 890 4669 diximus)
920 4611 987 4653 ne
1014 4611 1203 4653 eorum
1230 4594 1445 4667 quidem
1474 4605 1566 4650 aut
1593 4595 1799 4665 magni-

192 4691 474 4756 tudinem,
516 4701 606 4747 aut
632 4691 940 4747 distantiam
965 4731 981 4757 ,
1012 4698 1104 4745 aut
1132 4703 1415 4747 numerum
1447 4703 1607 4745 nosse
1627 4690 1802 4760 possi-

192 4785 352 4842 mus?
387 4784 619 4840 Numera
648 4785 819 4851 stella,
848 4786 893 4839 si
925 4794 1094 4855 potes,
1123 4784 1265 4841 dixit
1292 4784 1424 4839 olim
1459 4784 1599 4840 Deus
1629 4783 1802 4840 Abra-

193 4879 418 4935 hamum
444 4876 726 4950 alloquens
753 4875 907 4953 (Gen.
941 4892 1034 4944 xv,
1064 4874 1143 4949 5),
1173 4877 1339 4932 veluti
1369 4892 1507 4944 rem,
1535 4893 1654 4948 qua:
1683 4877 1797 4933 fieri

193 4987 305 5030 non
339 4979 524 5042 posset
550 4972 794 5033 omnino,
825 4969 903 5026 illi
936 4983 1261 5041 proponens.
1290 4968 1372 5026 Ad
1404 4968 1541 5035 huc,
1573 4970 1676 5025 sibi
1710 4984 1791 5026 re-

192 5074 469 5122 servatum
503 5078 724 5135 prorsus
752 5072 1025 5121 astrorum
1056 5078 1244 5125 usum.
1280 5064 1667 5135 notitiamque,
1715 5071 1800 5117 at-

191 5176 303 5232 que
330 5160 468 5215 adeo
494 5174 777 5215 notuerum
808 5159 1009 5230 ipsum,
1040 5157 1182 5211 haud
1207 5156 1442 5213 obscure
1469 5157 1573 5213 Job
1612 5166 1668 5213 et
1693 5158 1800 5212 Da-

192 5255 287 5312 vid
333 5254 609 5322 indicant,
641 5271 765 5310 cum
813 5256 930 5310 lucc
967 5253 1036 5309 de
1076 5252 1191 5309 Deo
1224 5253 1378 5307 aiunt
1414 5251 1558 5325 (Job.
1587 5267 1660 5320 ιι,
1695 5249 1796 5322 9):

198 5350 305 5419 Qui
330 5350 457 5423 facit
483 5350 777 5416 Arcturum,
806 5357 856 5404 et
884 5347 1102 5414 Oriona,
1131 5357 1178 5401 et
1206 5344 1447 5418 Hyadas,
1477 5356 1526 5401 et
1553 5344 1799 5402 interiora

194 5445 381 5501 austri.
419 5442 521 5512 Qui
566 5442 690 5514 facit
740 5458 971 5515 magna,
1018 5450 1069 5496 et
1133 5438 1700 5511 incomprehensibilia,
1751 5448 1798 5495 et

192 5538 481 5605 mirabilia,
511 5553 730 5608 quorum
756 5553 861 5592 non
903 5544 978 5591 est
1004 5552 1267 5591 numerus.
1299 5535 1363 5591 Et
1393 5534 1566 5611 (Psal.
1601 5550 1760 5592 cum
1779 5576 1794 5600 ,

194 5634 230 5688 4
254 5641 306 5686 et
332 5629 388 5703 Β)
414 5649 428 5688 :
461 5631 564 5699 Qui
588 5640 822 5686 numerat
847 5628 1232 5685 multitudinem
1250 5630 1541 5700 stellarum,
1563 5641 1608 5686 et
1632 5632 1800 5687 muni-

195 5723 296 5799 bus
313 5726 387 5781 eis
412 5725 620 5781 nontina
644 5732 811 5793 uocat.
837 5726 1014 5798 Atque
1037 5739 1105 5803 ex
1126 5738 1189 5781 ea
1213 5739 1273 5782 re
1292 5723 1490 5791 divina:
1515 5726 1798 5799 sapientiae

1896 1981 1990 2023 sus
2015 1967 2132 2043 (lib.
2162 1983 2214 2032 ν,
2246 1982 2375 2022 vers.
2406 1963 2537 2037 219)
2567 1984 2601 2034 :,

1989 2099 2246 2169 [ueteres
2268 2100 2744 2169 genusbgrril‘erum
2763 2106 2934 2159 natura
2958 2100 3169 2169 ferarum

1989 2141 2012 2153 -
2035 2141 2170 2159 μην,
2188 2141 2246 2161 μ,
2268 2141 2428 2169 ,νων
2452 2141 2744 2163 ..υημηψμ
2764 2141 2934 2159 .,-......
2961 2141 3169 2161 .ν.,..,,..τ

1987 2162 2211 2233 [inmane
2231 2165 2406 2228 generi
2431 2165 2680 2233 infestum,
2702 2174 2954 2229 terraque,
2979 2141 3219 2233 mariqub,

1991 2228 2087 2279 Cur
2108 2228 2211 2288 alit,
2235 2235 2385 2293 atque
2408 2228 2595 2293 auget?

1896 2371 2057 2432 atque
2084 2360 2137 2421 in
2164 2360 2408 2416 eamdem
2435 2361 2758 2427 srnteptiam
2793 2359 2910 2423 haec
2937 2359 3076 2426 apud
3101 2359 3335 2414 Tullium
3367 2357 3497 2435 legi-

1895 2468 2017 2508 mus
2046 2453 2160 2529 (lib.
2189 2467 2241 2508 tv
2262 2452 2505 2507 Academ.
2529 2451 2734 2525 quiest.)
2764 2451 2932 2507 :tCur
2962 2452 3101 2507 Deus
3122 2452 3300 2508 omnia
3324 2451 3496 2513 nostri

1894 2561 2055 2603 causa
2074 2561 2192 2609 eum
2226 2544 2427 2601 faceret
2455 2546 2569 2623 (sic
2600 2546 2744 2600 enim
2774 2542 2995 2617 vultis),
3028 2553 3228 2599 tantam
3262 2545 3365 2600 vim
3397 2559 3495 2611 pa-

1895 2643 2089 2699 tricum
2112 2683 2127 2707 ,
2149 2639 2568 2717 viperarumque
2613 2638 2835 2705 fecerit?
2862 2640 2971 2699 Cur
2999 2638 3276 2695 mortifera
3318 2638 3502 2710 perni-

1897 2735 2041 2791 ciosa
2058 2745 2162 2789 tam
2180 2735 2366 2800 multa,
2384 2745 2523 2790 terra
2548 2732 2787 2811 marique
2806 2732 3157 2806 disperserit?
3190 2750 3211 2785 ι
3236 2729 3315 2789 Ad
3338 2744 3499 2807 quem

1896 2828 2056 2885 Tullii
2095 2829 2272 2884 locum
2314 2829 2586 2899 reslticere
2611 2828 2828 2884 videtur
2858 2828 3197 2895 Lactantius,
3230 2841 3351 2882 cum
3385 2823 3502 2881 haec

1896 2926 2079 2991 seribil
2114 2925 2206 2999 (in
2235 2925 2362 2979 libro
2391 2925 2455 2977 de
2494 2922 2586 2978 Ira
2613 2921 2741 2984 Dei,
2773 2939 2890 2994 cap.
2917 2923 2986 2980 15
3012 2920 3030 2993 )
3064 2940 3076 2976 :
3115 2939 3134 2974 ι
3161 2920 3266 2977 Sed
3290 2920 3502 2987 Acade-

1896 3018 2020 3081 mici
2053 3026 2242 3075 contra
2284 3016 2495 3074 Stoicos
2524 3016 2854 3071 disserentes
2887 3015 3062 3070 solent
3092 3029 3366 3089 quaerere,
3400 3027 3503 3067 cur

1896 3114 1940 3170 si
1982 3112 2123 3168 Dens
2163 3111 2342 3166 omnia
2374 3109 2650 3165 hominum
2684 3123 2844 3166 causa
2874 3107 3097 3174 fecerit,
3129 3107 3290 3164 etiam
3335 3105 3499 3163 multa

1896 3209 2200 3279 contraria,
2248 3215 2299 3261 et
2333 3204 2546 3263 inimica
2577 3213 2629 3261 et
2682 3204 2930 3276 pestifera
2976 3202 3132 3258 nobis
3162 3199 3504 3271 reperiantur

1900 3310 2005 3357 tam
2036 3300 2089 3355 in
2120 3299 2285 3366 mari,
2317 3314 2476 3370 quam
2520 3299 2571 3355 in
2621 3306 2783 3363 terra.
2819 3295 2972 3365 Quod
3019 3294 3188 3352 Stoici
3220 3294 3501 3361 veritatem

1898 3409 2004 3449 non
2036 3394 2389 3467 respicientes
2415 3391 2749 3463 ineptissime
2795 3390 3127 3460 repulerunt.
3159 3389 3324 3445 Aiunt
3352 3389 3499 3445 enim

1898 3486 2067 3541 multa
2098 3500 2221 3542 esse
2251 3487 2301 3539 in
2329 3484 2671 3557 gignentibus
2694 3525 2709 3550 ,
2742 3496 2792 3538 et
2818 3484 2871 3539 in
2904 3497 3131 3539 numero
3154 3479 3466 3541 animalium
3486 3523 3502 3551 ,

1898 3596 2126 3653 quorum
2154 3578 2329 3635 adhuc
2360 3579 2522 3634 lateat
2552 3579 2779 3644 utilitas,
2812 3577 2907 3633 sed
2938 3592 3056 3632 eam
3083 3591 3337 3647 processu
3366 3586 3499 3631 ιριηα

1902 3675 2045 3748 poris
2069 3674 2316 3737 inveniri,
2340 3674 2477 3730 sicut
2503 3676 2612 3755 jam
2641 3672 2791 3747 plura
2823 3671 3098 3745 prioribus
3120 3670 3336 3735 stt-culis
3360 3669 3509 3733 inco-

1898 3772 2042 3845 gnita
2073 3768 2445 3831 neces~itas.et
2473 3783 2601 3821 usus
2628 3766 2947 3825 invenerit.)

1974 3864 2062 3925 15.
2098 3860 2480 3917 Vehementius
2537 3861 2649 3915 lucc
2704 3875 2869 3929 porro
2931 3867 3082 3930 urget
3130 3855 3507 3913 'l‘beodoretus

1898 3954 2123 4029 (Quam.
2143 3970 2214 4011 xx
2237 3954 2289 4008 in
2309 3950 2565 4025 Genesim)
2585 3953 2859 4029 explicans
2880 3951 2968 4006 illa
2990 3951 3280 4023 Scriptura:
3301 3949 3465 4015 verba
3492 3967 3504 4004 :

1902 4046 1971 4102 Et
1998 4049 2285 4102 dominetur
2318 4044 2541 4125 piscibus
2571 4046 2750 4111 maris,
2779 4053 2825 4098 et
2854 4041 3146 4098 volatilibus
3170 4042 3281 4097 caeli
3298 4082 3313 4107 ,
3342 4050 3393 4099 et
3413 4045 3507 4113 jn-

1900 4143 2107 4211 ntentis,
2135 4150 2283 4205 atque
2308 4141 2559 4195 universa!
2588 4150 2768 4205 terrm,
2798 4148 2842 4192 et
2872 4136 3110 4192 omnibus
3130 4135 3400 4202 reptilibus
3428 4152 3507 4191 re-

1898 4238 2137 4314 pentibus
2162 4252 2317 4311 super
2341 4246 2546 4290 terram.
2564 4251 2584 4287 ι
2601 4232 3148 4289 Animadvertendum
3176 4241 3260 4289 est
3287 4230 3508 4304 (inquit)

1900 4328 2045 4402 quod
2074 4327 2291 4384 silentio
2333 4327 2752 4407 pratertttissuttt
2798 4336 2915 4395 est,
2964 4342 3068 4381 non
3111 4325 3361 4395 universa
3393 4326 3512 4393 ani-

1903 4427 2063 4483 malia
2095 4434 2315 4507 propter
2341 4424 2615 4480 hominem
2641 4434 2821 4481 creata
2857 4439 3008 4491 esse,
3040 4423 3134 4478 sed
3165 4438 3227 4479 ea
3253 4423 3470 4479 demum
3492 4465 3507 4491 ,

1902 4519 2100 4592 quibus
2134 4517 2404 4579 dominari
2430 4518 2649 4585 dicitur,
2683 4533 2878 4587 nempe
2908 4512 3085 4585 pisces
3120 4516 3317 4587 maris,
3350 4514 3511 4571 volu-

1904 4629 2025 4669 cres
2045 4612 2201 4682 ρωιὶ,
2230 4622 2283 4667 et
2310 4626 2503 4682 pecora
2531 4621 2723 4683 terrae,
2764 4608 2996 4666 fortasse
3026 4607 3186 4664 etiam
3217 4619 3272 4663 et
3301 4607 3511 4681 rcptilia

1907 4716 2088 4775 terrae,
2113 4716 2333 4785 propter
2361 4704 2725 4763 necessarium
2748 4721 2902 4759 usum
2929 4702 3370 4777 pharmacorutn,
3391 4716 3513 4771 qua

1905 4816 1970 4858 es
2011 4801 2076 4856 iis
2122 4801 2530 4865 coniiciuntur;
2579 4813 2689 4856 non
2741 4808 2917 4861 tamen
2970 4805 3190 4869 proliter
3238 4796 3511 4861 hominem

1903 4904 2025 4951 cete
2053 4896 2144 4952 illa
2184 4893 2442 4971 grandia,
2489 4901 2545 4949 et
2574 4895 2701 4959 fet-ae
2732 4902 3017 4957 terrestres
3050 4914 3062 4949 :
3105 4891 3343 4963 alioquin
3390 4907 3512 4948 cum

1904 4989 2027 5045 data
2067 4997 2150 5044 est
2179 4987 2380 5043 homini
2408 4985 2524 5049 hzl'c
2553 4994 2813 5057 potestas,
2838 5000 3022 5041 earum
3049 4999 3264 5058 quoque
3293 4983 3510 5038 [tostrina

1902 5081 2084 5141 addita
2135 5080 2382 5149 fuissent,
2416 5079 2576 5150 Atqui
2626 5092 2731 5135 non
2781 5077 3084 5152 reperimus
3130 5079 3182 5133 in
3231 5076 3510 5159 Scriptura

1904 5174 2238 5240 serpentium
2268 5186 2439 5245 genus
2467 5172 2609 5229 inter
2636 5170 2846 5245 rcptilia
2869 5171 3220 5237 collocatum,
3247 5166 3341 5224 sed
3373 5170 3513 5225 inter

1903 5266 2068 5324 feras.
2100 5267 2336 5338 Serpens
2362 5266 2506 5322 enim
2528 5307 2545 5337 ,
2583 5266 2788 5335 inquit,
2821 5271 2938 5318 erat
2966 5262 3349 5318 callidissimus
3389 5275 3505 5317 etn-

1905 5360 2052 5415 nium
2095 5358 2413 5417 bestiarum.
2450 5356 2519 5415 Et
2565 5359 2618 5412 in
2667 5355 2802 5413 actis
2844 5354 3257 5431 Apostolorum,
3302 5362 3509 5421 etc....,

1905 5452 2023 5509 Non
2053 5453 2361 5509 dominatur
2390 5451 2553 5525 igitur
2579 5451 2742 5508 homo
2770 5462 2888 5505 cete
2917 5449 3024 5505 illis
3049 5448 3377 5523 grandibus,
3411 5464 3509 5503 ne-

1905 5563 2011 5629 que
2041 5546 2261 5627 bestiis,
2288 5562 2408 5617 utne
2436 5547 2664 5611 fortasse
2688 5544 2754 5597 ab
2778 5541 2929 5607 initio
2953 5558 3059 5601 non
3093 5548 3311 5614 prepter
3333 5541 3507 5612 ipsum

1904 5650 2083 5701 creata
2116 5650 2260 5697 sunt.
2296 5641 2360 5699 lit
2385 5639 2564 5697 simile
2589 5636 2864 5711 quidpiam
2896 5637 3014 5703 bis,
3046 5653 3165 5719 qua-
3190 5636 3481 5693 describuu

1907 5742 1995 5791 tur
2020 5734 2105 5791 hic
2124 5775 2140 5801 ,
2169 5732 2271 5807 sub
2300 5731 2537 5815 ltpminis
2561 5744 2684 5813 esse
2709 5729 2973 5817 dominio,
3015 5728 3066 5813 in
3094 5737 3285 5817 octavo
3312 5728 3511 5813 dicitur

279 5916 353 5995 (α)
390 5917 652 5995 Theolog.
701 5920 1014 5994 Astronom.
1067 5919 1304 6000 praefat,
1353 5934 1473 6010 pag.
1516 5918 1590 5978 26
1625 5926 1683 5991 et
1723 5915 2070 5995 medidonis
2093 5916 2309 6001 italicae.
