4066 6424
530 309 632 370 831

1256 312 1324 372 IN
1363 311 1620 372 HILARII
1661 312 1877 371 EPIST.
1920 312 2048 370 SEU
2090 310 2309 370 LIBRI"
2359 311 2810 371 DISSERTATIO
2847 311 3078 370 PRIMA.

3722 312 3849 370 832

528 432 740 507 psalmo
772 451 784 488 ε
819 431 1006 489 Omnia
1035 432 1295 508 subjecisti
1338 434 1429 490 sub
1470 431 1681 505 pedibus
1723 437 1835 506 ejus
1856 475 1871 499 ,
1921 442 2126 486 etc.....
2160 434 2211 491 Α
2234 431 2566 499 argumentis
2591 432 2914 495 declaratur,
2940 432 3030 486 lilii
3053 445 3181 502 erga
3205 439 3456 502 parentes
3479 430 3617 503 grati
3641 434 3851 494 animi.

529 527 660 584 Nam
693 537 746 584 et
778 528 864 584 hic
891 540 1031 594 cete,
1064 537 1120 584 ct
1146 529 1275 584 ferae
1307 526 1688 598 prieteruiissaa
1715 534 1894 581 sunt.»
1927 525 2133 592 Quibus

528 622 742 695 positis.
775 624 971 678 mirum
1000 639 1104 677 non
1129 631 1234 685 est,
1264 620 1309 675 si
1331 621 1396 675 ad
1424 621 1755 688 serpentium
1785 634 1848 674 ac
1900 619 2132 674 ferarum

527 727 805 784 aspectum
839 713 1210 776 formidemns,
1244 713 1530 784 fugamque
1558 713 1856 782 cupiamus.
1889 709 2136 766 Ostendit

529 807 581 864 id
609 807 839 867 scilicet.
877 807 1171 877 prmvalere
1203 808 1322 862 illas
1350 806 1527 868 nobis.
1556 821 1663 860 non
1697 804 1803 860 illis
1831 819 1949 860 nos.

605 898 693 956 M.
725 900 829 957 Sed
859 916 1032 969 neque
1071 910 1445 971 argumentum
1481 899 1584 953 hoc
1621 896 1977 952 dissimulavit
2005 897 2136 952 Ber-

531 987 770 1062 nardus,
813 999 1012 1069 quippe
1057 998 1172 1053 lucc
1216 998 1438 1052 tradidit
1487 997 1699 1070 (Serm.
1750 1015 1767 1053 ι
1803 997 1864 1050 de
1891 995 2133 1060 diuersis,

531 1109 670 1146 num.
707 1091 764 1163 6)
791 1109 804 1146 :
843 1110 861 1143 ι
883 1089 990 1148 Sed
1018 1091 1194 1145 adhuc
1219 1091 1410 1158 multa,
1431 1089 1900 1163 inquies.gravitcr
1930 1089 2138 1160 inquie-

535 1194 680 1250 tant,
714 1185 880 1239 multa
926 1183 1229 1240 evidentius
1260 1186 1618 1239 adversantur
1650 1202 1662 1236 :
1697 1194 1750 1237 et
1781 1184 1967 1244 miror,
2001 1199 2133 1252 quo-

534 1278 695 1333 modo
726 1279 903 1333 omnia
933 1278 1056 1332 data
1103 1293 1394 1340 memores,
1426 1278 1621 1347 quibus
1648 1277 1762 1333 fere
1791 1279 1931 1333 nulla
1971 1280 2140 1333 famu—

533 1371 717 1427 lantur
747 1371 812 1427 ad
844 1381 1046 1426 votum.
1081 1371 1302 1428 Servire
1333 1372 1490 1426 nobis
1516 1371 1766 1427 videntur
1803 1373 1975 1443 aliqua
1997 1417 2012 1441 ,
2043 1372 2138 1427 sed

535 1479 658 1520 cum
694 1465 882 1520 labore
925 1475 1142 1531 nostro;
1177 1481 1274 1518 nec
1325 1465 1426 1518 nisi
1471 1465 1620 1535 prius
1660 1465 2010 1520 servieriinus
2039 1465 2138 1520 eis.

535 1558 786 1636 Jumenta
818 1559 931 1629 ipsa
954 1599 970 1623 ,
1012 1559 1112 1612 nisi
1151 1556 1350 1612 fuerint
1379 1573 1407 1612 a
1449 1557 1602 1613 nobis
1631 1556 1828 1612 nutrita
1848 1597 1865 1623 ,
1896 1557 1998 1612 nisi
2042 1558 2139 1612 do--

539 1655 667 1712 mita
689 1697 705 1720 ,
737 1654 839 1710 nisi
872 1654 1076 1710 fuerint
1105 1655 1299 1725 pabulo
1337 1664 1638 1710 sustentata
1661 1696 1676 1721 ,
1730 1669 1836 1708 non
1863 1652 2138 1723 adjuvant.

537 1747 709 1804 Terra
739 1749 877 1818 ipsa,
909 1763 1029 1820 quae
1055 1748 1318 1803 debuerat
1344 1748 1502 1803 nobis
1529 1763 1653 1804 esse
1678 1747 2006 1818 germanior,
2037 1763 2142 1801 non

2235 526 2460 590 amoris,
2493 537 2654 595 atque
2676 526 2918 591 obsequii
2948 526 3174 586 vinculis
3199 524 3500 580 arctissime
3521 525 3858 580 devinciun-

2239 627 2344 672 tur.
2381 617 2457 672 Ex
2501 633 2606 687 qua
2632 633 2762 674 sane
2797 633 2875 684 re,
2911 618 3137 686 plurima
3161 660 3175 679 ,
3215 633 3388 686 eaque
3418 617 3856 689 prgrclacissima

2238 710 2474 766 humano
2499 715 2681 784 generi
2706 713 2989 768 commoda
3007 754 3022 779 ,
3068 723 3230 784 atque
3257 715 3612 768 emolumenta
3645 727 3862 782 prove-

2239 807 2414 861 niuut.
2439 807 2708 861 Cmterum
2737 807 2802 861 ad
2831 806 3156 875 abigendnm
3183 806 3372 877 frigus,
3396 817 3449 860 et
3476 806 3707 876 reliquas
3739 807 3860 862 huc

2233 899 2322 968 jus
2350 901 2566 970 generis
2596 901 2893 967 tthleliaS,
2924 916 3146 954 necesse
3173 916 3276 954 nou
3307 910 3391 955 est
3422 900 3688 954 hominem
3723 899 3864 972 pel-

2241 992 2380 1046 libus
2405 994 2658 1048 amicmm
2682 1037 2695 1056 ,
2727 1002 2818 1047 aut
2850 993 3027 1063 pluma
3063 1001 3364 1064 protectum
3394 997 3570 1048 enasci
3600 993 3864 1063 (quibus

2239 1100 2370 1140 sane
2417 1102 2479 1141 ea
2527 1088 2972 1156 pr:estantissima
3017 1087 3225 1153 Species
3270 1086 3681 1151 deformaretur,
3733 1099 3865 1155 qua

2239 1190 2487 1235 ornatum
2516 1182 2786 1235 hominem
2811 1196 2935 1236 esse
2961 1181 3128 1235 voluit
3148 1195 3433 1248 supremus
3455 1179 3688 1248 artifex).
3710 1193 3864 1233 eum

2242 1275 2392 1328 illum
2423 1276 2719 1341 intellectu,
2749 1290 2810 1328 ac
2833 1275 3042 1328 ratione
3067 1273 3342 1334 ditaverit,
3373 1273 3563 1340 quibus
3591 1269 3868 1342 profecto

2243 1367 2578 1424 incommoda
2611 1371 2817 1439 qumvis
2840 1384 3028 1423 arcere
3056 1368 3216 1423 facile
3239 1377 3437 1437 potest,
3461 1367 3668 1433 sibique
3692 1383 3870 1420 com-

2243 1461 2400 1516 tuoda
2434 1462 2662 1530 plurima
2690 1476 3026 1531 comparare.
3081 1479 3098 1512 ι
3137 1459 3331 1514 Pulere
3377 1458 3684 1513 Lactantius
3742 1459 3871 1530 (de

2246 1553 2461 1624 Opi/ia,
2491 1571 2608 1622 cap.
2645 1551 2700 1624 τ)
2734 1571 2746 1606 :
2785 1553 2918 1609 (Ubi
2947 1563 3124 1608 autem
3153 1552 3373 1616 ratio,et
3394 1567 3581 1605 manus
3604 1561 3710 1614 est,
3739 1559 3870 1604 tam

2246 1661 2350 1701 non
2380 1657 2458 1701 est
2495 1646 2544 1700 id
2577 1647 2964 1713 necessarium,
2993 1661 3151 1716 quam
3178 1645 3551 1699 indumentum
3581 1645 3869 1713 pilorum;

2245 1739 2382 1796 adeo
2421 1739 2474 1794 in
2508 1755 2610 1794 suo
2647 1755 2863 1812 quoque
2891 1754 3090 1810 genere
3117 1737 3396 1808 aptissime
3424 1746 3766 1806 congruunt,
3806 1742 3877 1788 ut

539 1841 657 1897 sine
706 1841 904 1898 sudore
935 1842 1113 1897 vultus
1162 1843 1331 1897 nostri
1385 1857 1576 1912 panem
1627 1842 1783 1897 nobis
1829 1841 2099 1896 ministrat
2127 1859 2140 1895 :
2175 1824 2222 1884 Β
2251 1847 2424 1902 neque
2457 1832 2600 1886 nudo
2623 1830 2993 1902 quadrupede,
3023 1845 3196 1900 neque
3219 1830 3437 1884 homine
3470 1837 3606 1884 lecto
3631 1827 3875 1898 excogi-

542 1933 652 1989 imo
679 1943 734 1988 et
763 1951 884 1988 eum
915 1935 1244 1990 coluerimus
1273 1949 1417 1999 eam,
1447 1935 1652 2002 spinas,
1681 1945 1734 1988 et
1767 1933 1992 1989 tribulos
2018 1947 2144 2002 ger-

544 2027 714 2084 minat
741 2027 917 2083 nobis.
950 2027 1017 2084 Et
1043 2039 1238 2084 C:t.'lt‘l‘:l
1268 2029 1448 2086 omnia
1473 2027 1742 2095 denique,
1775 2028 1820 2082 si
1860 2027 2148 2098 diligenter

541 2121 972 2188 c0usideremus,
996 2122 1273 2177 servitium
1295 2138 1325 2176 a
1349 2121 1504 2176 nobis
1529 2123 1700 2193 magis
1720 2121 1965 2198 exigunt,
1985 2136 2145 2193 quam

543 2214 807 2271 exhibent
837 2215 994 2270 nobis
1023 2233 1036 2270 :
1065 2224 1123 2270 ut
1147 2231 1210 2270 ea
1241 2214 1458 2270 interim
1501 2216 1726 2282 sileam,
1757 2230 1878 2286 quae
1904 2227 2028 2270 sunt
2058 2230 2151 2286 pa-

542 2319 657 2364 rata
684 2325 901 2375 nocere,
937 2318 993 2364 ut
1015 2318 1100 2364 est
1129 2309 1266 2381 ignis
1287 2307 1353 2364 ad
1381 2309 1741 2375 exurendum,
1768 2323 1907 2378 aqua
1933 2307 1999 2362 ad
2024 2309 2151 2362 sub-

544 2402 920 2472 mergendum,
957 2402 1066 2459 fera
1093 2402 1159 2458 ad
1193 2403 1562 2460 lacerandum.
1596 2405 1660 2460 Et
1689 2403 1806 2459 lucc
1829 2403 2048 2475 quidem
2077 2406 2149 2459 ita

540 2511 602 2549 se
632 2494 848 2551 habent.
865 2514 885 2549 ι

620 2587 710 2642 15.
769 2586 878 2642 Sed
938 2587 1132 2642 minori
1185 2588 1412 2643 fortasse
1463 2603 1688 2644 numero
1737 2591 1895 2643 noxia
1947 2587 2148 2644 hovuini

545 2688 705 2743 sunt,
737 2695 897 2748 quam
942 2680 1054 2734 sint
1094 2679 1321 2734 inutilia.
1372 2679 1528 2748 Quod
1560 2679 2014 2735 emolumentum.
2050 2681 2150 2736 ob-

546 2788 725 2838 secro,
754 2772 859 2832 die.
890 2772 1114 2842 percipit
1143 2772 1305 2827 homo
1329 2774 1397 2826 ab
1429 2773 1713 2828 innumero
1739 2774 1993 2839 culicum,
2019 2774 2153 2830 alio-

545 2881 773 2931 ιιιιιιειιιθ
818 2866 1184 2922 exillimorum
1219 2867 1546 2923 insectorum
1596 2867 1868 2934 exercitu,
1909 2883 2018 2938 quo
2055 2883 2154 2924 nos

547 2960 786 3025 obsitos,
820 2962 1007 3016 ωειίνο
1041 2963 1339 3032 pra’scrtim
1375 2973 1643 3034 tempore.
1670 2962 1976 3017 cernimus?
2003 2961 2156 3016 Auti-

547 3070 650 3124 qua
674 3068 754 3108 est
779 3058 894 3111 hare
915 3055 1154 3127 quidem,
1181 3056 1275 3112 Sed
1305 3068 1481 3112 tamen
1509 3058 1745 3112 nondum
1765 3057 2026 3112 dissoluta
2053 3057 2155 3112 dit-

548 3147 791 3216 ﬁcultas,
824 3167 986 3220 quam
1029 3151 1290 3206 adversus
1335 3150 1548 3207 Stoicos
1595 3153 1926 3207 intorSernnt
1955 3150 2179 3215 vetusti,

2251 1928 2348 1982 tari
2379 1927 2667 1996 quidquam
2702 1927 2906 1996 turpius
2931 1934 3113 1996 posset
3147 1945 3166 1978 ι

2326 2023 2411 2077 18.
2457 2021 2641 2076 Fletus
2663 2063 2677 2086 ,
2707 2037 2735 2074 a
2782 2037 2890 2092 quo
2920 2021 3044 2075 vita:
3073 2018 3357 2075 exordium
3397 2032 3608 2072 sumere
3642 2014 3876 2070 videtur

2251 2114 2434 2176 homo.
2468 2113 2690 2180 inutilis,
2718 2121 2882 2184 atque
2905 2114 3042 2169 adeo
3068 2111 3230 2168 etiam
3264 2111 3407 2166 noxii
3431 2108 3674 2163 humoris
3699 2120 3876 2162 uatu-

2252 2206 2378 2261 ralis
2407 2208 2652 2278 quaedam
2683 2207 2960 2276 expressio
2989 2213 3104 2272 est,
3143 2218 3369 2272 qumque
3411 2201 3610 2256 nullum
3647 2201 3733 2254 vel
3791 2200 3873 2254 leo

2252 2301 2528 2356 vissimutu
2563 2300 2724 2356 habet
2752 2299 3181 2354 incommodum.
3210 2298 3279 2352 At
3300 2295 3386 2350 fac
3416 2293 3632 2348 habere.
3664 2291 3874 2347 Nonne

2253 2393 2382 2448 illud
2417 2394 2604 2448 inauris
2627 2435 2640 2458 ,
2676 2392 3010 2462 nutricisque
3053 2406 3180 2445 cura
3226 2385 3470 2442 tollitur?
3505 2383 3680 2452 Quid?
3711 2383 3874 2454 quod

2253 2487 2527 2543 hominem
2571 2488 2639 2541 ab
2679 2486 3035 2548 innocentiae,
3071 2485 3300 2554 ideoque
3328 2481 3599 2537 felicitatis
3629 2496 3876 2535 summa:

2252 2588 2397 2635 statu
2417 2623 2432 2646 ,
2462 2596 2524 2634 ac
2567 2579 2900 2633 sublimitate
2934 2577 3274 2648 prolapsum,
3306 2573 3597 2629 multorum
3635 2571 3872 2628 Patrum

2249 2673 2475 2744 judicio,
2511 2674 2668 2729 fletus
2701 2674 2787 2728 ille
2819 2671 3037 2736 indicat,
3075 2669 3301 2739 ideoque
3331 2668 3600 2723 hominem
3632 2676 3830 2720 manet
3853 2704 3873 2732 ,

2256 2775 2314 2821 ut
2343 2767 2452 2822 Deo
2474 2767 2540 2821 de
2570 2767 2914 2831 reparatione
2938 2771 3152 2832 recepta
3176 2761 3379 2832 gratias
3402 2770 3546 2829 agat,
3570 2768 3622 2813 et
3646 2757 3713 2812 ad
3734 2773 3877 2812 eum

2255 2875 2358 2930 per
2384 2874 2573 2930 preces
2613 2875 2773 2926 suas,
2808 2857 2989 2912 auxilii
3021 2856 3246 2926 Opisque
3275 2851 3630 2924 assequendae
3662 2865 3836 2906 causa
3856 2891 3876 2919 ,

2254 2953 2546 3021 confugiat.

2331 3046 2418 3100 l9.
2468 3043 2725 3108 Vincula,
2773 3058 2893 3114 qua:
2939 3046 3328 3096 commemorat
3369 3036 3611 3096 Plinius.
3655 3035 3878 3092 homini

2255 3155 2362 3195 non
2391 3137 2655 3202 officiunt,
2692 3136 2785 3193 sed
2815 3137 2960 3192 illum
2987 3135 3198 3206 juvant,
3234 3143 3307 3197 et,
3337 3141 3394 3187 ut
3417 3131 3487 3188 de
3515 3133 3871 3187 emolumen-

547 3242 880 3299 At'atlcmici.
922 3264 940 3297 ι
965 3246 1092 3313 Qua!
1120 3256 1262 3300 tanta
1293 3245 1522 3312 utilitas,
1546 3246 1856 3315 inquiehant
1889 3243 2150 3316 illi(Refe-

2259 3237 2324 3291 tis
2353 3234 2566 3291 caeteris
2609 3250 2674 3290 ex
2707 3248 2768 3287 ea
2814 3248 2872 3286 rc
2916 3230 3375 3302 provenientihns.
3399 3227 3621 3291 sileam,
3663 3241 3880 3296 corpus

546 3336 687 3389 rente
727 3334 994 3391 Lactantio
1018 3339 1071 3391 in
1103 3338 1191 3392 lib.
1225 3337 1288 3390 de
1310 3337 1400 3391 Ira
1435 3337 1563 3402 Dei,
1596 3354 1712 3407 cup.
1750 3337 1861 3410 15),
1891 3348 2066 3407 potest
2103 3338 2154 3392 in

553 3431 829 3498 muribus,
873 3431 925 3485 in
972 3432 1182 3492 b!attis.
1230 3432 1282 3485 iu
1326 3431 1672 3500 serpentibus
1707 3430 2038 3498 reperirii...
2074 3433 2154 3485 Au

551 3524 817 3579 medicina
867 3525 917 3578 iu
947 3523 1031 3578 bis
1059 3523 1236 3594 aliqua
1268 3525 1427 3591 latet,
1459 3540 1579 3595 qua:
1605 3530 1646 3579 si
1678 3535 1787 3592 est,
1822 3523 2157 3580 inveniretur

550 3616 877 3685 aliquando?
909 3635 928 3670 ι

626 3711 712 3766 16.
745 3711 853 3766 Sed
903 3711 1134 3778 bestias,
1183 3721 1237 3768 et
1282 3712 1588 3768 animantes
1626 3713 1895 3784 quaslibet
1938 3713 2156 3769 oini'ta-

553 3822 693 3861 mus.
723 3807 1007 3875 Quodnam
1055 3809 1481 3862 emolumentum
1525 3825 1590 3863 ex
1639 3807 1947 3880 praeruptis,
1998 3818 2157 3878 atque

552 3901 876 3967 inaccessis,
928 3901 1096 3971 iisque
1145 3901 1323 3955 saxeis
1367 3901 1640 3956 montibus
1687 3901 1850 3956 homo
1899 3900 2156 3972 percipit?

552 3993 832 4062 Quodnam
866 3995 934 4046 ab
962 3994 1142 4049 herbis
1162 4035 1176 4059 ,
1209 4010 1342 4063 quas
1374 4011 1472 4049 nec
1503 3998 1616 4064 ipse
1646 3995 1903 4058 comedit,
1935 4009 2034 4049 nec
2064 4011 2158 4048 co-

553 4086 776 4142 medunt
822 4087 1021 4157 pariter
1075 4087 1301 4142 bestiae?
1355 4087 1624 4144 Hactenus
1676 4088 1766 4159 qui
1817 4102 1974 4143 secus
2024 4102 2153 4143 sen-

554 4181 711 4236 tium.

627 4272 713 4326 17.
757 4271 998 4343 Magnam
1031 4289 1192 4342 porro
1224 4273 1454 4333 habent.
1489 4274 1680 4342 fateor,
1714 4275 1847 4337 hac,
1877 4284 1933 4330 et
1971 4275 2154 4330 aflinia

551 4365 661 4420 alia
703 4365 844 4433 apud
875 4365 1100 4422 Veteres
1139 4367 1624 4423 verisimilitudinis
1653 4369 1922 4439 speciem;
1959 4369 2155 4423 verita-

552 4469 661 4514 tem
705 4471 880 4515 lamen
913 4461 1131 4516 minimc
1163 4460 1379 4516 habent.
1427 4461 1480 4514 In
1530 4476 1596 4515 eo
1635 4461 1780 4530 quod
1814 4461 2044 4530 primum
2089 4477 2153 4516 ex

552 4555 828 4620 Lucretio,
859 4567 911 4610 et
941 4555 1112 4610 Plinio
1138 4555 1482 4624 desumptum
1507 4565 1591 4610 est
1613 4597 1626 4621 ,
1660 4555 1945 4610 levissima:
1975 4555 2157 4611 insunt

552 4650 717 4703 vires.
765 4653 839 4702 Ac
883 4653 1060 4702 statim
1103 4647 1397 4701 notandum
1426 4655 1542 4708 est.
1576 4662 1694 4702 eam
1735 4646 1906 4716 ipsam
1935 4689 1950 4712 ,
1993 4663 2153 4717 quam

553 4756 654 4797 nos
682 4741 992 4805 asserimus,
1030 4740 1342 4810 opinionem
1379 4739 1551 4794 Plinio
1579 4739 1680 4807 ipsi
1714 4739 1934 4794 minime
1964 4741 2152 4812 displi-

553 4839 751 4898 cuisse,
780 4832 906 4887 dmn
941 4833 1056 4890 lucc
1077 4833 1296 4902 scripsit
1320 4833 1405 4906 (in
1426 4834 1724 4904 prrrfatione
1755 4833 1845 4888 lib.
1875 4834 1971 4905 vn)
2001 4852 2014 4889 :
2057 4851 2075 4884 ι
2099 4833 2154 4888 Si

555 4927 770 4998 quidem
812 4943 931 4981 cum
981 4927 1160 4982 omnia
1203 4927 1428 4996 exsequi
1468 4927 1736 4982 humanus
1777 4934 2008 4997 nequeat
2041 4927 2159 4982 ani-

558 5041 708 5090 tuus,
739 5022 1059 5094 principium
1087 5022 1212 5092 jure
1253 5023 1516 5078 tribuetur
1545 5021 1784 5090 homini,
1817 5022 1970 5093 cujus
1995 5037 2154 5078 causa

559 5118 768 5172 videtur
793 5125 986 5171 cuncta
1015 5117 1117 5170 alia
1143 5115 1396 5186 genuisse
1428 5123 1616 5172 natura
1670 5114 1776 5172 Sed
1805 5126 1982 5172 tamen
2005 5117 2162 5188 quid-

557 5212 684 5283 quid
719 5211 806 5267 ille
835 5212 1084 5274 senserit,
1117 5211 1417 5265 indubitata
1447 5225 1532 5266 res
1553 5221 1655 5270 est.
1681 5211 1750 5265 ab
1775 5213 1862 5275 iis,
1891 5226 2011 5280 quae
2032 5211 2159 5265 sub-

553 5306 702 5375 jicit,
747 5314 801 5358 et
829 5314 984 5358 antea
1017 5303 1227 5369 objecta
1259 5314 1383 5358 sunt
1425 5302 1614 5376 (recole
1649 5321 1790 5356 unm.
1823 5303 1904 5371 9),
1936 5303 2160 5358 minime

560 5398 882 5454 sententiam
917 5407 1152 5452 nostram
1177 5396 1456 5451 infirmari.
1489 5395 1727 5456 Scilicet,
1758 5395 1860 5451 nisi
1885 5396 2157 5450 hominem

563 5502 751 5545 natura
783 5489 998 5546 fecisset
1025 5491 1309 5553 inermem,
1341 5489 1442 5543 nisi
1468 5503 1684 5558 quoque
1711 5489 1898 5542 aliena:
1928 5490 2047 5556 onis
2079 5490 2162 5543 iu-

560 5582 742 5654 digum
775 5581 1174 5648 constituisset;
1211 5583 1534 5652 paratiorem
1565 5572 1714 5635 illum
1746 5581 1962 5636 fecisset
1989 5582 2055 5634 ad
2085 5583 2161 5635 la-

560 5678 837 5744 ciendam,
868 5693 1027 5748 quam
1059 5679 1124 5734 ad
1155 5677 1520 5749 repellendam
1559 5675 1809 5746 injuriam
1839 5695 1852 5730 :
1886 5691 1985 5731 nec
2013 5692 2074 5732 ea
2107 5679 2158 5732 in

563 5772 847 5842 puerulum
864 5779 1140 5840 parentum
1168 5771 1403 5826 charitas
1428 5781 1796 5834 exerceretur;
1812 5785 1911 5839 qua
1943 5768 2158 5838 quidem

565 5863 694 5918 dum
735 5864 965 5919 eximius
1014 5873 1298 5934 parentum
1343 5880 1498 5920 amor
1524 5879 1651 5935 erga
1683 5864 1823 5920 filios
1861 5875 1968 5920 tam
1996 5867 2162 5923 certis

2258 3330 2402 3386 illius
2429 3330 2641 3384 firmant
2671 3326 3055 3395 roborantquc.
3086 3331 3140 3377 et
3168 3339 3326 3389 quam
3354 3321 3427 3373 illi
3461 3320 3597 3374 Dens
3627 3321 3884 3390 dignita-

2260 3435 2364 3480 tem
2396 3422 2618 3488 tribuit,
2658 3436 2780 3477 Clllll
2809 3436 2865 3474 os
2897 3417 3092 3474 homini
3122 3417 3339 3471 sublime
3367 3415 3535 3474 dedit.
3581 3414 3883 3484 rectumque

2259 3517 2424 3581 turri,
2459 3530 2508 3570 ut
2546 3515 2775 3570 retineat
2798 3529 2861 3568 ac
2888 3521 3068 3567 servet
3089 3553 3102 3576 ,
3136 3509 3376 3566 efficiunt
3403 3527 3416 3563 :
3449 3508 3645 3562 etenim
3675 3509 3719 3562 si
3743 3509 3879 3562 vin-

2257 3611 2396 3666 culis
2428 3610 2713 3680 fasciisque
2755 3611 2807 3662 in
2839 3605 3084 3677 pueritia:
3123 3602 3362 3659 exordiis
3407 3601 3622 3673 (quiluis
3655 3600 3878 3655 sciticet

2259 3715 2500 3760 ercetum
2522 3745 2535 3764 ,
2564 3701 2902 3772 rigidumque
2931 3699 3135 3770 puerile
3162 3699 3541 3767 corpusculum
3566 3695 3877 3767 detinetur)

2261 3796 2482 3850 tninime
2534 3794 2916 3859 ilcvinciretnr,
2981 3790 3210 3862 pedibus
3259 3790 3374 3860 ipse
3421 3804 3633 3859 quoque
3703 3790 3876 3843 homo

2259 3898 2518 3962 reptaret,
2552 3890 2732 3958 illique.
2760 3890 3088 3942 adimeretur
3116 3884 3313 3940 eximia
3342 3883 3432 3938 illa
3476 3881 3684 3938 Boctbii
3716 3898 3877 3938 com-

2260 3983 2531 4038 tnetulatio
2565 3982 2648 4051 (de
2679 3980 2888 4036 Consul.
2925 3997 2976 4043 γ,
3010 3980 3065 4043 5,
3099 3981 3157 4046 8)
3187 3997 3200 4034 :

2354 4121 2507 4170 Unica
2534 4135 2660 4181 gens
2682 4120 2930 4170 hominum
2952 4119 3084 4168 levat
3105 4118 3254 4169 altius
3270 4131 3526 4181 cacumen,

2356 4193 2511 4248 alique.
2539 4183 2662 4234 levis
2685 4198 2734 4234 rc
2745 4191 2823 4234 cto
2847 4192 2943 4234 stat
2965 4196 3192 4246 corpore,
3219 4183 3325 4244 des]
3344 4183 3530 4245 icitque

2353 4247 2553 4297 Terras.

2329 4375 2419 4430 20.
2457 4378 2521 4430 At
2562 4375 2628 4428 ad
2677 4373 2900 4428 alteram
2947 4372 3305 4440 ohjectionem
3349 4385 3449 4426 nos
3488 4381 3868 4426 convertamus

2261 4478 2476 4539 oportet
2512 4484 2566 4524 ιι.
2602 4469 2668 4523 lt)
2699 4468 3047 4537 propositam.
3085 4466 3236 4520 Dicat
3267 4479 3428 4536 porro
3467 4466 3695 4536 quisque
3723 4463 3863 4535 quod

2261 4561 2432 4617 libet;
2465 4576 2566 4632 ego
2597 4559 2812 4628 quidem
2848 4558 3089 4621 facilius,
3138 4566 3191 4613 et
3231 4557 3619 4627 obsequentius
3647 4555 3862 4611 credant

2262 4653 2578 4724 Scriptnrw,
2608 4653 2660 4706 in
2687 4667 2790 4719 qua
2824 4668 2922 4707 nos
2951 4652 3110 4708 docet
3140 4652 3306 4712 Dens.
3341 4666 3504 4718 rinam
3537 4649 3862 4714 hominibus,

2263 4749 2477 4802 tametsi
2526 4747 2774 4802 doctrina
2827 4745 3235 4816 priestanlibus,
3285 4744 3373 4814 qui
3422 4757 3582 4798 secus
3612 4743 3863 4798 sentiant.

2262 4841 2432 4896 Ροιϊο
2462 4839 2578 4894 haec
2606 4841 2657 4894 in
2693 4837 2968 4912 Scriptura
2997 4841 3222 4910 legimus
3246 4837 3458 4912 (Cenes.
3489 4855 3528 4902 I,
3561 4839 3648 4896 li.
3681 4837 3767 4899 15.
3801 4837 3866 4892 16

2262 4944 2309 4988 et
2342 4935 2426 5002 17)
2459 4951 2471 4986 :
2512 4933 2654 4987 Dixit
2697 4943 2864 4986 autem
2910 4931 3047 4987 Deus
3079 4949 3097 4986 :
3129 4933 3257 5001 ﬁant
3287 4931 3562 4985 luniinnria
3593 4931 3646 4985 in
3689 4932 3867 5000 [iram-

2261 5039 2431 5083 mento
2453 5027 2588 5092 caeli,
2621 5038 2670 5082 et
2692 5027 2921 5082 dividant
2946 5028 3080 5080 diem
3107 5043 3166 5080 ac
3187 5037 3400 5089 noctem,
3425 5035 3472 5079 et
3500 5027 3604 5079 sint
3624 5026 3675 5078 in
3701 5027 3868 5094 signa,

2265 5131 2312 5177 et
2334 5131 2588 5191 tempora,
2612 5131 2658 5174 et
2681 5121 2811 5185 dies,
2843 5129 2891 5174 et
2916 5135 3119 5174 annos:
3150 5129 3206 5172 ut
3235 5121 3435 5173 luceant
3465 5118 3519 5171 in
3552 5119 3871 5184 ﬁrmamento

2265 5216 2410 5283 creti,
2440 5225 2488 5270 et
2526 5215 2817 5269 illuminent
2850 5223 3068 5280 terram,
3101 5221 3207 5267 etc.
3251 5212 3316 5267 Et
3346 5211 3473 5266 alibi
3521 5211 3643 5284 (Ps.
3672 5228 3868 5276 cxxxv,

2268 5311 2321 5370 7.
2351 5310 2407 5376 8,
2441 5306 2540 5379 9):
2577 5307 2679 5375 Qui
2719 5309 2838 5380 fecit
2879 5309 3154 5363 luminaria
3195 5325 3450 5376 magna...
3487 5308 3646 5361 solem
3686 5307 3738 5360 in
3781 5323 3873 5376 po-

2265 5412 2493 5457 testatem
2541 5402 2712 5457 diei...
2761 5403 2968 5466 luumn,
3001 5411 3051 5456 et
3099 5401 3273 5456 stellas
3313 5401 3368 5454 in
3416 5410 3721 5472 potestatem
3753 5416 3872 5452 nor-

2267 5497 2363 5562 tis,
2394 5505 2496 5552 etc.
2544 5497 2612 5552 Et
2657 5513 2842 5551 rursus
2869 5496 3047 5568 (Deut.
3091 5511 3180 5561 xv,
3217 5496 3340 5565 l9):
3376 5493 3458 5548 Ne
3489 5498 3623 5567 forte
3667 5496 3870 5550 elei-aiis

2267 5591 2429 5644 oculis
2471 5591 2539 5645 ad
2582 5590 2800 5652 cazlum,
2850 5589 3023 5644 uideas
3050 5589 3236 5649 solem,
3289 5599 3335 5642 et
3378 5588 3577 5647 lunam,
3611 5597 3658 5642 et
3698 5589 3869 5642 omnia

2267 5691 2406 5737 astra
2431 5685 2541 5738 caeli
2561 5725 2576 5748 ,
2606 5693 2652 5738 et
2692 5699 2866 5737 errore
2905 5683 3145 5747 deceptus
3171 5680 3357 5736 adores
3383 5697 3472 5740 ea,
3504 5692 3549 5734 et
3579 5680 3720 5734 colas
3759 5693 3870 5749 quc

2268 5777 2453 5830 creavit
2485 5775 2738 5831 Dominus
2770 5773 2912 5831 Deus
2941 5777 3134 5832 tumin
3157 5775 3498 5829 ministerium
3525 5776 3722 5827 cunctis
3749 5791 3870 5841 gert-

2269 5868 2404 5924 tibus
2424 5911 2438 5937 ,
2467 5884 2582 5939 quae
2609 5869 2702 5924 sub
2726 5869 2854 5925 calo
2891 5879 3028 5926 sunt.
3059 5868 3116 5926 Si
3147 5868 3352 5926 creavit
3377 5868 3430 5923 in
3469 5866 3826 5924 ministerium
3847 5903 3865 5929 ,
