4066 6424
190 308 292 364 855

189 437 306 492 qme
334 419 434 476 sub
462 417 600 475 ctelo
625 428 768 480 sunt,
804 421 972 474 nostri
1006 434 1138 475 sane
1169 433 1332 473 causa
1365 432 1426 471 ea
1453 415 1716 472 condidit.

256 515 348 568 21.
394 512 671 568 Postrema
704 511 865 566 Plinii
893 513 1075 576 verba,
1131 510 1253 565 Non
1278 527 1372 565 nos
1395 527 1550 564 causa
1583 508 1786 564 Mundo

190 624 382 671 sumus,
412 616 550 671 etc.,
580 606 712 660 nihil
739 605 940 660 habent
970 605 1112 676 quod
1155 614 1354 660 nostra:
1391 603 1676 660 sententie
1705 603 1788 657 of-

189 700 352 756 ﬁciat.
407 698 618 755 Etenim
665 698 718 752 in
747 714 813 754 eo
843 700 1022 766 capite
1053 697 1282 763 irridet,
1317 696 1602 768 rejicitque
1641 695 1785 766 vulgi

187 792 552 860 sententiam,
585 795 726 865 quod
778 794 994 865 quidem
1045 792 1432 858 existimabat,
1465 792 1637 846 sidera
1674 792 1784 844 sin.

186 885 324 958 gulis
369 883 609 940 attributa
647 885 790 939 nobis
815 927 828 949 ,
862 886 1007 939 clara
1037 885 1309 949 divitibus,
1342 885 1543 938 minora
1592 900 1784 955 paupe-

188 980 359 1045 ribus,
408 981 625 1034 obscura
653 979 892 1049 defectis,
945 991 992 1034 et
1024 996 1117 1048 pro
1148 989 1283 1033 sorte
1327 981 1572 1051 cujusque
1614 979 1790 1031 lucen-

188 1073 298 1141 tia,
345 1083 393 1127 et
435 1073 681 1128 attributa
710 1072 1034 1127 mortalibus.
1094 1073 1294 1127 llormn
1348 1072 1557 1127 scilicet
1597 1087 1626 1124 a
1659 1085 1789 1126 vero

187 1165 612 1222 remotissimam
644 1165 956 1237 opinionem
986 1166 1068 1220 his
1097 1166 1280 1221 verbis
1307 1164 1492 1220 statim
1523 1163 1741 1234 repellit
1768 1179 1782 1216 :

185 1259 309 1327 quia
329 1274 419 1312 nec
440 1274 557 1312 cum
586 1275 678 1314 suo
705 1275 919 1328 quaeque
949 1259 1156 1312 homine
1195 1272 1310 1314 orta
1341 1263 1632 1313 moriuntur
1653 1301 1666 1324 ,
1700 1273 1790 1312 nec

184 1351 386 1417 aliquid
413 1353 640 1420 extingui
670 1353 888 1406 deciduo
913 1352 1208 1425 signiﬁcant
1242 1368 1260 1406 :
1293 1365 1402 1405 ttnn
1431 1351 1521 1405 illa
1544 1351 1785 1420 subjicit,

183 1459 308 1514 qu.e
343 1453 470 1498 sunt
495 1444 704 1512 obieeta
741 1463 752 1497 :
791 1442 913 1498 Non
954 1455 1098 1498 tanta
1127 1445 1237 1499 caeli
1270 1445 1491 1499 societas
1521 1443 1788 1497 nobiscum

182 1547 280 1600 est,
315 1544 371 1589 ut
398 1547 573 1590 nostro
605 1539 713 1607 fato
737 1536 970 1590 mortalis
999 1537 1062 1590 sit
1092 1535 1180 1590 ille
1201 1553 1403 1608 quoque
1429 1535 1655 1591 siderum
1678 1535 1788 1604 fut.

182 1645 303 1702 gor.
348 1631 478 1696 Quae
509 1629 726 1699 quidem
782 1633 983 1684 monita
1033 1647 1192 1701 quam
1251 1632 1507 1701 praeclara
1550 1641 1675 1685 sunt
1719 1630 1786 1686 ad

181 1743 302 1808 eam
339 1726 704 1793 refutandam,
736 1743 896 1796 qnam
930 1728 1245 1798 perstringit
1273 1727 1388 1792 ille,
1417 1729 1739 1782 sententiam
1768 1743 1782 1792 ;

863 303 929 359 IN
970 303 1226 362 HILARII
1269 301 1491 360 EPIST.
1533 301 1666 359 SEU
1710 298 1933 358 LIBEL.
1979 300 2430 359 DISSER'I‘ATIO
2471 301 2703 358 PRIMA.

1816 421 1870 483 Α
1898 415 2093 471 nielem
2125 427 2378 474 vorarent
2413 463 2428 489 ,
2461 417 2598 473 Deus
2623 418 2872 474 conclusit
2903 434 2994 472 ora
3023 417 3225 472 leonum
3255 415 3487 488 (Daniel.

3380 297 3486 356 834

1887 524 1966 574 v1,
1994 510 2065 564 27
2091 521 2138 564 et
2163 510 2292 582 22),
2323 528 2415 566 nec
2437 521 2717 566 nocuerunt
2747 512 2793 565 ei
2816 514 2834 579 (
2852 507 3058 566 Danieli
3079 511 3119 580 ),
3149 519 3196 565 et
3222 509 3370 564 nulla
3400 509 3491 564 la?-

1888 602 1965 656 sio
1989 603 2190 657 inventa
2218 614 2291 658 est
2317 604 2368 656 in
2392 620 2470 671 eo,
2503 605 2625 672 quia
2655 604 2874 660 credidit
2902 603 3009 659 Dea
3049 620 3162 658 suo.
3209 603 3315 670 Et,
3350 610 3407 657 ut
3436 604 3488 659 in

1892 694 2108 749 Dauiele
2138 697 2465 762 consistam,
2498 697 2625 767 quid
2669 695 3042 752 admirabilius
3063 738 3076 761 ,
3104 696 3334 765 ideoque
3358 693 3488 766 quid

1889 785 1954 839 ad
1986 785 2075 840 Dei
2111 787 2502 856 providentiam
2543 803 2670 858 erga
2709 790 2910 858 probos
2931 790 3077 845 viros
3105 788 3486 844 declarandam

1889 879 2069 948 aptius
2099 893 2186 944 eo,
2217 879 2359 949 quod
2386 880 2454 934 de
2495 882 2685 935 eodem
2730 880 2952 937 Daniele
2993 881 3291 936 discimus?
3328 892 3490 952 atque

1892 971 1941 1026 id
1967 972 2183 1043 quidem
2230 975 2359 1044 ipsis
2405 974 2703 1045 Scriptura:
2744 978 2923 1033 verbis
2953 978 3157 1034 referre
3184 979 3314 1034 libet
3345 977 3490 1052 (Da-

1891 1065 2014 1120 niel.
2046 1081 2133 1120 xw
2157 1107 2170 1129 ,
2199 1067 2272 1122 29
2294 1109 2308 1134 ,
2346 1067 2471 1141 etc.)
2495 1088 2508 1125 :
2550 1067 2686 1123 Vidit
2711 1087 2832 1140 ergo
2856 1088 2967 1136 rex,
2995 1073 3133 1143 quod
3155 1073 3408 1127 irruerent
3436 1075 3489 1127 in

1892 1173 2006 1212 eum
2037 1159 2352 1213 vehementer
2379 1161 2733 1235 (Babylonii)
2755 1205 2770 1230 ,
2804 1174 2850 1217 et
2881 1166 3176 1219 necessitate
3198 1165 3490 1233 compulsus

1891 1249 2107 1304 tradidit
2137 1252 2211 1305 eis
2242 1251 2527 1307 Danielem.
2562 1255 2664 1320 Qui
2691 1257 2940 1310 miserunt
2971 1273 3083 1310 eum
3113 1259 3164 1310 in
3193 1258 3358 1311 lacum
3386 1259 3491 1312 leo-

1894 1362 2037 1408 num,
2071 1357 2117 1401 et
2144 1359 2252 1401 erat
2274 1348 2343 1401 ibi
2371 1348 2548 1404 diebus
2583 1366 2693 1404 sex.
2728 1349 2896 1406 Porro
2918 1353 2970 1405 in
3003 1352 3117 1406 lacu
3147 1364 3290 1406 erant
3321 1355 3491 1407 leones

1891 1451 2112 1506 septem,
2159 1449 2206 1493 et
2245 1439 2504 1495 dabantur
2529 1443 2600 1495 eis
2629 1442 2732 1496 duo
2755 1459 2973 1514 corpora
3011 1445 3238 1515 quotidie
3258 1487 3272 1512 ,
3303 1456 3349 1499 et
3375 1445 3493 1502 duae

1893 1550 2027 1599 oves,
2061 1547 2106 1590 et
2132 1545 2253 1590 tunc
2273 1553 2372 1590 non
2397 1539 2516 1590 data
2543 1548 2689 1603 sunt,
2719 1549 2772 1592 ut
2794 1541 3095 1595 devorarent
3126 1541 3486 1597 Danielem....

1893 1625 2099 1700 (v.59).
2147 1627 2289 1682 Venit
2311 1647 2430 1700 ergo
2460 1647 2550 1685 rea:
2579 1631 2663 1684 die
2691 1634 2904 1704 septimo
2925 1683 2936 1700 ,
2974 1643 3028 1686 ut
3059 1635 3251 1705 lugeret
3293 1633 3487 1689 Danie-

1891 1721 2019 1781 lem,
2054 1734 2100 1775 et
2133 1723 2264 1776 venit
2293 1724 2360 1775 ad
2391 1724 2564 1778 lacum
2583 1767 2598 1790 ,
2627 1735 2672 1778 et
2702 1726 3045 1795 introspexit,
3070 1735 3115 1780 ct
3147 1744 3263 1781 ecce
3302 1728 3492 1782 Daniel

184 1830 294 1875 tam
321 1821 502 1892 inepta
529 1828 685 1889 sunt,
716 1820 760 1874 si
783 1821 1047 1876 adversus
1077 1819 1128 1875 id
1147 1862 1160 1885 ,
1191 1819 1259 1875 de
1280 1836 1386 1890 quo
1413 1821 1622 1892 agimus
1646 1862 1660 1886 ,
1693 1819 1789 1876 ad-
1818 1831 1864 1891 Β
1892 1815 2071 1869 sedens
2100 1815 2154 1868 in
2185 1815 2350 1870 medio
2383 1817 2606 1872 leonum.
2638 1816 2708 1871 Et
2728 1819 3028 1873 exclamavit
3051 1835 3169 1874 voce
3195 1837 3380 1892 magna
3401 1835 3493 1874 rea:

181 1916 474 1970 ducantur.

251 2008 347 2063 22.
391 2008 615 2066 Senecae
649 2023 813 2075 porro
841 2007 1026 2079 opinio
1058 2019 1208 2063 tanto
1236 2009 1286 2062 in
1331 2009 1504 2078 pretio
1541 2005 1786 2063 habenda

182 2116 295 2156 non
327 2112 411 2156 est
434 2141 448 2163 ,
481 2109 538 2155 ut
576 2099 880 2165 Lactantii,
913 2097 1224 2170 Augustini,
1259 2107 1421 2170 atque
1445 2099 1583 2154 adeo
1603 2097 1790 2169 Scrip-

183 2174 322 2250 tura:
355 2193 525 2264 ipsius
554 2193 776 2249 monitis
809 2203 1174 2265 pra‘ponatur.

253 2287 350 2342 25.
394 2285 662 2357 Pleraque
689 2303 902 2354 eorum,
925 2303 1045 2357 qua:
1078 2285 1357 2341 immensis
1379 2286 1642 2343 ctelorum
1667 2300 1793 2357 spa-

185 2383 277 2438 tiis
306 2380 860 2451 comprehenduntur,
893 2379 1134 2450 ignorati
1154 2395 1183 2433 a
1211 2379 1390 2445 nobis,
1419 2378 1559 2434 haud
1594 2380 1792 2433 invitus

187 2477 393 2533 fateor.
423 2475 531 2532 Sed
571 2483 706 2547 quot
747 2475 904 2530 nobis
935 2484 1196 2546 prosunt,
1262 2475 1371 2528 imo
1395 2475 1559 2529 etiam
1618 2473 1794 2529 inser-

182 2573 336 2628 viunt
362 2613 374 2635 ,
404 2586 633 2642 qumum
673 2580 958 2634 naturam,
997 2583 1052 2625 et
1088 2584 1372 2624 numerum
1432 2584 1657 2640 prorsus
1694 2584 1788 2624 ne-

181 2666 429 2722 scimus?
457 2668 537 2719 An
583 2665 728 2720 aeris
751 2705 767 2731 ,
823 2681 890 2718 an
924 2663 1064 2734 ignis
1089 2704 1104 2728 ,
1161 2663 1502 2732 aliorumque
1526 2704 1541 2728 ,
1597 2665 1794 2733 quibus

183 2758 433 2830 quotidie
465 2759 666 2814 utimur
691 2799 705 2824 ,
745 2768 991 2813 naturam
1044 2759 1329 2820 novimus,
1362 2765 1452 2810 aut
1491 2754 1794 2810 multitudi-

183 2852 352 2908 nem?
385 2851 494 2906 Deo
521 2849 818 2914 credi-nus,
853 2849 1008 2920 cujus
1034 2846 1345 2904 testin'tonio
1374 2848 1655 2913 discimus,
1679 2864 1792 2902 om-

182 2947 276 3000 nia
329 2955 470 2998 astra
509 2944 622 2998 caeli
679 2943 746 2998 ab
798 2956 864 2998 eo
895 2952 1075 2997 creata
1132 2941 1298 2997 fuisse
1348 2942 1402 2995 in
1453 2940 1793 2995 ministerium

183 3039 388 3093 cunctis
427 3037 662 3108 gentibus
685 3079 700 3103 ,
735 3050 853 3106 qua:
898 3037 992 3090 sub
1038 3035 1164 3089 cwlo
1192 3043 1330 3088 sunt.
1362 3033 1510 3088 Alios
1557 3034 1626 3087 ob
1657 3031 1794 3088 ﬁnes

181 3130 409 3187 Condita
439 3145 500 3185 ea
525 3129 716 3194 fuisse,
749 3129 972 3183 minime
999 3142 1167 3198 nego;
1196 3126 1292 3181 sed
1326 3141 1500 3197 neque
1521 3129 1795 3182 allirmare

1889 1909 2064 1962 dicens
2094 1925 2112 1962 .'
2143 1908 2366 1982 Magnus
2395 1928 2472 1976 es,
2505 1909 2746 1978 Domine,
2772 1912 2908 1968 Deus
2943 1914 3171 1969 Danielis
3203 1916 3282 1986 (v.
3310 1914 3485 1986 42)...

1894 2005 2123 2060 Paveant
2155 2024 2331 2064 omnes
2360 2011 2646 2065 habitantes
2674 2013 2727 2064 in
2750 2012 2986 2066 universa
3016 2022 3150 2067 terra
3181 2012 3347 2068 Deum
3377 2011 3488 2068 Da-

1891 2099 2042 2154 nielis
2069 2142 2084 2166 ,
2115 2101 2236 2170 quia
2262 2103 2372 2172 ipse
2400 2101 2643 2157 Salvator
2664 2145 2677 2168 ,
2708 2104 2904 2174 faciens
2933 2107 3082 2176 signa
3102 2147 3117 2171 ,
3157 2116 3203 2159 et
3232 2105 3490 2160 mirabilia

1890 2191 1942 2244 in
1966 2199 2101 2245 terra
2131 2206 2149 2245 :
2175 2193 2264 2262 qui
2292 2193 2522 2247 liberavit
2566 2193 2833 2250 Danielem
2875 2198 2938 2251 de
2980 2197 3095 2251 lacu
3135 2197 3355 2252 leonum.
3408 2199 3489 2253 An

1893 2301 1998 2340 non
2029 2287 2188 2340 etiam
2234 2286 2476 2342 divinam
2523 2290 2967 2358 omnipotentiam
3023 2289 3345 2346 te5tificatus
3403 2298 3488 2345 est

1893 2381 1980 2435 leo
2010 2379 2119 2448 ille,
2144 2381 2237 2449 qui
2263 2382 2557 2452 prophetae,
2590 2384 2680 2439 Dei
2707 2383 2949 2454 jussibus
2979 2383 3120 2439 haud
3143 2383 3488 2456 obsequenti,

1895 2491 2079 2530 morsu
2132 2491 2319 2532 necem
2370 2477 2581 2544 intulit,
2614 2479 2758 2533 illius
2801 2489 2977 2533 tamen
3011 2480 3241 2535 cadaver
3269 2478 3491 2535 tniuime

1893 2569 2069 2639 attigit
2101 2569 2191 2640 (lll
2222 2567 2353 2642 Reg.
2386 2585 2509 2633 xm,
2544 2569 2635 2627 24.
2671 2570 2805 2643 25)?

1971 2663 2062 2718 25.
2109 2663 2262 2730 Quod
2298 2679 2461 2734 porro
2485 2674 2592 2718 tum
2623 2664 2878 2736 contigit,
2927 2665 2978 2720 id
3025 2664 3283 2735 deinceps
3328 2663 3489 2719 etiam

1897 2754 2036 2809 haud
2071 2771 2193 2811 rare
2233 2757 2483 2814 evenisse
2529 2759 2779 2814 novimus
2801 2800 2815 2822 ,
2865 2760 2914 2814 id
2950 2760 3363 2816 testificantibus
3394 2759 3494 2814 Ec-

1893 2849 2207 2905 clesinsdcis
2235 2852 2636 2917 momnncntis;
2666 2868 2735 2907 ex
2760 2852 2957 2923 quibus
2983 2852 3244 2908 discimus
3271 2894 3286 2919 ,
3322 2853 3495 2921 impe-

1897 2941 2038 2997 ditas
2089 2942 2255 2998 fuisse
2294 2944 2586 3014 aliquando
2630 2945 2809 3008 feras,
2865 2961 2931 2999 ne
2983 2945 3258 3016 expositos
3307 2960 3493 2999 eorum

1898 3039 2167 3093 morsibus
2199 3048 2463 3111 martyres
2496 3046 2779 3112 tangerent
2809 3036 2884 3112 (b)
2907 3080 2921 3104 ,
2952 3054 3088 3095 neve
3123 3054 3311 3094 eorum
3334 3036 3494 3092 cada-

1897 3149 2022 3189 vera
2051 3143 2307 3188 vorarent

182 3225 237 3279 id
285 3237 616 3293 possumus,
673 3237 794 3277 cum
839 3221 890 3276 id
940 3236 1162 3291 prorsus
1215 3221 1400 3276 lateat.
1451 3218 1563 3275 Nec
1610 3229 1789 3274 conte-

1972 3228 2062 3283 26.
2105 3230 2212 3284 Sed
2245 3231 2385 3291 haec,
2416 3230 2460 3305 si
2489 3229 2570 3283 vis
2592 3271 2605 3291 ,
2639 3229 2950 3284 omittamus
2973 3271 2988 3296 ,
3022 3227 3496 3297 consistamusque

183 3317 484 3372 mnendum
515 3317 584 3370 ob
635 3317 796 3369 liuent
839 3330 901 3369 ea
945 3325 1103 3368 erunt
1133 3313 1349 3369 condita
1377 3355 1391 3379 ,
1420 3314 1464 3367 si
1495 3321 1785 3384 propterea

181 3411 407 3468 condita
437 3419 632 3477 erunt,
668 3419 727 3464 ut
763 3427 829 3464 ex
873 3425 1064 3464 eorum
1113 3414 1295 3480 specie
1334 3424 1692 3480 exsurgamus
1727 3407 1795 3462 ad

181 3506 427 3565 divinam
466 3507 914 3577 oninipotenliam
944 3507 1342 3580 agnoscendum
1372 3549 1386 3573 ,
1424 3524 1488 3562 ac
1519 3522 1796 3563 commen-

181 3602 448 3662 dandam,
481 3604 780 3671 praesertim
807 3617 970 3671 quum
996 3609 1102 3655 tam
1135 3602 1445 3674 praestantia
1469 3601 1792 3672 exitniaque,

183 3706 357 3766 atque
398 3695 656 3750 immensa
682 3736 696 3759 ,
744 3710 879 3764 pene
906 3693 1174 3762 dixerim,
1212 3710 1441 3765 corpora
1481 3695 1534 3748 in
1569 3695 1798 3749 ministe-

182 3791 330 3845 rium
358 3799 590 3844 nostrum
617 3804 739 3845 esse
765 3789 1021 3845 voluerit.

257 3883 355 3940 24.
403 3882 567 3938 Feras
612 3897 794 3953 porro,
819 3891 979 3953 atque
1010 3882 1248 3938 immites
1281 3881 1484 3938 bestias
1504 3925 1518 3948 ,
1560 3896 1796 3936 veneno-

182 3993 389 4048 sasque
408 3989 461 4033 et
485 3977 808 4042 animantes,
834 3987 888 4032 et
915 3976 1109 4032 herbas
1131 3975 1374 4031 condidit
1390 3975 1606 4046 quidem
1632 3976 1792 4041 Deus,

184 4088 301 4126 non
347 4080 635 4142 propterea
665 4082 840 4126 tamen
889 4069 1006 4125 hwc
1039 4070 1276 4125 hominis
1303 4083 1467 4124 causa
1518 4085 1622 4125 non
1668 4085 1797 4124 con-

183 4162 351 4219 didit.
380 4165 432 4219 Si
471 4165 742 4221 hominem
776 4165 1090 4221 innocentia
1137 4166 1316 4220 adhuc
1354 4165 1578 4235 potitum
1624 4165 1794 4234 inspi-

182 4258 270 4315 cis
291 4301 307 4324 ,
341 4256 489 4326 haec,
519 4270 570 4314 et
603 4259 703 4313 alia
737 4261 978 4330 qumvis,
1013 4260 1363 4330 quantumvis
1407 4261 1640 4331 pessima
1699 4260 1797 4313 fitt—

182 4366 287 4423 gas
313 4392 327 4416 ,
361 4350 582 4406 minime
630 4367 832 4408 nocere
878 4352 959 4407 illi
990 4363 1236 4422 poterant
1277 4350 1373 4426 (a).
1423 4353 1480 4408 Si
1507 4351 1598 4407 'ab
1642 4355 1798 4407 inno-

181 4448 367 4504 centia
392 4448 737 4518 prolapsum;
771 4448 837 4504 ad
869 4450 1180 4505 terrendom
1220 4449 1495 4506 hominem
1515 4493 1530 4516 ,
1555 4465 1792 4520 eumque

181 4540 594 4596 admonendum
625 4557 688 4596 ea
729 4543 940 4613 posuit,
974 4557 1040 4596 ue
1072 4543 1138 4598 ab
1162 4541 1307 4597 illius
1328 4542 1668 4612 jussionibus
1697 4543 1793 4598 de-

1901 3323 1953 3378 in
1977 3323 2242 3392 exemplis
2272 3324 2336 3378 iis
2359 3367 2374 3392 ,
2404 3339 2525 3394 qua:
2556 3322 2795 3394 quotidie
2823 3322 3206 3392 conspicimus.
3257 3320 3339 3376 An
3387 3335 3497 3376 non

1899 3414 2191 3471 venenosis
2221 3414 2354 3484 ipsis
2395 3414 2757 3469 animantibus
2789 3414 2990 3470 utimur
3013 3455 3028 3482 ,
3060 3428 3354 3485 earumque
3380 3427 3500 3469 car-

1901 3525 2016 3574 nes,
2043 3521 2096 3566 et
2129 3525 2390 3564 venenum
2422 3510 2594 3578 ipsum
2622 3508 2674 3563 in
2701 3507 3024 3563 medicinam
3049 3507 3340 3562 vertimus?
3364 3506 3499 3575 Quis

1899 3606 2072 3659 nescit
2107 3619 2207 3659 nos
2240 3618 2486 3658 ursorum
2517 3645 2531 3666 ,
2555 3613 2609 3658 et
2635 3603 2962 3674 reliquarum
3005 3602 3239 3658 ferarum
3268 3600 3499 3671 pellibus

1903 3699 1977 3752 uti
2007 3698 2074 3751 ad
2121 3695 2289 3769 frigus
2318 3696 2676 3768 abigendmn,
2720 3711 2922 3767 easque
2955 3698 3006 3751 in
3048 3706 3289 3751 nostrum
3321 3696 3497 3766 ipsutn

1898 3791 2326 3847 emolumentum
2366 3788 2730 3845 convertere?
2758 3789 2884 3844 [huc
2910 3805 3040 3844 sane
3070 3788 3114 3843 si
3146 3789 3290 3844 serio
3321 3798 3500 3843 atten-

1898 3884 2109 3950 damus,
2136 3884 2277 3939 haud
2311 3884 2459 3938 iuviti
2490 3882 2797 3950 fatebimur,
2827 3883 2967 3954 quod
2995 3882 3234 3936 abinitio
3265 3883 3498 3951 positum

1898 3989 2014 4046 est,
2039 3995 2270 4048 corpora
2304 3979 2512 4033 scilicet
2535 3976 2756 4042 qumvis,
2784 3977 2996 4032 tametsi
3026 3976 3495 4043 prmStantissima,

1899 4073 2112 4128 tametsi
2145 4070 2412 4127 interdum
2430 4071 2612 4136 noxia,
2635 4067 2868 4123 hominis
2882 4084 3042 4124 causa
3068 4068 3234 4123 fuiSse
3256 4066 3494 4122 condita.

1969 4166 2061 4221 27.
2110 4165 2186 4220 Ea
2220 4179 2381 4232 porro
2415 4162 2639 4218 rationis
2662 4161 2774 4231 vis,
2810 4162 3192 4234 intelligentia,
3221 4177 3284 4216 ac
3314 4159 3498 4217 consi-

1900 4261 2052 4327 lium,
2083 4261 2283 4331 quibus
2313 4257 2570 4329 prmditus
2603 4259 2766 4312 homo
2802 4275 2829 4309 a
2881 4258 2990 4312 Deo
3021 4268 3096 4312 est
3117 4298 3134 4324 ,
3162 4257 3204 4311 si
3237 4255 3385 4311 illum
3408 4255 3499 4327 ju-

1898 4365 2056 4420 vant,
2105 4363 2162 4407 ut
2215 4352 2404 4406 noxias
2432 4349 2578 4420 ipsas
2617 4350 2921 4406 animantes
2968 4353 3020 4403 in
3050 4348 3337 4404 utilitatem
3365 4364 3498 4404 cono

1898 4456 2070 4503 vertat
2101 4461 2276 4515 suam,
2304 4446 2474 4502 multo
2503 4446 2672 4515 magis
2692 4447 2904 4513 juvant,
2939 4453 2996 4499 ut
3019 4459 3205 4500 earum
3237 4445 3498 4514 impetus,

1897 4555 1960 4596 ac
1992 4539 2248 4596 ferociam
2279 4539 2476 4604 evitet,
2527 4539 2848 4609 eludatqne;
2882 4546 2972 4591 aut
3017 4536 3061 4591 si
3095 4535 3165 4591 l‘m
3183 4544 3234 4592 te
3279 4537 3502 4593 eludere

184 4637 335 4692 licia!
354 4679 367 4698 ,
398 4638 489 4707 qui
524 4637 744 4692 armavit
769 4647 1058 4693 creaturam
1096 4637 1165 4692 ad
1191 4638 1436 4692 ultionem
1465 4639 1794 4693 inimicorum
1821 4625 1875 4686 D
1902 4648 2007 4687 non
2041 4639 2250 4703 potest.
2293 4642 2345 4687 et
2377 4632 2606 4696 evitare,
2637 4631 2875 4685 remedia
2904 4628 2978 4684 illi
3002 4671 3017 4697 ,
3049 4644 3114 4684 ac
3141 4627 3500 4684 medicamina

183 4747 401 4784 suorum
431 4730 586 4801 (Sap.
622 4747 670 4796 v,
705 4731 814 4802 18).
846 4733 916 4786 Ea
948 4733 1174 4787 consule
1207 4733 1618 4804 Scripturarum
1653 4734 1794 4798 loca,

183 4838 316 4892 qua:
359 4823 409 4877 in
443 4821 650 4894 pagina:
679 4823 828 4879 calce
876 4833 1004 4879 noto
1033 4822 1219 4898 (Levit.
1263 4841 1422 4892 χχιιι,
1458 4825 1562 4890 22;
1611 4824 1798 4881 Deute-

183 4932 312 4970 ron.
357 4930 535 4977 xxxii,
572 4916 642 4970 24
669 4956 682 4976 .
718 4925 767 4969 et
796 4915 884 4970 lib.
918 4916 986 4970 IV
1011 4915 1146 4987 Reg.
1179 4931 1251 4984 tt,
1297 4917 1412 4988 24).
1442 4915 1618 4986 Quid?
1657 4917 1799 4989 quod

183 5007 308 5078 ipsa
338 5007 550 5063 leonum
594 5006 783 5064 feritas
825 5008 1060 5064 divinam
1105 5010 1553 5079 onmipotemiam
1603 5010 1796 5065 mirum

185 5100 246 5155 in
282 5101 503 5156 modum
534 5118 638 5155 non
679 5115 806 5155 raro
835 5100 1254 5156 commendavit.
1283 5100 1423 5168 Quid
1463 5099 1797 5168 inusitatius,

184 5192 424 5262 ideoque
445 5192 572 5263 quid
595 5191 660 5246 ad
684 5192 918 5248 divinam
938 5192 1388 5264 omnipotentiam
1411 5192 1796 5248 celebrandam

183 5285 373 5356 aptius
400 5299 466 5339 eo
490 5293 760 5355 portento,
784 5283 930 5356 quod
954 5294 1065 5340 tum
1087 5285 1312 5356 contigit
1340 5327 1354 5351 ,
1385 5301 1551 5355 quutn
1591 5300 1662 5341 ne
1695 5285 1794 5341 Da-

265 5450 344 5520 (α)
390 5449 521 5506 Vide
547 5451 774 5508 obsecro
795 5465 913 5520 qua:
942 5448 1045 5504 hoc
1075 5464 1239 5520 super
1281 5456 1599 5520 argumento
1631 5447 1792 5520 docet

183 5520 523 5592 Augustinus
544 5523 580 5578 l.
609 5523 716 5578 Ide
737 5519 874 5578 Gen.
903 5523 1163 5576 adversus
1190 5519 1578 5586 Manich.c.i8,
1610 5536 1664 5573 ιι.
1692 5519 1786 5577 29.

269 5614 344 5687 (b)
386 5615 618 5686 lgnatius
648 5614 847 5689 Martyr
875 5612 1303 5689 iu‘Epistolaad
1325 5613 1482 5689 Elim.
1513 5612 1790 5689 [μς-Ευ-

187 5683 310 5742 seti.
344 5683 468 5743 hist.
501 5689 590 5743 lib.
628 5703 750 5751 νιιι,
783 5683 901 5757 cap.
937 5686 988 5748 7;
1018 5683 1147 5739 Acta
1180 5683 1236 5740 S.
1271 5683 1328 5740 S.
1357 5683 1622 5757 Taraclti,
1653 5683 1785 5739 Pro-

190 5762 249 5814 bi
272 5803 288 5827 ,
319 5769 428 5816 etc.
457 5802 472 5823 .
501 5777 556 5815 ιι.
590 5761 657 5817 10
680 5802 695 5829 ,
723 5755 863 5831 apud
912 5757 1172 5824 Roiuart,
1204 5771 1325 5827 pag.
1380 5755 1486 5813 392
1532 5755 1786 5813 editionis

189 5831 547 5892 Veronensis.

1901 4737 2122 4797 prirstet
2153 4724 2416 4780 adversus
2440 4739 2645 4779 earum
2679 4738 2883 4778 venena
2903 4763 2920 4789 ,
2953 4737 3016 4778 ac
3055 4737 3268 4778 morsus
3297 4739 3310 4776 :
3341 4726 3503 4779 sicut

1901 4821 2164 4876 rarissimi
2197 4820 2336 4883 sint,
2377 4835 2513 4890 quos
2545 4820 2816 4882 ferarum,
2864 4832 2929 4874 ac
2973 4819 3308 4888 serpentium
3358 4834 3500 4874 mor-

1902 4913 2051 4968 sibus
2084 4911 2401 4969 interfectos
2428 4911 2849 4983 conspiciamus,
2873 4921 3033 4981 atque
3062 4914 3200 4967 inter
3234 4911 3332 4966 hos
3353 4912 3501 4980 ipsos

1903 5008 2105 5060 multos
2127 5004 2385 5074 reperies,
2415 5003 2504 5072 qui
2538 5003 2682 5059 feras
2714 5004 2882 5074 ipsas,
2907 5019 2970 5059 ac
2990 5015 3274 5076 serpentes
3302 5006 3352 5059 in
3382 5020 3503 5071 per-

1903 5099 2098 5153 niciem
2129 5111 2280 5151 suam
2309 5104 2515 5151 temere
2547 5095 2846 5151 irritarunt.
2881 5095 3011 5165 Quis
3040 5111 3220 5166 porro,
3270 5106 3328 5151 ut
3348 5095 3499 5153 Scri-

1902 5199 2072 5262 plura:
2093 5190 2274 5245 verbis
2297 5199 2414 5245 utar
2439 5186 2684 5264 (Eccles.
2717 5205 2812 5255 xu,
2846 5188 2960 5262 15),
2984 5189 3306 5245 miserebitur
3332 5191 3500 5244 omni-

1903 5285 2025 5352 bus,
2053 5285 2140 5356 qui
2164 5285 2584 5357 appropinquant
2612 5283 2784 5340 bestiis
2811 5284 2836 5338 Ρ

1971 5449 2050 5516 (c)
2091 5446 2287 5502 Euseb.
2321 5450 2383 5501 de
2414 5444 2736 5518 Martyribus
2765 5442 3071 5509 Palestina,
3102 5459 3223 5514 cap.
3253 5461 3304 5500 XI
3332 5444 3502 5518 (apud

1896 5517 2123 5574 Ruinart
2166 5537 2220 5574 ιι.
2253 5518 2325 5574 42
2356 5537 2368 5574 :
2403 5516 2634 5586 Quorum
2681 5525 3011 5588 sacrosancta
3041 5519 3290 5571 cadavera
3312 5557 3327 5580 ,
3365 5516 3502 5588 etc.)

1896 5593 2027 5644 Acta
2058 5592 2097 5646 S
2127 5585 2561 5659 Vincentii,rcap.
2592 5605 2624 5644 χ
2644 5587 2806 5660 (apud
2834 5585 3104 5660 Ruinam,
3130 5589 3240 5644 edit
3272 5585 3499 5654 Verou.,

1895 5677 2013 5733 pag.
2063 5663 2224 5732 328).
2261 5667 2432 5734 Atque
2480 5661 2531 5734 id
2586 5659 2787 5734 ipsum,
2815 5659 3053 5734 quodin
3088 5660 3503 5734 ActisLlegitur

1886 5731 2055 5805 etiam
2101 5735 2152 5788 in
2184 5731 2457 5805 I’rudcntii
2489 5732 2727 5805 Hymnog
2753 5732 2818 5786 de
2848 5732 2907 5788 S.
2951 5731 3209 5789 Vincentii
3242 5731 3502 5805 Martyrio

1892 5804 2153 5880 inscripto
2171 5846 2187 5874 ,
2224 5804 2447 5877 stropha
2476 5803 2546 5863 b9
2570 5843 2588 5874 ,
2633 5803 2738 5862 100
2760 5845 2779 5876 ,
2805 5814 2912 5862 etc.
