4066 6424
547 337 654 395 835

1272 330 1341 388 IN
1378 328 1637 389 lllLARll
1678 326 1897 387 EPIST.
1943 324 2073 384 εει]
2115 315 2171 381 ill

2283 325 2341 380 n.
2390 321 2847 383 uissenrsrto
2882 285 3117 378 ΡιιιιιΑ.

3750 318 3891 376 8ῗ6

620 456 711 512 28.
759 455 934 525 Atque
960 450 1026 508 ad
1049 466 1137 513 ea.
1164 462 1286 521 qure
1315 464 1381 505 ex
1415 446 1762 503 multitudine
1795 445 2054 510 ferarum,
2087 450 2149 499 ac
2176 449 2225 508 Α
2256 454 2352 511 per
2383 439 2472 495 illa
2502 438 2723 511 quidem
2750 440 2897 510 ipsos
2927 450 3218 504 terrenus,
3251 449 3346 508 per
3371 435 3488 491 haec
3514 443 3696 491 autem
3725 452 3890 491 eru-

550 548 883 619 serpentium
909 560 937 599 a
971 544 1081 599 Deo
1108 542 1452 600 conditorum
1486 541 1701 611 objecta
1731 547 1894 602 sunt,
1936 537 2151 607 vulgata

550 640 800 713 quidem,
831 637 926 694 sed
958 652 1068 693 non
1121 633 1477 707 improbanda
1529 631 1813 705 responsio
1858 629 1977 686 hac
2031 636 2151 697 est,

550 750 734 807 quam,
761 733 810 790 si
832 733 935 798 vis,
965 732 1291 789 coniirmare
1317 727 1604 786 commode
1627 735 1781 799 potes
1808 724 1907 790 iis,
1935 730 2056 795 qua:
2084 734 2151 778 ex

553 826 877 883 Theodoreti
904 823 1207 896 quastione
1240 839 1371 879 xvut
1419 822 1473 877 in
1495 819 1751 877 Genesim
1773 818 2031 888 deinceps
2059 814 2155 871 ad-

551 920 932 1067 “ignitum
960 1021 1102 1064 nunc
1140 1005 1210 1061 ad
1241 1019 1303 1060 ea
1333 1001 1666 1061 Theodoreti
1709 1000 1897 1063 verba,
1927 1007 2048 1070 qua
2086 1012 2155 1054 ex

551 1107 850 1178 quaestione
887 1119 956 1160 xx
1003 1104 1054 1157 in
1087 1099 1341 1158 Genesim
1375 1104 1804 1169 excerpserunt,
1847 1101 2011 1165 atque
2062 1090 2159 1147 ad-

550 1214 745 1256 versus
775 1212 874 1253 nos
902 1202 1179 1251 urseruut.
1212 1191 1413 1247 Fatear
1455 1204 1617 1261 porro
1652 1189 1833 1243 statim
1861 1210 1877 1252 ,~
1904 1193 1993 1242 me
2034 1198 2156 1240 eum

554 1292 673 1349 haec
726 1291 779 1346 iu
829 1288 1106 1345 veteribus
1135 1284 1465 1342 editionibus
1496 1284 1599 1354 legi
1627 1320 1641 1346 ,
1687 1279 1935 1336 nonnihil
1988 1276 2159 1333 fuisse

551 1392 884 1443 commotum
937 1400 950 1437 :
993 1381 1353 1439 adversantur
1403 1379 1547 1434 enim
1589 1379 1691 1433 ista
1722 1386 1829 1431 uOn
1862 1372 2023 1428 modo
2057 1371 2158 1427 Pa-

555 1481 728 1538 tribus
754 1479 823 1535 iis
845 1512 861 1545 ,
890 1492 1026 1549 quos
1063 1474 1323 1545 ailegavi,
1352 1486 1539 1527 verum
1586 1471 1749 1526 etiam
1799 1465 2151 1523 Theodoreto

554 1574 693 1644 ipsi,
740 1572 831 1642 qui
871 1579 927 1627 et
956 1570 1008 1623 in
1040 1564 1457 1624 Commentariis
1480 1563 1534 1619 in
1569 1562 1863 1634 Epistulam
1896 1558 1941 1614 Ii
1966 1558 2033 1611 ad
2059 1558 2161 1613 ilo-

555 1663 810 1730 rinthios,
840 1678 962 1734 qua:
991 1658 1383 1716 Dissertatione
1407 1654 1474 1710 Ill
1496 1653 1743 1718 afferam,
1771 1661 1827 1709 et
1854 1652 1906 1705 iu
1928 1662 1991 1706 ea
2019 1649 2158 1720 ipsa,

554 1775 716 1829 quam
756 1756 1062 1827 allegaruut
1087 1795 1103 1821 ,
1147 1752 1448 1824 quaestione
1479 1764 1545 1804 xx
1576 1752 1627 1802 in
1655 1745 1912 1803 Genesim
1957 1742 2041 1817 (si
2069 1758 2163 1797 ve-

2255 532 2468 596 dimuii;
2500 544 2729 604 utraque
2781 538 2912 588 vero
2960 531 3224 597 far-imus,
3256 529 3595 586 honestatem
3635 534 3888 584 omnem

2255 628 2335 684 eis
2362 634 2732 698 procurantes.
2770 625 2904 682 Cum
2936 626 3096 697 igitur
3126 624 3389 680 Dominus
3429 623 3568 680 Deus
3603 620 3891 678 animado

2256 723 2544 789 vertisset,
2575 734 2676 778 nos
2703 721 2768 775 ad
2802 720 3068 791 ignaviam
3098 720 3386 788 proclives,
3420 716 3639 785 bestias,
3680 728 3743 773 et
3773 731 3887 772 re-

2258 817 2411 889 ptilia
2442 817 2591 888 prius
2633 815 2913 879 condidit,
2938 815 3104 871 veluti
3136 816 3246 870 lora
3293 810 3539 885 Quaedam
3564 852 3577 874 ,
3606 808 3666 867 et
3690 810 3890 867 terri-

2257 910 2563 966 cnlameuta
2598 928 2613 966 :
2645 920 2702 965 ut
2748 925 2845 981 per
2874 922 2937 964 ea
2967 924 3065 965 nos
3095 917 3310 964 terrens
3350 906 3417 963 ad
3467 916 3527 963 se
3572 904 3839 962 traheret
3867 928 3887 971 δ

2258 1015 2420 1076 atque
2449 1004 2568 1074 ejus
2597 1003 2860 1059 auxilium
2902 1002 3338 1074 imploraremus.
3397 1004 3469 1058 At
3506 998 3893 1070 quemadnto-

2258 1098 2386 1155 dum
2409 1099 2498 1168 qui
2540 1097 2837 1170 perfectam
2865 1104 3083 1153 aetatem
3119 1094 3896 1168 attigerunt,terriculamen-

2262 1203 2310 1248 ta
2359 1192 2703 1263 huiusmodi,
2761 1196 2818 1248 et
2860 1191 3363 1247 iora‘coutemnunt
3394 1208 3408 1241 :
3437 1190 3517 1246 sic
3543 1188 3635 1261 qui
3664 1189 3716 1244 iu
3749 1187 3895 1241 vir-

2262 1295 2374 1341 tute
2405 1285 2618 1342 educati
2663 1292 2825 1353 sunt,
2875 1284 3174 1341 bestiarum
3216 1283 3464 1339 incursus
3496 1279 3716 1338 minime
3758 1279 3896 1334 for—

2261 1380 2487 1437 midant.
2535 1377 2812 1449 Siquidem
2844 1378 2974 1434 Adae
2996 1419 3013 1446 ,
3058 1378 3210 1449 prius
3233 1376 3396 1449 quain
3424 1378 3699 1447 peccasset
3725 1410 3745 1439 ,
3784 1388 3897 1427 as-

2260 1475 2524 1531 sistebant
2569 1470 2756 1528 besiizr.
2785 1471 3104 1543 obsequium
3137 1472 3468 1528 deterentes.
3500 1459 3562 1527 Et
3600 1476 3844 1526 rursum
3874 1513 3893 1536 ,

2262 1571 2437 1639 ipsum
2470 1555 3002 1639 Noeingredieuieni
3034 1567 3264 1630 Arcam,
3294 1566 3403 1632 leo,
3437 1565 3656 1636 partitis,
3692 1572 3753 1619 et
3794 1577 3899 1618 re-

2265 1662 2413 1735 ptiliu
2435 1662 2775 1718 atrocissima
2807 1674 3057 1732 qumque,
3086 1660 3268 1715 ovium
3303 1668 3452 1715 mure
3474 1648 3898 1729 Sequebantur.

2266 1757 2331 1813 Et
2362 1754 2570 1811 Danieli
2601 1754 2828 1809 aderant
2861 1753 3081 1819 leones,
3118 1752 3206 1824 qtti
3226 1795 3240 1821 ,
3269 1750 3471 1823 alioqui
3495 1750 3756 1813 famelici,
3792 1762 3904 1803 ac-

557 1861 756 1906 tustam
781 1848 891 1903 Pici
918 1845 1212 1901 editionem
1238 1836 1627 1913 sequimur),id
1657 1839 1857 1908 ipsum,
1889 1834 2034 1906 quod
2062 1848 2160 1887 nos
2192 1840 2238 1902 Β
2266 1852 2461 1908 cedere
2493 1860 2673 1905 "me"
2702 1847 2771 1902 ad
2794 1854 2917 1903 eum
2946 1860 3052 1902 ηηη
3082 1846 3353 1902 audebam
3375 1886 3390 1912 ν
3423 1856 3491 1901 θα
3514 1844 3657 1914 quod
3688 1844 3746 1897 δη
3789 1842 3903 1897 mo

556 1939 908 2008 tradidimus,
942 1937 1139 2002 docet,
1174 1936 1289 1990 Inec
1324 1933 1543 2003 scriptis
1574 1930 1852 2002 prodens:
1897 1944 1915 1981 ι
1946 1927 2002 1984 Si
2033 1940 2162 1997 ergo

556 2034 648 2105 qui
679 2048 784 2088 non
812 2022 973 2088 debet
998 2029 1177 2085 velare
1202 2035 1385 2097 caput,
1429 2027 1607 2095 imago
1641 2022 1738 2078 Dei
1768 2033 1849 2077 est
1871 2062 1885 2085 ,
1921 2018 2163 2091 profecto

556 2146 680 2203 quae
708 2128 922 2184 velatur
941 2167 956 2193 ,
1010 2120 1117 2180 non
1149 2132 1234 2179 est
1260 2125 1439 2191 imago
1469 2120 1597 2183 Dei,
1645 2116 1892 2188 quamvis
1918 2112 2162 2194 ejusdem

555 2225 750 2295 animo:
780 2222 851 2278 sit
881 2221 1174 2291 particeps.
1207 2213 1494 2284 Quomodo
1523 2226 1655 2281 ergo
1681 2211 1845 2265 homo
1872 2220 1956 2263 est
1986 2208 2165 2276 imago

560 2316 694 2374 Dei?
724 2315 1020 2372 secundum
1071 2308 1447 2383 imperium~et
1476 2314 1825 2377 poteStatem.
1857 2300 2010 2369 Quod
2043 2314 2168 2368 per-

562 2411 754 2467 hibere
791 2410 1006 2463 videtur
1033 2408 1197 2461 etiam
1227 2418 1333 2459 vox
1364 2399 1546 2456 divina
1566 2442 1582 2466 ,
1611 2412 1731 2468 quas
1765 2396 1897 2451 dicit
1930 2412 1943 2450 :
1979 2393 2169 2450 Facia-

561 2522 676 2560 mus
704 2504 963 2559 hominem
987 2499 1054 2554 ad
1082 2499 1391 2571 imaginem,
1424 2503 1473 2549 et
1496 2490 1887 2546 similitudinem
1912 2497 2163 2542 nostram.

565 2598 631 2653 Et
682 2597 900 2651 modum
944 2592 1281 2664 subjungens
1328 2589 1402 2644 ait
1445 2584 1560 2641 :Et
1609 2585 1899 2638 dominetur
1942 2579 2168 2650 piscibus

564 2691 744 2756 muris,
776 2699 825 2746 ei
847 2687 1139 2743 volatilibus
1165 2686 1314 2748 curii,
1345 2693 1391 2739 et
1416 2682 1589 2737 bestiis
1621 2691 1771 2734 terra
1798 2712 1813 2740 ε
1844 2688 1903 2733 et
1932 2664 2165 2746 reliqua.

565 2786 1030 2856 Quemadmodum
1092 2784 1236 2841 enim
1288 2782 1428 2837 Deus
1476 2776 1730 2835 omnibus
1780 2774 2041 2843 imperat,-
2089 2769 2169 2825 sic

568 2883 733 2937 homo
777 2880 877 2947 iis,
909 2895 1029 2951 qua!
1077 2886 1204 2933 sunt
1249 2891 1413 2945 super
1465 2882 1683 2929 terram.
1721 2871 1791 2925 At
1817 2867 2168 2939 quamobrem

562 2974 765 3032 mulier
795 2990 906 3030 non
933 2973 1244 3027 dominatur
1293 2963 1569 3039 praedictis
1595 3006 1611 3031 ,
1659 2962 1753 3019 sed
1801 2960 1975 3016 virum
2009 2957 2172 3013 habet

565 3086 662 3143 pro
689 3072 890 3143 capite,
924 3085 1043 3138 qua:
1076 3078 1258 3123 tamen
1290 3063 1500 3133 reliqua
1531 3061 1632 3115 sub
1663 3063 1933 3129 potestate
1973 3061 2122 3109 tenet
2153 3068 2169 3107 :

564 3167 646 3222 vir
670 3175 848 3221 autem
872 3179 982 3219 non
1013 3161 1287 3231 subjectus
1312 3168 1396 3213 est
1425 3154 1637 3210 mulieri
1654 3150 1919 3205 irVerum
1941 3144 2166 3202 dubium

2266 1945 2543 2014 Speeimen
2574 1940 2846 2012 quoddam
2869 1940 3107 1995 divinam
3136 1939 3421 2009 imaginem
3456 1952 3567 2009 pra:
3600 1948 3663 1992 se
3691 1938 3900 1992 ferens

2269 2037 2669 2106 censpicereut.
2701 2034 2891 2089 itidem
2922 2036 3126 2106 vipera,
3156 2047 3278 2105 qua:
3311 2032 3508 2087 dentes
3532 2028 3812 2101 inje'tera‘t
3840 2029 3901 2085 in

2271 2138 2488 2189 manum
2518 2127 2799 2200 Apostoli,
2849 2124 2975 2184 eum
3018 2122 3153 2185 nihil
3204 2126 3410 2199 peccati
3460 2118 3707 2184 tenerum
3735 2167 3756 2191 ,
3792 2131 3901 2179 aut

2272 2226 2436 2282 molle
2465 2224 2516 2279 in
2548 2239 2614 2280 eo
2648 2223 2975 2295 reperisset;
3011 2230 3132 2278 max
3162 2212 3393 2287 resiliit;
3436 2228 3492 2276 et
3519 2217 3573 2274 id
3602 2217 3796 2288 ignem
3833 2231 3899 2272 se

2272 2321 2540 2393 coniecit,
2589 2309 2912 2394 suppiicinm
2959 2316 3365 2390 quodammodo
3408 2314 3479 2372 de
3522 2324 3581 2370 se
3618 2312 3741 2385 ipsa
3796 2318 3901 2367 Su-

2272 2426 2448 2479 metrs,
2483 2414 2626 2486 quod
2650 2420 2849 2485 corpus
2878 2400 2980 2469 sibi
3003 2412 3313 2468 nullatenus
3335 2410 3663 2466 conveniens
3686 2406 3896 2462 adut-ta

2274 2520 2437 2565 esset.
2472 2509 2581 2562 Nos
2611 2516 2794 2563 autem
2819 2506 2942 2563 ideo
2970 2507 3173 2563 bestias
3201 2500 3587 2565 formidamus.
3616 2500 3747 2573 quis
3776 2502 3900 2556 vir.

2276 2611 2388 2658 tute
2418 2600 2657 2671 praeditis
2685 2600 2928 2656 moribus
2952 2614 3058 2653 non
3089 2607 3298 2654 sumus.
3328 2596 3394 2651 Et
3420 2596 3493 2653 ob
3520 2593 3571 2650 id
3615 2594 3767 2650 Deus
3800 2602 3899 2650 80'-

2274 2694 2521 2750 eordium
2545 2696 2710 2751 etiam
2733 2693 3015 2750 hominum
3043 2704 3230 2748 curam
3258 2700 3461 2763 agens;
3487 2698 3581 2746 eas
3604 2686 3659 2744 in
3697 2696 3900 2744 remo-

2279 2788 2414 2843 tiora
2444 2789 2560 2843 lbos
2591 2788 2886 2857 relegavit,
2921 2794 2975 2842 et
3000 2787 3065 2842 iis
3090 2792 3421 2842 nocturnum
3446 2788 3661 2853 tempus
3694 2780 3767 2836 ad
3799 2792 3903 2837 es.

2276 2895 2395 2937 eam
2422 2879 2769 2952 quarendaui
2797 2879 3023 2952 largitus
3043 2888 3121 2935 est
3145 2895 3160 2935 :
3180 2877 3244 2933 In
3272 2878 3387 2950 ipsa
3410 2878 3544 2933 enim
3568 2880 3733 2943 nocte,
3772 2874 3857 2931 ait
3881 2915 3898 2942 ,

2279 2970 2657 3046 pertransibunt
2686 2986 2860 3030 omnes
2888 2974 3061 3029 bestiis
3080 2973 3242 3028 silva.
3275 2959 3579 3043 Reptiiibtts
3606 2972 3741 3025 vero
3782 2978 3898 3021 an;

2281 3078 2361 3122 ira
2393 3079 2551 3123 terrm
2584 3067 2811 3138 prmbttit
2832 3108 2845 3129 ,
2883 3075 2942 3121 ιιι
2975 3065 3030 3120 in
3059 3064 3141 3121 eis
3168 3065 3389 3120 latentia
3430 3062 3667 3118 humano
3693 3061 3899 3132 generi

2283 3177 2391 3216 non
2416 3170 2671 3217 noceant.
2703 3162 2775 3216 At
2794 3168 2863 3216 ne
2888 3159 3126 3226 bestias,-
3156 3159 3305 3215 vetui
3347 3159 3418 3214 ab
3457 3156 3543 3214 his
3569 3160 3801 3227 informs
3830 3156 3901 3211 il-

566 3276 730 3316 omne
757 3259 983 3328 deposui
1008 3297 1025 3322 ,
1056 3270 1221 3326 quum
1252 3251 1415 3308 didici
1440 3265 1507 3303 ex
1536 3243 1848 3308 Sirmondo,
1873 3242 2029 3312 cujus
2056 3236 2171 3294 edi-

2281 3256 2392 3313 itesi
2416 3299 2430 3323 ,
2456 3252 2896 3322 contemnamus,
2920 3254 3071 3325 quasi
3101 3252 3260 3309 nobis
3283 3251 3506 3308 minime
3528 3252 3726 3307 nocere
3751 3260 3900 3321 pos-

566 3354 768 3409 tionem
802 3360 988 3422 postea
1015 3347 1285 3411 consului,
1323 3355 1565 3400 veterem
1594 3337 1889 3395 editionem
1914 3350 2035 3391 esse
2061 3347 2179 3388 cor-

569 3454 809 3514 ruptam.
849 3441 1061 3497 Etenim
1095 3442 1145 3494 in
1183 3436 1500 3508 praefatione
1529 3431 1672 3488 idem
1704 3431 2027 3485 Sirmondus
2061 3437 2177 3480 mo-

570 3547 694 3600 net,
727 3540 779 3591 iu
808 3534 1051 3590 codicem
1091 3547 1216 3588 eum
1245 3572 1259 3596 ,
1289 3544 1396 3600 quo
1423 3540 1554 3584 usus
1581 3532 1666 3581 est
1697 3524 1859 3579 Picus
1879 3563 1895 3589 ,
1924 3530 1982 3575 ut
2022 3533 2176 3591 quae-

573 3629 780 3685 stiones
807 3626 905 3682 has
937 3626 1205 3680 latinitate
1235 3622 1497 3687 donaret,
1526 3626 1582 3673 et
1608 3615 1912 3689 prmserlim
1946 3614 1998 3668 in
2031 3627 2175 3680 eam,

571 3722 639 3779 de
671 3736 777 3793 qua
826 3719 1037 3789 agimus
1061 3758 1078 3785 ,
1106 3714 1466 3788 quaestionem
1498 3728 1571 3768 xx
1601 3710 1768 3767 multa
1800 3706 2086 3777 irrepsisse
2110 3718 2178 3760 ex

575 3813 813 3886 antiquis
837 3809 1081 3878 Catenis,
1101 3800 1330 3881 quarum
1355 3804 1648 3862 auctoritas
1676 3844 1691 3870 ,
1730 3800 1806 3856 uti
1843 3813 2033 3855 omnes
2081 3812 2180 3850 no-

569 3919 741 3973 runt,
788 3921 896 3961 non
948 3902 1236 3959 admodum
1294 3897 1473 3971 gravis
1524 3906 1627 3953 est.
1677 3893 1847 3950 Addit
1883 3890 2179 3964 permixtas

573 4000 742 4058 fuisse
771 4001 823 4054 in
854 3998 969 4055 Pici
1002 3996 1243 4052 editione
1270 4009 1393 4049 cum
1420 3991 1691 4048 sententia
1719 3985 2053 4044 Theodoreti
2086 4000 2179 4039 eas

572 4097 737 4167 ipsas,
769 4109 905 4165 quas
937 4092 1029 4147 ille
1056 4091 1253 4160 rejicit,
1286 4086 1536 4157 Origenis
1564 4099 1762 4154 nempe
1784 4125 1800 4150 ,
1835 4079 2097 4146 Diodori,
2124 4083 2181 4133 et

572 4186 868 4247 Theodori.
925 4184 1180 4255 Adjicere
1250 4183 1413 4236 etiam
1464 4179 1599 4234 alias
1650 4184 1895 4248 poterat,
1949 4173 2181 4242 ideoque

573 4298 694 4338 eam
721 4324 736 4346 ,
784 4280 851 4336 de
881 4293 985 4350 qua
1034 4276 1355 4333 disserimus
1378 4316 1397 4344 ,
1419 4287 1541 4329 cum
1573 4272 1732 4342 hujus
1774 4265 2082 4338 opinionis,
2124 4274 2182 4319 nt

575 4389 699 4429 mox
727 4372 903 4428 dicam
926 4413 942 4439 ,
974 4370 1182 4425 nullum
1228 4376 1484 4438 appareat
1528 4364 1582 4419 in
1613 4363 1887 4420 Sit-monili
1937 4358 2182 4416 editione

577 4466 883 4539 vestigium.
929 4465 1107 4536 Atque
1136 4478 1200 4520 ea
1229 4461 1447 4531 quidem
1496 4457 1774 4515 Sirmoudi
1818 4456 1987 4533 editio
2017 4469 2183 4525 super

577 4559 960 4632 probatissimo
1005 4559 1155 4626 regio
1183 4552 1374 4609 codice
1423 4551 1707 4627 elaborata
1757 4558 1862 4604 est.
1898 4547 1999 4605 Ubi
2052 4562 2184 4602 vero

2282 3350 2426 3417 sint,
2475 3358 2864 3418 nonnunquam
2895 3348 3034 3403 duos
3084 3354 3179 3402 aut
3226 3357 3339 3402 tres
3365 3360 3396 3402 e
3425 3344 3607 3400 inuitis
3644 3342 3902 3398 millibus

2282 3442 2367 3498 vel
2397 3452 2424 3495 τι
2449 3440 2830 3513 scorpionibus
2855 3439 3053 3511 pungi,
3087 3447 3179 3494 aut
3205 3455 3233 3493 a
3265 3437 3612 3509 serpentibus
3644 3434 3903 3490 morderi

2284 3536 2548 3609 permittit
2578 3535 2625 3591 is
2648 3577 2663 3603 ,
2696 3536 2786 3606 qui
2828 3534 3106 3605 sapienter
3130 3546 3218 3588 res
3244 3538 3458 3587 nostras
3489 3531 3751 3602 gubernat
3776 3522 3795 3595 έ
3841 3526 3905 3583 ut

2285 3644 2386 3687 nos
2412 3629 2590 3695 veriti,
2625 3642 2694 3685 ne
2714 3628 2842 3701 quid
2863 3627 3041 3684 simile
3071 3624 3360 3697 patiamur,
3390 3624 3559 3681 Deum
3585 3619 3904 3679 creatorem

2286 3723 2339 3777 iu
2372 3720 2629 3775 auxilium
2663 3721 2980 3776 invocemus
3005 3761 3020 3784 ,
3053 3719 3403 3775 obsecrantes
3433 3724 3492 3772 ut
3522 3715 3608 3770 illa
3643 3713 3903 3768 omnium

2286 3814 2552 3870 malorum
2579 3813 2884 3884 depultrice
2908 3811 3243 3884 providentia
3259 3822 3358 3865 nos
3376 3806 3902 3866 tueatur.Pr:etierca

2284 3918 2344 3963 et
2372 3906 2437 3962 ad
2462 3906 2584 3971 aiia,
2615 3905 2803 3962 bestia:
2830 3919 2937 3961 non
2964 3912 3091 3959 sunt
3116 3902 3276 3959 nobis
3297 3901 3535 3957 inutiles.-
3564 3898 3699 3954 Nam
3721 3884 3793 3954 ex
3819 3898 3907 3954 eis

2287 3999 2479 4054 Medici
2525 3996 2817 4070 pharmace”
2850 4013 2956 4054 nou
3002 4000 3167 4067 pauca
3209 4001 3542 4064 componunt
3571 3991 3636 4046 ad
3671 3991 3906 4047 morbos

2289 4090 2709 4162 propulsandae.
2732 4088 2905 4145 Nemo
2932 4090 3095 4161 igitur
3117 4086 3304 4144 bestiis
3327 4100 3423 4159 per
3452 4100 3512 4142 se
3531 4083 3906 4140 consideratis

2285 4183 2358 4237 de
2401 4190 2653 4238 creatore
2695 4189 3097 4253 conqueratur,
3127 4177 3225 4235 sed
3256 4180 3543 4234 utilitatem
3577 4178 3902 4246 investiget.

2285 4275 2570 4346 Siquidem
2600 4275 2778 4347 ipsum
2831 4275 2995 4331 etiam
3041 4288 3243 4345 corpus
3297 4272 3595 4327 humanum
3650 4271 3902 4342 quau-vis

2287 4366 2628 4435 formosum,
2675 4376 3072 4439 temperatum,
3116 4375 3171 4423 et
3197 4365 3345 4422 varia
3378 4366 3611 4437 partium
3668 4363 3901 4419 utilitate

2292 4461 2577 4532 praeditum
2597 4498 2615 4529 ,
2666 4476 2823 4516 muco
2875 4471 3055 4518 tamen
3076 4501 3095 4529 ,
3123 4468 3181 4517 et
3222 4470 3381 4531 sputo
3405 4500 3420 4526 ,
3452 4476 3517 4516 ac
3542 4458 3732 4517 fmtido
3757 4470 3900 4514 Ster-

2287 4570 2444 4623 core,
2477 4553 2627 4626 quod
2651 4554 2928 4623 excert‘iit,
2958 4569 3064 4610 non
3092 4563 3308 4610 caret...
3344 4553 3425 4610 Ad
3458 4554 3603 4610 hune
3621 4569 3754 4626 ergo
3781 4567 3898 4609 mo-

576 4652 934 4725 qutestionetu
963 4650 1133 4720 ipsam
1162 4662 1233 4701 xx
1264 4644 1409 4711 edit,
1444 4641 1578 4698 nihil
1606 4657 1793 4697 eorum
1834 4639 1996 4696 tradit
2017 4681 2035 4709 ,
2061 4653 2171 4710 qua

2288 4649 2422 4706 dum
2451 4659 2503 4705 ct
2531 4647 2762 4704 aliorum
2795 4648 3215 4721 unumquodque
3236 4650 3613 4704 erathinamus
3635 4690 3651 4714 ,
3682 4662 3789 4704 non
3819 4648 3900 4720 ip-

581 4744 794 4816 objecta
844 4751 1009 4807 sunt,
1037 4754 1159 4811 quae
1198 4746 1491 4810 propterea
1518 4731 1759 4790 addililin
1794 4748 1913 4789 esse
1945 4742 2181 4788 constat.

592 4837 672 4893 Ad
708 4837 821 4890 hinc
849 4834 941 4909 (ut
982 4832 1191 4904 reliqua
1220 4831 1384 4886 etiam
1427 4824 1752 4897 omittam),
1783 4842 1844 4882 ea
1887 4818 2183 4881 tradiderat

580 4926 959 4985 Theodoretus
996 4925 1302 4996 qumstione
1347 4937 1480 4978 XVIIt
1529 4924 1581 4977 in
1613 4918 1870 4978 Genesim
1893 4961 1908 4987 ,
1941 4935 2060 4990 qua:
2106 4921 2181 4974 uti

583 5023 777 5077 mirum
815 5016 869 5074 iu
902 5022 1120 5073 modum
1148 5017 1474 5073 sententiam
1508 5014 1748 5069 nostram
1785 5014 2178 5083 comprobant,

579 5117 653 5171 ita
686 5113 974 5169 manifesto
1019 5111 1086 5166 iis
1111 5110 1469 5165 adversantur
1491 5150 1508 5177 ,
1534 5122 1658 5179 quae
1682 5106 1894 5178 objecta
1924 5114 2070 5162 sunt.
2097 5107 2180 5161 An

580 5208 980 5266 Theodoretum
1012 5206 1184 5261 virum
1209 5219 1428 5277 gravem
1449 5245 1465 5269 ,
1495 5213 1549 5260 et
1575 5204 1712 5274 apud
1756 5212 1969 5261 veteres
1994 5202 2180 5259 lauda-

582 5304 847 5357 tissintum
894 5297 983 5354 hic
1012 5306 1120 5353 tam
1170 5298 1374 5352 [utilem
1405 5311 1596 5352 censes
1616 5336 1632 5363 ,
1661 5304 1718 5369 ut
1760 5293 1865 5351 levi
1890 5295 2183 5350 intervallo

581 5398 848 5454 contraria
880 5392 1185 5465 pr0ponut?
1210 5391 1317 5448 Sed
1354 5404 1538 5460 opera:
1565 5386 1794 5457 pretium
1826 5404 1950 5442 reor
1981 5389 2179 5458 ipSam,

583 5500 743 5561 quam
774 5488 887 5544 dixi
909 5529 925 5555 ,
957 5501 1089 5542 xvm
1117 5481 1451 5540 Theodereti'
1469 5479 1826 5551 qumsﬂonetn
1851 5482 1905 5535 in
1938 5478 2183 5536 Genuum

583 5582 806 5640 Pectoris
829 5578 1004 5638 oculis
1039 5572 1351 5648 Subﬁcere‘,
1396 5583 1459 5629 ιιι
1505 5574 1575 5629 εἰ
1612 5582 1687 5628 ειν
1723 5570 2072 5643 apertissime
2094 5572 2194 5630 me

583 5680 714 5733 vera
741 5670 1099 5748 pr'Oposnisse
1124 5663 1411 5741 dignoscat'
1427 5658 1494 5720 πεί
1516 5660 1879 5736 interrogatio
1912 5680 2066 5720 xvtn.
2102 5664 2184 5722 Ad

587 5771 714 5842 quid
744 5770 887 5824 Deus
910 5750 1121 5824 ereavit
1134 5758 1360 5828 bestias,
1386 5770 1443 5817 et
1469 5758 1727 5832 reptilia?
1761 5758 1920 5814 Pueri
1943 5768 2055 5815 tum
2078 5768 2187 5816 ter-

593 5862 983 5927 t'iculatnentis,
1014 5868 1124 5915 tum
1152 5857 1319 5915 eum
1347 5856 1479 5912 iam
1497 5880 1528 5923 ,-
1555 5856 1617 5912 et—
1636 5854 1800 5928 vtrﬁs
1824 5854 2087 5927 indigent.
2118 5850 2199 5913 Et

2288 4760 2414 4801 sum
2442 4760 2538 4815 per
2582 4759 2643 4800 se
2687 4743 3136 4811 considerantes,
3183 4744 3477 4800 uoxiumnc
3516 4743 3620 4811 sit,
3651 4759 3720 4798 an
3749 4759 3900 4799 com-

2297 4838 2513 4891 modum
2540 4852 2556 4903 ;
2586 4837 2682 4892 sed
2714 4853 2781 4890 an
2827 4837 3062 4906 aliquam
3095 4835 3350 4892 universo
3379 4837 3666 4892 utiiit'atem
3709 4835 3895 4892 conie-

2292 4937 2398 4987 rat.
2425 4930 2557 4985 Nam
2584 4938 2645 4984 et
2669 4927 2799 4986 ferae
2830 4930 3103 4986 hominem
3128 4936 3451 4985 reverentur
3489 4939 3715 5001 propter
3741 4930 3897 4985 ειιιτίό

2291 5023 2475 5078 butam
2520 5021 2599 5076 illi
2629 5023 2700 5077 ab
2731 5023 2887 5078 initio
2935 5022 2989 5078 in
3037 5024 3180 5094 ipsas
3229 5026 3576 5094 potestatem.
3627 5022 3897 5077 interdum

2291 5126 2476 5171 tamen
2509 5114 2657 5170 illum
2688 5116 2835 5172 velut
2863 5116 3061 5172 divinae
3105 5116 3243 5187 legis
3270 5117 3749 5187 prevaricatorem
3771 5124 3900 5172 oon;

2289 5216 2584 5272 temnunt,
2636 5208 3092 5281 quemadmodum
3138 5210 3371 5281 improbi
3423 5210 3571 5266 servi
3621 5210 3900 5283 despicere

2294 5302 2419 5359 illos
2449 5304 2662 5371 solent,
2697 5306 2788 5376 qui
2816 5321 2913 5360 eos
2932 5319 3122 5376 regere
3164 5308 3195 5360 ιι
3226 5304 3468 5363 Dominis
3489 5308 3626 5379 jussi
3653 5316 3779 5363 sunt
3801 5351 3816 5373 ,
3857 5306 3900 5362 si

2289 5412 2393 5452 eos
2420 5398 2657 5454 viderint
2699 5399 2951 5457 admissis
2975 5402 3295 5459 criminibus
3339 5403 3724 5458 auctoritatem
3761 5403 3897 5458 ami-

2292 5488 2458 5545 sisse.
2501 5502 2523 5542 ι
2574 5490 2639 5547 Et
2670 5490 2739 5549 de
2768 5491 3118 5552 Theudoreto
3160 5494 3442 5553 hactenus.
3472 5476 3685 5553 eastern
3714 5496 3900 5569 prose-

2288 5580 2547 5650 q'uamur.

2375 5660 2467 5731 30'.
2497 5675 2559 5743 Si
2586 5666 2855 5734 interdum
2902 5677 3069 5749 rem,
3096 5676 3491 5754 serpentesque
3533 5699 3633 5739 nos
3661 5676 3899 5749 terrent,

2300 5780 2469 5840 atque
2492 5784 2589 5826 eos
2629 5770 2914 5843 eiTugimus
2934 5814 2949 5841 ,
2978 5772 3033 5830 id
3061 5788 3164 5832 nec
3190 5775 3387 5849 ubique
3414 5817 3430 5844 ,
3462 5792 3566 5835 nec
3593 5784 3901 5835 constanter

2262 5876 2267 5879 λ
2304 5862 2399 5927 tit,
2434 5877 2536 5919 nec
2565 5879 2730 5934 quum
2758 5864 2836 5932 lit,
2867 5865 3146 5936 ostendit,
3178 5884 3238 5925 re
3269 5882 3394 5926 vera
3423 5867 3679 5927 bonum!
3705 5868 3902 5927 anima—

2244 6040 2272 6057 ‘-
