4066 6424
500 289 605 346 839
1190 282 1260 342 IN
1300 280 1559 340 HILARH
1598 280 1817 339 EPIST.
1861 279 1994 336 SEU
2035 278 2256 338 LIBEL.
2301 276 2750 337 DISSER'I‘ATIO
2785 274 3123 335 SECUNDA.
3701 267 3831 329 840

501 441 607 497 que
652 423 888 492 deteget,
939 419 984 474 si
1027 427 1233 474 natura:
1279 433 1444 490 opera
1498 416 1828 486 diligentius,
1885 429 2109 470 accura—

2244 411 2301 449 ur
2336 394 2615 463 conceptis
2641 392 2863 448 verbis:
2905 391 3029 462 Ipse
3071 391 3226 454 dixit,
3273 399 3322 444 et
3366 393 3506 462 facta
3533 399 3671 456 sunt,
3701 391 3840 459 ipse

505 481 714 588 ιξυειμιο
745 481 1076 570 "ng-vah“.
1315 481 1331 490 ’
1599 481 1622 486 ⁷
2210 487 2494 550 mandavit,
2526 496 2573 540 et
2595 495 2765 539 creata
2793 493 2933 539 sunt.
2971 483 3028 540 Si
3058 482 3205 537 enim
3236 481 3378 537 Deus
3402 481 3583 551 jussit,
3617 491 3669 537 et
3725 495 3839 536 res

2210 588 2406 636 creata:
2435 587 2560 632 sunt
2585 595 2597 631 :
2630 591 2789 648 quem
2820 575 2970 646 juxta
2996 584 3232 630 mentem
3260 572 3560 644 proiihetici
3586 574 3838 643 spiritus

2212 673 2522 744 putabimus
2568 674 2673 727 tale
2722 671 2896 725 Patris
2945 669 3228 740 imperium
3275 669 3496 736 exsequi
3547 667 3836 737 potuisse,

2211 774 2410 835 praeter
2439 780 2586 828 eum,
2617 764 2708 832 qui
2737 761 2970 818 Verbum
3001 770 3104 828 est,
3135 768 3194 815 ut
3240 761 3311 815 ita
3352 759 3556 829 loquar,
3603 760 3843 815 anima‘

2213 868 2350 924 tum,
2383 869 2437 914 et
2472 856 2721 912 Veritas?
2756 875 2774 908 ι

2285 953 2339 1008 6.
2368 952 2546 1021 Quid?
2592 950 2734 1022 quod
2788 965 2880 1006 sex
2917 949 2993 1003 illi
3037 949 3311 1019 Ei'ismpi,
3365 949 3455 1019 qui
3486 947 3552 1002 ad
3580 947 3840 1003 Paulum

2214 1045 2649 1104 SamOsatenum.
2702 1052 2994 1114 antequam
3046 1044 3099 1098 in
3163 1041 3409 1098 ordinent
3459 1041 3845 1112 redigeretur,

908 670 1360 730 DISSERTATIO
1400 668 1743 728 SECUNDA.

507 813 591 869 Ad
615 813 709 868 illa
739 811 924 880 capitis
950 826 984 860 ν
1014 810 1158 884 (col.
1194 807 1318 871 756,
1354 825 1408 861 η.
1456 804 1586 876 87):
1621 820 1706 860 DEI
1756 819 1928 859 riuus
1977 817 2110 856 necs

583 923 812 965 ΑΒΤΙΙιΊζΧ
843 922 1016 962 PATBE
1055 920 1290 961 JUBENTE
1321 915 1638 958 MODERATUS
1679 914 1794 953 EST.
1852 895 1985 951 Item
2044 895 2112 950 ad

581 1003 672 1057 illa
696 1001 929 1075 ejusdem
975 1001 1161 1062 capitis
1192 998 1318 1069 (ιοι.
1364 996 1490 1063 757,
1524 1013 1578 1051 u.
1608 995 1712 1067 91).
1734 1013 1746 1049 :
1769 1008 1903 1048 usus
1937 1007 2113 1046 ρΑτειι

581 1110 842 1151 ιυεεειιιιτ
868 1111 881 1148 ε
915 1107 1088 1148 FILIUS
1115 1105 1307 1146 VIRTUS
1337 1105 1450 1145 IPSA
1480 1103 1595 1143 SINE.
1620 1098 2112 1142 RECHASTINATIONE

585 1205 844 1249 IIIPEHIUM
901 1202 1235 1246 CAPESSEBAT
1272 1203 1285 1240 ζ
1315 1201 1424 1240 ωλι
1454 1199 1559 1240 CUI!
1589 1196 1834 1236 JUSSIONE
1887 1195 1954 1234 ET
1984 1193 2115 1232 OPUS

587 1299 846 1341 ssnon.
881 1281 1095 1336 Demum
1120 1280 1188 1332 ad
1215 1280 1313 1334 ista
1345 1277 1469 1348 (col.
1503 1276 1626 1336 7'57.
1662 1293 1714 1327 u.
1745 1271 1837 1343 9‘7)
1871 1291 1880 1322 :
1908 1285 1976 1326 ετ
2007 1285 2114 1325 cun

586 1395 750 1436 OINEA
788 1390 1031 1432 JUSSIONE
1087 1386 1274 1428 PATRIS
1326 1383 1572 1426 SEBIDNB
1609 1380 1951 1431 OBSEQUENTE
1981 1379 2114 1418 FOR-

593 1485 738 1528 IATA
768 1483 912 1523 SINT.

593 1619 646 1673 i.
680 1619 817 1671 Ante
870 1613 1128 1670 Hilarium
1179 1609 1354 1674 multi,
1393 1605 1519 1680 alibi
1567 1604 1802 1661 Hilarius
1829 1603 1964 1674 ipse,
1999 1608 2121 1670 post

523 1708 788 1767 Hilarium
818 1706 1000 1762 itidem
1029 1703 1180 1760 multi
1210 1709 1304 1757 aut
1329 1699 1623 1770 ipsissima,
1669 1708 1764 1752 ant
1793 1704 1942 1751 certe
1969 1691 2118 1747 affini

2217 1138 2578 1203 scripserunt,
2608 1139 2747 1194 inter
2796 1146 3014 1203 caitera,
3062 1152 3182 1205 quae
3212 1135 3276 1188 ad
3305 1150 3427 1190 eum
3461 1133 3846 1189 refellendum

2218 1231 2467 1296 aﬂ'erunt,
2534 1229 2637 1285 ltoc
2682 1229 3096 1299 exinessissinie
3144 1227 3288 1282 aiunt
3342 1226 3436 1297 (υ),
3483 1243 3502 1278 ι
3539 1227 3744 1280 Filium
3784 1227 3848 1280 in

2217 1323 2554 1397 procreanda
2579 1323 2782 1379 mundo
2823 1332 3101 1391 paternam
3132 1321 3436 1388 implevisse
3465 1322 3849 1380 voluntatem.

2223 1419 2402 1490 eique,
2437 1428 2494 1473 ut
2523 1416 2573 1472 id
2604 1419 2824 1479 laceret.
2859 1417 3182 1486 pne-cepisse
3211 1414 3446 1470 Patrem.
3496 1433 3515 1466 ι

2294 1514 2343 1568 7.
2382 1512 2616 1568 Hilarius
2669 1527 2883 1582 quoque
2933 1526 3076 1576 eam,
3128 1525 3290 1580 quam
3323 1520 3480 1565 antea
3529 1509 3660 1574 dixi,
3710 1509 3853 1565 dis-

2223 1604 2534 1660 tinctionem
2586 1602 2679 1658 Dei
2716 1603 2963 1674 jubeulis,
3017 1610 3074 1656 et
3120 1599 3214 1656 Dt’l
3242 1602 3478 1672 facientis
3512 1602 3624 1672 (seu
3673 1618 3850 1656 arse-

2221 1698 2445 1771 queutis)
2497 1699 2668 1769 palam
2721 1699 3003 1768 approbat,
3038 1696 3164 1752 dum
3217 1696 3333 1750 hare
3363 1696 3434 1750 ait
3489 1695 3600 1768 (lib.
3657 1712 3713 1751 te
3769 1697 3852 1752 de

518 1805 695 1873 aliqua
741 1801 1010 1856 locutione
1060 1796 1139 1850 usi
1189 1804 1337 1861 sunt,
1365 1793 1442 1848 sic
1475 1801 1532 1846 ut
1575 1790 1861 1861 displicere
1903 1786 2116 1843 Lectori
2149 1804 2198 1864 Β
2224 1795 2511 1862 Ττίιιίιειιθ,
2551 1812 2604 1848 η,
2649 1793 2739 1862 1(5)
2775 1810 2788 1847 ς
2834 1813 2850 1845 ι
2888 1792 2992 1850 Sed
3029 1791 3327 1859 videamus,
3362 1791 3414 1845 in
3454 1806 3609 1860 quem
3644 1791 3855 1860 ποτε-

519 1897 704 1966 utique
753 1909 857 1949 non
908 1889 1072 1962 possit
1124 1887 1381 1958 Epistulae
1420 1895 1620 1941 nostra:
1646 1896 1855 1947 auctor,
1884 1879 2026 1951 quod
2056 1894 2117 1932 ea

520 2003 650 2045 usus
677 1987 767 2041 sit.
798 1983 903 2040 Sed
934 1999 1001 2038 ne
1029 1993 1231 2037 temere
1261 1980 1376 2034 haec
1420 1977 1624 2034 dixisse
1665 1975 1872 2039 videar,
1925 1987 2116 2028 eorum

519 2081 636 2137 loca
683 2079 772 2134 hic
817 2076 1064 2147 subjicio,
1111 2074 1226 2146 qui.
1274 2073 1348 2127 uti
1395 2070 1531 2134 dixi,
1569 2079 1660 2124 aut
1687 2068 1978 2138 ipsissima,
2029 2071 2124 2118 aut

520 2180 669 2229 certe
696 2170 848 2226 aflini
892 2169 1071 2238 aliqua
1120 2165 1396 2222 locutione
1424 2162 1504 2219 usi
1533 2171 1680 2217 sunt.
1726 2160 1896 2215 Porro
1925 2157 1992 2212 ad
2023 2159 2121 2210 tria

521 2264 695 2334 capita
721 2279 816 2320 eas
868 2249 1170 2317 locutioiies
1219 2273 1437 2314 revoco.
1492 2255 1730 2310 Primum
1779 2251 1988 2306 scilicet
2029 2263 2125 2304 eos

523 2358 915 2424 conipleCIetnr
934 2362 1147 2408 veteres
1167 2350 1377 2412 Patres,
1401 2349 1490 2418 qui
1518 2344 1930 2418 expressissime
1951 2347 2122 2409 aiunt,

513 2449 735 2525 jussisse
777 2447 1006 2518 Patrem.
1049 2443 1383 2508 Secundum,
1442 2440 1671 2496 obedisse
1720 2437 1937 2491 Filium.
1989 2435 2120 2491 Ter-

530 2542 688 2606 tium,
746 2539 1088 2593 ministerium
1133 2534 1374 2604 aliquod,
1427 2533 1822 2604 qualecumque
1872 2529 1946 2583 sit
1974 2526 2126 2594 illud,

526 2633 673 2688 Patri
723 2628 1018 2703 praebuisse
1062 2627 1255 2682 Filium
1289 2643 1302 2679 :
1336 2634 1497 2695 atque
1535 2622 1651 2678 haec
1678 2622 1894 2693 quidem
1923 2617 2126 2682 omnia,

529 2735 822 2795 antequam
869 2736 1088 2778 carnem
1141 2727 1466 2774 assumeret.
1499 2715 1595 2770 His
1645 2713 1926 2770 recensitis
1956 2708 2127 2779 subji-

530 2818 740 2874 ciemus
769 2823 975 2885 postea,
1004 2811 1129 2884 quid
1157 2810 1226 2868 de
1254 2810 1466 2875 harum,
1508 2819 1562 2864 et
1611 2807 1853 2862 affinium
1905 2803 2133 2859 locutio-

530 2923 660 2964 num
693 2906 1087 2978 5tgniticati0ne
1117 2903 1405 2960 dicendum
1431 2901 1522 2956 sit.

605 3004 662 3058 2.
693 3003 770 3058 Ad
803 3002 1034 3072 primum
1061 3011 1220 3070 caput
1249 2997 1365 3053 [nec
1410 2995 1699 3066 pertinent.
1751 2991 1984 3046 lrenmus
2014 2987 2131 3061 (lib.

530 3111 584 3152 tv
605 3137 620 3162 ,
645 3111 766 3166 cap.
793 3093 918 3149 aliut
948 3093 1032 3156 i5.
1061 3108 1196 3146 nunc
1244 3090 1335 3155 58,
1365 3105 1420 3142 η.
1451 3089 1508 3157 5)
1557 3087 1673 3141 haec
1721 3086 1914 3139 litteris
1958 3083 2137 3137 consi-

2223 1899 2366 1944 ctum
2383 1888 2497 1942 haec
2509 1887 3031 1956 distiuctiojulientis
3049 1884 3162 1951 Dei,
3179 1896 3230 1938 et
3245 1883 3491 1939 facientis
3501 1893 3802 1952 augeatur.
3819 1903 3842 1936 ι

2295 1985 2346 2040 8.
2401 1983 2729 2039 Novatianus
2778 1983 2846 2050 (si
2879 1983 2921 2035 is
2960 1991 3044 2035 est
3081 1990 3268 2034 auctor
3298 1978 3422 2033 libri
3453 1977 3517 2031 de
3545 1977 3843 2039 Trinitate.

2223 2077 2312 2150 qui
2341 2075 2656 2132 Tertulliani
2689 2074 2837 2128 libris
2858 2069 3208 2143 adjungitur);
3233 2069 3847 2139 NOV3litllill$,iDQll:lIn,

2225 2171 2280 2227 in
2312 2169 2560 2226 eamdem
2589 2168 2912 2223 sententiam
2962 2168 3075 2220 lucc
3111 2167 3186 2219 ait
3213 2163 3356 2236 (cap.
3384 2162 3478 2235 25)
3516 2181 3528 2216 :
3559 2182 3577 2213 ι
3613 2163 3850 2234 Moyses

2225 2271 2406 2320 autem
2437 2260 2732 2318 introducit
2772 2259 3174 2330 praecipientem
3211 2258 3401 2324 Deum,
3432 2264 3490 2310 ut
3518 2257 3609 2311 lux
3654 2257 3754 2309 fiat
3789 2257 3848 2310 in

2231 2357 2442 2427 primis,
2490 2355 2687 2412 caelum
2734 2355 2996 2416 tinuetur,
3036 2365 3192 2422 aqua:
3219 2361 3634 2420 ceiigregentur,
3680 2349 3851 2404 arida

2230 2448 2610 2514 ostendantur,
2645 2446 2848 2501 frui-tus
2878 2443 3174 2500 secundum
3214 2441 3420 2498 semina
3449 2453 3845 2512 provocamur,

2230 2542 2481 2599 animalia
2509 2543 2897 2612 producantur,
2929 2539 3211 2595 luminaria
3239 2538 3292 2592 in
3319 2537 3460 2593 «elo
3485 2551 3644 2608 atque
3685 2546 3854 2592 astra

2234 2644 2522 2706 ponantur.
2553 2651 2656 2689 non
2684 2635 2848 2688 alium
2879 2632 3117 2688 Ostendit
3155 2640 3280 2685 tunc
3320 2629 3553 2684 adfuisse
3579 2629 3711 2693 Deo,
3754 2630 3854 2684 cui

2235 2734 2660 2804 praeciperentur
2689 2729 2803 2783 haec
2831 2743 3017 2796 opera,
3061 2738 3117 2781 ut
3163 2727 3376 2790 tierent,
3415 2722 3518 2779 nisi
3559 2741 3704 2789 cum,
3747 2741 3856 2790 per

2236 2841 2395 2897 quem
2426 2823 2561 2879 facta
2588 2833 2713 2878 sunt
2743 2823 2945 2887 omnia,
2973 2827 3030 2876 et
3055 2821 3174 2875 sine
3205 2834 3314 2890 quo
3345 2817 3539 2873 factum
3569 2826 3654 2872 est
3675 2818 3850 2873 uiliii.

2239 2921 2316 2972 Ac
2383 2917 2427 2972 si
2480 2915 2567 2971 liic
2624 2915 2857 2969 Verbum
2929 2911 3020 2967 Dei
3078 2921 3201 2978 est,
3259 2926 3380 2966 nam
3441 2910 3686 2965 cructarit
3751 2928 3855 2964 cor

2238 3025 2406 3063 meum
2460 3007 2666 3063 verbum
2710 3007 2928 3073 bonum,
2983 3003 3218 3060 ostendit
3276 3005 3328 3059 in
3396 3003 3658 3073 principio
3706 3001 3860 3058 Ver-

2243 3103 2368 3158 bum
2408 3104 2595 3167 fuisse,
2651 3111 2707 3157 et
2761 3101 2999 3157 Verbum
3054 3101 3155 3156 hoc
3206 3098 3348 3170 apud
3401 3099 3609 3153 Patrem
3645 3096 3854 3163 fuisse,

530 3205 689 3263 gnata
720 3189 967 3261 reliquit:
998 3206 1016 3240 t
1040 3180 1812 3253 Factus,etplasmatusltontu
1839 3176 2133 3233 secundum
2164 3199 2210 3262 ε
2247 3198 2410 3253 Deum
2455 3207 2717 3267 prmerea
2762 3194 3000 3251 verbum
3051 3193 3214 3248 fuisse
3244 3210 3256 3246 ε
3305 3192 3484 3246 omnia
3531 3205 3627 3259 per
3663 3191 3857 3259 ipsum

534 3288 846 3358 imaginem,
873 3294 929 3340 et
956 3281 1362 3338 similitudinem
1394 3275 1744 3334 constituitur
1773 3276 1954 3330 inlecti
1990 3273 2085 3328 Dei
2119 3289 2132 3326 :

534 3381 695 3437 Patre
721 3378 937 3451 quidem
964 3378 1107 3434 bene
1128 3375 1418 3439 sentiente,
1446 3382 1503 3428 et
1525 3371 1749 3443 jubente
1780 3389 1792 3424 :
1826 3368 1962 3424 Filio
2006 3383 2136 3423 vero

535 3475 898 3537 miniatrante,
931 3481 985 3527 et
1028 3470 1320 3535 formante,
1368 3466 1570 3538 Spiritu
1597 3483 1726 3522 vero
1751 3465 2051 3531 nutiiente,
2082 3471 2136 3518 ct

538 3576 792 3640 augente.
831 3584 852 3619 ι

607 3663 662 3718 3.
697 3657 1012 3731 Hippolytus
1037 3671 1251 3729 quoque
1280 3653 1436 3710 valde
1478 3664 1724 3710 vetustus
1764 3651 1998 3722 scriptor
2044 3649 2135 3724 (In

536 3755 665 3811 libro
689 3764 866 3810 contra
897 3748 1107 3824 Noet.),
1134 3747 1234 3804 Dei
1261 3748 1510 3823 jubentis,
1542 3756 1590 3803 et
1635 3745 1736 3802 Dei
1762 3746 1998 3818 facientis
2042 3761 2128 3801 exv

538 3849 937 3922 pressissimam
970 3843 1302 3902 mentionem
1333 3841 1479 3897 facit.

607 3958 663 4001 4.
700 3942 1070 3999 Tertullianus
1115 3937 1364 3994 similiter
1413 3935 1679 4008 (adversus
1708 3931 1969 3988 Praxeam
2015 3946 2132 4002 cap.

539 4036 631 4110 12)
660 4054 674 4091 :
709 4035 818 4092 Etsi
865 4030 1164 4108 (inquiens)
1214 4031 1400 4102 ubique
1428 4041 1572 4084 teneo
1601 4045 1754 4081 uuam
1796 4026 2138 4080 substantiam

538 4132 591 4187 in
621 4131 781 4187 tribus
809 4128 1202 4194 cohaerentibus,
1247 4134 1415 4180 tamen
1463 4122 1624 4177 alium
1651 4123 1819 4176 dicam
1849 4130 2049 4188 oportet
2075 4136 2139 4173 ea:

540 4225 837 4281 necessitate
865 4238 1066 4289 sensus,
1097 4235 1216 4274 eum
1245 4219 1332 4290 qui
1349 4218 1516 4289 jubet,
1546 4227 1592 4270 et
1623 4232 1733 4268 eum
1761 4215 1852 4286 qui
1879 4214 2027 4286 facit.

608 4315 662 4371 5.
714 4316 769 4372 id
819 4319 995 4385 ipsum
1029 4312 1257 4367 traditur
1288 4311 1356 4363 ab
1387 4309 1653 4381 Origene;
1698 4310 1898 4379 quippe
1936 4306 1983 4361 is
2028 4320 2137 4361 non

541 4413 701 4468 modo
747 4410 912 4466 Deum
942 4410 1230 4482 jubentem,
1279 4418 1331 4463 et
1365 4405 1529 4461 Deum
1569 4405 1841 4477 facientem
1871 4412 2138 4458 memorat

541 4507 686 4582 (tam.
721 4524 754 4562 tt
778 4507 832 4560 in
853 4505 1011 4561 Joau.
1055 4522 1174 4577 pag.
1209 4502 1273 4558 61
1326 4501 1450 4556 edit.
1491 4498 1708 4569 ﬂuetii),
1748 4513 1936 4554 verum
1970 4499 2134 4552 etiam

2243 3293 2380 3346 facta
2406 3306 2527 3346 esse
2558 3309 2570 3344 :
2621 3290 2716 3345 sed
2761 3289 2906 3344 enim
2957 3287 3061 3343 ltoc
3113 3287 3332 3342 Verbum
3359 3286 3490 3342 Caro
3521 3289 3713 3357 factum
3746 3297 3855 3350 est,

2239 3395 2288 3441 et
2343 3385 2590 3439 habitavit
2644 3385 2698 3438 iu
2751 3383 2920 3446 nobis,
2973 3380 3224 3436 Christus
3263 3381 3472 3434 scilicet
3522 3380 3662 3433 filius
3717 3378 3858 3444 Dei,

2237 3491 2400 3548 quem
2432 3478 2557 3530 dum
2599 3486 2654 3530 et
2701 3474 3042 3544 postmodum
3075 3471 3368 3528 secundum
3417 3487 3632 3528 carnem
3663 3471 3862 3525 horni-

2240 3585 2363 3625 nem
2421 3568 2741 3638 accipimus,
2795 3576 2851 3622 et
2897 3576 3022 3622 ante
3069 3565 3249 3621 Mundi
3300 3565 3691 3620 institutionem
3747 3563 3861 3621 Dei

2242 3663 2501 3727 Verbum,
2532 3672 2586 3718 et
2617 3661 2788 3716 Detttn
2815 3661 3085 3725 videmus,
3119 3668 3257 3715 etc.»

2311 3757 2368 3812 9.
2406 3754 2640 3827 Cyrillus
2671 3753 3198 3826 Hierosolytnitamis
3227 3751 3410 3806 Hilarii
3443 3750 3693 3823 atqualis,
3726 3751 3860 3807 ἴοι·-

2241 3862 2385 3908 tasse
2407 3851 2567 3906 etiam
2599 3866 2664 3905 eo
2695 3849 2996 3920 antiquior,
3027 3866 3046 3898 ι
3085 3847 3298 3902 Patrem
3327 3845 3674 3902 mandantem
3702 3845 3863 3902 Filio

2240 3946 2595 4009 creationem,
2632 3944 2818 4014 illique
2857 3941 3358 3998 subministrantem
3387 3955 3568 3996 rerum
3597 3939 3857 3996 efficien-

2240 4040 2428 4095 darum
2474 4039 2782 4105 exemplar;
2817 4036 2986 4092 lilium
3042 4049 3174 4089 vero
3200 4043 3609 4103 exsequentem,
3654 4049 3863 4087 crean-

2241 4142 2456 4203 temque
2487 4145 2574 4187 res
2601 4129 2667 4184 ad
2689 4127 2990 4198 exemplar,
3021 4127 3162 4198 quod
3211 4142 3240 4181 a
3292 4125 3452 4181 Patre
3502 4124 3791 4190 habuerat,
3829 4144 3851 4178 ι

2241 4224 2549 4281 describere
2573 4223 2794 4278 minime
2821 4221 3030 4276 dubitat
3055 4218 3328 4292 (Cathecli.
3372 4235 3445 4284 ιι,
3476 4236 3529 4273 ιι.
3561 4217 3633 4272 22
3656 4218 3852 4285 €193).

2319 4318 2407 4372 lO.
2468 4315 2690 4370 Basilius
2734 4314 2980 4385 Magnus,
3013 4310 3198 4369 Hilarii
3237 4311 3351 4367 fere
3393 4311 3640 4382 aequalis,
3698 4326 3859 4364 inau-

2241 4413 2450 4467 dantem
2481 4409 2599 4484 (seu
2631 4409 3012 4478 imperantem)
3049 4407 3351 4474 Dominum,
3375 4418 3428 4464 ct
3452 4408 3763 4484 δημιοῦργον
3793 4413 3855 4465 τὸ

2239 4507 2403 4581 λόγον,
2460 4519 2557 4560 seu
2598 4503 2801 4558 verbum
2857 4503 3074 4574 efﬁciens
3125 4516 3422 4572 agnoscere
3473 4517 3578 4555 non
3631 4511 3855 4557 veretur

540 4605 658 4658 bare
680 4601 794 4670 ipsa
821 4599 981 4654 docet
1007 4599 1081 4667 (c)
1114 4614 1127 4648 :
1165 4615 1184 4648 ι
1239 4591 1547 4647 Asserimus
1597 4589 1765 4654 ettim,
1816 4589 2030 4644 Patrem
2080 4589 2128 4641 in

2244 4600 2353 4672 (lib.
2399 4616 2415 4653 ι
2441 4598 2505 4653 de
2531 4597 2736 4670 Spiritu
2761 4605 2958 4662 sancto,
2986 4597 3224 4666 capdb).

538 4694 814 4751 creatione
839 4708 870 4747 a
899 4691 1083 4763 Moyse
1113 4687 1386 4757 descripta
1409 4683 1654 4755 jubendo
1680 4681 1752 4735 illi
1782 4680 2006 4747 dixisse,
2048 4678 2141 4750 ﬁat

540 4789 652 4854 lux,
701 4795 755 4840 et
802 4785 895 4857 ﬁat
924 4784 1323 4852 ﬁrmamentum,
1368 4787 1423 4834 et
1450 4789 1806 4849 qumcumque
1847 4773 1987 4829 Deus
2035 4771 2138 4827 alia

541 4885 660 4942 ﬁeri
687 4883 972 4955 imperavit
1001 4899 1015 4935 :
1047 4879 1223 4935 eidem
1265 4877 1340 4933 illi
1371 4875 1614 4931 dixisse:
1651 4871 1931 4926 Faciamus
1971 4867 2141 4923 homi-

539 4997 656 5038 nem
691 4979 761 5034 ad
787 4978 1084 5050 imaginem,
1131 4985 1177 5030 et
1219 4971 1612 5028 similitudinem
1672 4978 1903 5022 nostram
1931 4981 1950 5020 :
2000 4963 2136 5020 Ver-

538 5075 668 5133 bum
712 5080 915 5137 autem,
955 5078 1016 5125 ut
1057 5067 1264 5140 jussum
1309 5065 1388 5121 illi
1429 5066 1625 5126 fuerat,
1687 5062 1882 5116 fecisse
1928 5057 2133 5124 omnia,

539 5185 660 5241 qua:
701 5167 853 5222 illum
879 5163 1042 5221 Pater
1073 5161 1250 5217 facere
1295 5159 1470 5228 iussit.
1519 5159 1696 5236 Atque
1735 5155 1851 5208 lucc
1902 5151 2140 5208 diximus

540 5277 648 5318 non
675 5259 830 5333 quasi
858 5258 1168 5326 conjectura
1192 5251 1343 5316 dicti,
1370 5250 1464 5306 sed
1489 5249 1731 5320 ipsismet
1754 5248 2138 5318 prophetarum

541 5353 867 5412 testimoniis
893 5351 1059 5408 etiam
1097 5345 1240 5418 apud
1267 5344 1488 5402 Iudaeos
1518 5343 1748 5410 receptis
1798 5341 2042 5406 nitimur,
2086 5341 2140 5395 in

540 5451 737 5522 quibus
757 5449 827 5505 de
855 5446 985 5512 Deo,
1015 5444 1288 5513 rebusque
1316 5440 1385 5495 ab
1417 5438 1510 5495 illo
1539 5437 1778 5493 conditis
1803 5435 1921 5490 lucc
1950 5434 2141 5490 dicun-

615 5584 693 5658 (a)
717 5579 1286 5658 ContraCelsu‘miib.
1320 5595 1382 5645 tt,
1413 5593 1468 5633 η.
1523 5575 1577 5642 9,
1634 5591 1755 5649 pag.
1807 5574 1915 5631 ’595
1956 5575 2087 5630 ιοιηί
2123 5591 2140 5630 t

544 5652 684 5717 edit;
711 5675 763 5728 p.
791 5656 972 5712 Caroli
1003 5652 1150 5728 dela
1176 5653 1314 5728 Hae.

621 5718 906 5800 (b)'Tom.
957 5741 976 5782 ι
1021 5724 1152 5782 edit.
1198 5723 1386 5780 Venet.
1441 5720 1732 5778 Concilior.
1769 5718 1968 5776 Labbei
2016 5733 2140 5792 pag.

549 5802 678 5857 867.

2321 4694 2407 4748 11.
2441 4692 2640 4747 Marius
2670 4690 3002 4756 Victorinus,
3031 4706 3147 4751 seu.
3179 4700 3237 4744 ut
3264 4689 3357 4745 alii
3393 4689 3687 4761 appellant,
3737 4688 3850 4744 Fa-

2249 4785 2369 4840 bius
2416 4785 2620 4840 maritis
2653 4783 2858 4850 Victor,
2891 4782 3078 4839 eadem
3125 4792 3285 4838 aetate
3335 4783 3535 4838 vixisse
3583 4782 3844 4839 creditur.

2249 4878 2419 4948 'dujus
2449 4892 2610 4947 porro
2655 4875 2950 4948 Scriptoris
2982 4876 3034 4931 in
3081 4891 3194 4930 rem
3227 4884 3469 4931 nostram
3499 4876 3614 4932 haec
3643 4875 3847 4931 monita

2251 4970 2322 5044 (c)
2348 4972 2576 5043 allegata
2607 4971 2713 5026 vidi
2741 4988 2753 5024 :

2337 5130 2429 5190 Qui
2455 5129 2714 5179 mandante
2738 5129 2848 5179 Deo
2868 5141 2979 5192 cum
3005 5125 3182 5192 plenus
3203 5134 3372 5179 mente
3399 5129 3620 5192 parentis

2339 5191 2494 5242 Filius
2514 5193 2827 5255 omnipotens
2860 5191 3065 5242 faceret.

2322 5341 2408 5396 t2.
2441 5339 2774 5410 Augustinus
2821 5338 3000 5395 eidem
3029 5337 3289 5395 locutioni
3321 5337 3506 5394 favere
3553 5339 3705 5394 visus
3741 5348 3844 5401 est,

2247 5447 2369 5489 cum
2415 5433 2530 5488 haec
2575 5432 2651 5486 ait
2687 5429 2883 5501 (Serm.
2914 5430 3039 5497 140,
3072 5447 3126 5485 u.
3166 5428 3224 5502 6)
3259 5446 3274 5486 :
3309 5448 3328 5484 ι
3362 5429 3480 5486 Non
3523 5446 3554 5484 a
3602 5440 3849 5504 tempore

2320 5571 2394 5648 (c)
2428 5572 2503 5628 De
2529 5572 2730 5627 Rerum
2750 5571 3060 5648 creatione.
3087 5569 3526 5648 Perquisiviudiu
3560 5573 3737 5648 locum
3777 5576 3851 5630 is-

2251 5641 2387 5715 tum,
2419 5659 2520 5701 nec
2543 5655 2722 5698 tamen
2750 5643 2952 5715 inveni.
2985 5641 3056 5697 At
3086 5643 3355 5715 Petavius,
3381 5643 3476 5700 lib.
3499 5660 3538 5700 ιι
3586 5649 3650 5700 de
3699 5646 3845 5701 Trin.

2253 5719 2343 5785 77,
2374 5714 2575 5787 aliique
2611 5730 2734 5788 eum
2763 5714 3019 5788 allegant.
3070 5714 3203 5785 Quis
3231 5730 3392 5786 porro
3423 5716 3524 5774 bos
3560 5727 3764 5776 temere
3797 5719 3849 5773 id

2258 5790 2447 5846 fecisse
2473 5787 2720 5860 putabit?
