4066 6424
214 274 312 327 811

955 273 1022 331 IN
1061 275 1316 334 HILABII
1362 274 1578 334 EPIST.
1618 272 1748 331 SEU
1790 271 2008 329 LIBEL.
2055 271 2515 332 DISSERTATIO
2553 273 2896 333 SECUNDA.

3403 277 3509 332 84%

208 385 393 441 datum
422 404 434 439 :
479 387 573 442 sed
606 386 914 443 mandatum
964 399 1169 445 natum.
1204 390 1489 460 Quomodo
1520 389 1666 446 enim
1699 405 1804 444 non
1837 390 1885 446 Α
1915 386 2144 444 humana
2198 399 2385 445 natura
2435 399 2709 460 assumpta
2748 390 2932 452 habet,
2987 390 3236 461 accipiat,
3272 400 3512 461 potesta-

207 488 294 534 est
345 479 654 534 mandatum
709 480 906 546 Patris,
961 483 1104 551 quod
1133 493 1217 538 est
1262 483 1495 538 Verbum
1534 482 1745 537 Patris?
1783 501 1802 534 ›

210 569 418 626 Rursus
433 585 556 627 cum
578 571 694 627 bzcc
723 573 949 644 protulit
974 573 1052 646 (a)
1083 592 1095 629 :
1126 593 1145 628 ‹
1174 573 1429 630 Fortnant
1452 575 1551 630 sibi
1570 563 1828 644 iuphan?

205 673 438 721 tasmate
463 665 644 722 cordis
673 667 756 723 sui
804 668 958 737 quasi
1013 668 1154 724 duos
1202 670 1416 741 aliquos
1461 671 1612 741 quasi
1656 669 1808 738 juxta

205 758 462 826 invicem,
495 757 550 814 in
596 759 709 815 suis
751 769 928 816 tamen
961 759 1097 816 locis
1127 763 1476 826 constitutos,
1527 777 1692 816 unum
1721 761 1810 832 ju-

205 851 450 919 bentem,
481 861 537 908 et
565 853 796 909 alterum
826 853 1293 924 obtemperantem
1325 873 1340 911 :
1370 871 1473 912 nec
1503 856 1811 927 intelligunt

207 946 382 1017 ipsam
402 945 692 1019 jussionem
733 944 928 1014 Patris,
965 956 1022 1003 ιιι
1051 949 1244 1004 flerent
1292 949 1496 1015 omnia,
1529 964 1637 1005 non
1688 963 1810 1004 esse

204 1041 310 1096 nisi
343 1039 576 1096 Verbum
606 1042 803 1108 Patris,
835 1057 932 1114 per
959 1044 1105 1115 quod
1138 1045 1274 1101 facta
1305 1053 1432 1101 sunt
1460 1045 1662 1100 omnia.
1714 1064 1732 1097 ι

287 1135 375 1189 15.
431 1133 525 1189 His
572 1133 900 1206 adiungendi
950 1145 1078 1191 sunt
1127 1137 1315 1194 Patres
1366 1137 1466 1203 illi,
1511 1139 1600 1207 qui
1646 1137 1808 1193 verba

207 1226 403 1298 psalmi
432 1243 631 1283 cxnvttt
661 1228 729 1300 (v.
765 1228 798 1282 5
826 1227 844 1294 )
878 1247 889 1283 :
923 1227 1046 1301 Ipse
1075 1231 1355 1296 mandavit,
1379 1240 1425 1284 et
1457 1242 1629 1285 creata
1667 1241 1808 1295 sunt,

205 1322 284 1376 ita
313 1331 613 1390 exponunt,
662 1330 720 1377 ut
749 1322 962 1378 Patrem
1012 1323 1324 1380 describant
1355 1341 1534 1381 rerum
1575 1326 1810 1382 creatio-

205 1430 336 1470 nem
384 1413 518 1470 Filio
563 1416 1006 1486 praecipientem;
1061 1417 1116 1473 in
1169 1434 1398 1490 quorum
1443 1436 1671 1476 numero
1702 1419 1812 1477 lrc-

205 1524 366 1563 naeus
395 1508 620 1574 eminet,
652 1509 808 1578 cujus
835 1508 952 1566 inec
980 1511 1264 1566 notissima
1292 1512 1534 1583 quidem,
1567 1512 1663 1570 sed
1691 1529 1813 1585 qua:

207 1610 394 1658 tamen
425 1599 630 1658 referre
661 1601 749 1658 hic
777 1602 978 1674 placet,
1036 1605 1197 1662 verba
1231 1614 1357 1661 sunt
1381 1605 1494 1672 (lib.
1527 1623 1604 1672 ιιι,
1634 1625 1681 1662 c.
1710 1606 1768 1679 8)
1795 1625 1810 1662 :

201 1693 308 1748 Cui
360 1710 482 1766 ergo
537 1695 824 1767 praecepit?
873 1694 1038 1752 Verbo
1085 1698 1319 1766 scilicet,
1375 1715 1464 1765 per
1517 1699 1655 1770 quod
1702 1699 1814 1755 caeli

205 1787 411 1858 ﬁrmati
437 1799 581 1844 sunt.

290 1884 380 1939 M.
439 1882 700 1939 Irenzeum
751 1895 1052 1956 sequuntur
1110 1886 1298 1943 Patres
1359 1889 1573 1944 concilii
1626 1890 1816 1946 Antio-

208 1975 376 2032 ebeni
417 1975 591 2050 (Tom.
622 1995 637 2032 t
669 1978 866 2034 Concil.
896 1977 1088 2036 Labbei
1119 1999 1241 2053 pag.
1283 1981 1414 2053 867)
1443 1993 1631 2039 contra
1679 1985 1818 2040 Pau-

212 2069 331 2125 lum
359 2069 774 2128 Samosatenum
804 2073 1084 2140 celebrati,
1118 2075 1446 2131 Athanasius
1475 2075 1566 2148 (In
1594 2077 1724 2133 libro
1755 2080 1820 2134 de

215 2164 450 2219 Decretis
474 2165 515 2232 ),
549 2165 784 2237 Cyrillus
815 2168 1212 2224 Alexandrinus
1237 2169 1352 2241 (lib.
1385 2187 1514 2226 XXIX
1545 2171 1815 2237 Thesauri,

212 2276 342 2330 pag.
371 2259 526 2331 255).
559 2270 613 2316 et
645 2259 874 2332 Prosper
911 2261 1008 2338 (In
1053 2275 1325 2321 comment.
1366 2266 1422 2320 in
1469 2267 1640 2322 locum
1683 2268 1822 2324 hunc

212 2351 412 2424 psalmi
456 2369 653 2409 cvattt
684 2372 698 2409 :
754 2355 871 2423 ipse
900 2356 1199 2426 mandavit,
1233 2369 1288 2414 et
1318 2370 1499 2416 creata
1522 2362 1694 2435 sunt).
1725 2362 1822 2420 At-

213 2461 328 2515 que
380 2444 539 2516 hujus
585 2446 801 2518 quidem
833 2451 1094 2520 postremi
1141 2451 1335 2519 Patris,
1367 2461 1429 2508 ut
1458 2465 1584 2525 pote
1609 2455 1701 2527 qui
1731 2455 1821 2511 diu

216 2547 347 2609 post
380 2538 678 2599 Niczenum.
708 2551 872 2608 atque
903 2542 1040 2598 adeo
1092 2554 1214 2613 post
1267 2545 1822 2617 Constantinopolita-

218 2645 356 2686 num
387 2631 675 2688 concilium
720 2633 876 2700 vixit,
924 2635 1089 2691 verba
1140 2636 1253 2705 ipsa
1302 2638 1506 2694 referre
1536 2639 1624 2696 hic
1652 2640 1822 2698 libet:

229 2743 251 2777 s
291 2723 446 2793 Quod
474 2727 616 2781 enim
670 2727 812 2782 Deus
841 2728 992 2794 dicit,
1029 2729 1204 2787 Verbo
1248 2731 1399 2789 dicit.
1450 2733 1515 2788 Et
1566 2734 1822 2804 Verbum,

219 2836 324 2894 per
351 2821 492 2892 quod
523 2820 662 2878 facta
694 2833 819 2878 sunt
847 2824 1049 2893 omnia,
1070 2825 1380 2883 mandatum
1410 2827 1643 2885 dicentis
1665 2845 1825 2886 exse-

219 2915 412 2986 quitur
439 2911 710 2986 (Ibidem).
750 2934 770 2968 ι

302 3006 394 3063 15.
422 3006 504 3063 Ad
530 3007 823 3065 secundum
848 3025 1012 3080 porro
1039 3021 1201 3082 caput
1229 3012 1306 3086 (id
1321 3023 1407 3069 est
1431 3014 1499 3070 ad
1519 3030 1584 3072 ea
1607 3014 1826 3072 Patrum

221 3101 372 3166 loca,
423 3100 476 3155 in
521 3101 718 3173 quibus
758 3101 955 3160 dicitur
1001 3104 1255 3162 obedisse
1301 3106 1493 3173 Filius,
1541 3117 1826 3181 antequam

1914 491 2018 535 tem
2052 483 2258 536 creandi
2289 492 2342 538 et
2389 483 2690 553 providendi
2719 494 3168 550 cotntt'tcumrant,
3199 500 3358 554 quam
3393 501 3516 554 pro-

1911 572 1998 627 cul
2051 573 2219 628 dubio
2252 576 2412 630 habet
2458 591 2522 632 ex
2557 586 2747 631 natura
2778 577 2981 640 divina,
3015 585 3070 631 et
3101 578 3153 632 in
3202 589 3394 633 natura
3433 579 3514 634 di-

1913 669 2056 730 vina.
2087 667 2309 725 minime
2339 685 2468 725 vero
2499 686 2564 726 ex
2595 669 2853 726 buma‘na.
2908 671 2987 726 En
3018 687 3139 743 quae
3184 673 3254 728 ibi
3289 674 3512 729 tradun-

1915 772 2001 818 tur
2017 763 2435 832 :tQuzecumque
2449 777 2628 819 tamen
2644 773 2818 834 potest
2838 763 3177 837 (Diaeouus),
3203 768 3514 825 moderetur

1913 873 2011 928 per
2038 872 2182 926 sese,
2246 866 2465 925 accepta
2496 857 2563 912 ab
2591 858 2856 928 Episcopo
2886 866 3175 929 potestate,
3204 859 3343 916 sicut
3361 861 3517 916 Chri-

1911 964 2031 1010 sms
2082 961 2407 1023 potestatem
2457 952 2696 1019 creandi,
2755 962 2808 1006 et
2859 953 3174 1022 providendi
3235 957 3443 1026 accepit
3487 974 3513 1010 a

1912 1045 2093 1100 Patre.
2130 1063 2148 1097 ι
2176 1044 2334 1110 Vide,
2380 1044 2632 1108 obsecro,
2675 1044 2943 1116 integrum
2975 1056 3132 1115 caput
3185 1047 3257 1102 26
3309 1047 3427 1102 libri
3477 1065 3512 1103 tt

1915 1138 2226 1194 earumdem
2257 1137 2689 1192 Constitutionum
2716 1152 2735 1191 :
2763 1137 2815 1192 in
2857 1155 2962 1208 quo
2997 1140 3212 1209 quidem
3247 1140 3364 1196 loco
3399 1140 3514 1194 Ιιτι·(;

1914 1233 2054 1288 inter
2085 1241 2279 1287 caetera
2315 1231 2564 1301 leguntur
2596 1249 2610 1285 :
2656 1249 2673 1282 ι
2716 1229 3081 1286 Diaconissatn
3117 1242 3512 1301 rcprzrseuturc

1915 1327 2176 1397 Spiritum
2224 1327 2505 1392 Sanctum,
2566 1341 2685 1395 quae
2719 1324 2852 1380 nihil
2902 1325 3018 1380 sine
3067 1327 3301 1381 Diacono
3343 1327 3518 1383 facere

1913 1421 2133 1485 debeat,
2164 1429 2257 1474 aut
2285 1419 2454 1491 loqui,
2485 1434 2644 1488 quem
2676 1419 2743 1474 ad
2772 1418 2993 1475 modttm
3021 1435 3196 1490 neque
3221 1421 3516 1478 Paraclitus

1917 1528 1946 1567 a
1977 1527 2036 1568 se
2077 1513 2194 1582 ipso
2224 1511 2427 1580 aliquid
2463 1511 2727 1582 loquitur,
2761 1522 2852 1566 aut
2905 1512 3050 1579 facit,
3099 1513 3196 1569 sed
3238 1513 3515 1572 Christum

1917 1605 2248 1678 gloriﬁcans,
2281 1606 2616 1660 voluntatem
2650 1605 2792 1660 illius
2821 1615 3120 1676 exspectat;

1991 1701 2082 1754 17.
2102 1700 2339 1755 Ιτεηωιιε
2366 1697 2503 1770 (Lib.
2537 1716 2611 1763 tv,
2631 1715 2682 1755 c.
2714 1699 2806 1766 i7;
2832 1700 2885 1754 in
2917 1716 3047 1755 nova
3060 1701 3301 1769 editione,
3327 1720 3441 1773 mp.
3468 1705 3521 1770 7,

1847 1789 1897 1850 B
1925 1811 1980 1848 η.
2013 1792 2072 1867 4)
2104 1803 2285 1865 negat,
2319 1792 2488 1848 Deum
2517 1792 2736 1848 Patrem
2781 1792 2835 1847 in
2885 1793 3086 1848 Mundo
3123 1794 3408 1850 condendo
3443 1796 3526 1851 iu~

1921 1888 2160 1959 diguisse
2188 1887 2516 1958 Angelorum
2545 1901 2746 1956 Opera;
2776 1887 2976 1969 quippe
3008 1887 3082 1942 illi
3129 1891 3377 1960 egregius
3423 1891 3526 1946 mi-

1901 1981 2093 2037 .nister
2117 1980 2358 2038 Verbum
2394 1989 2593 2050 praesto
2615 1989 2736 2035 est:
2777 1998 2796 2032 t
2834 1980 3103 2035 ministrat
3130 1983 3294 2050 enim,
3330 1983 3523 2053 inquit,

1921 2073 1988 2128 ad
2019 2073 2201 2128 omnia
2246 2087 2340 2127 sua
2390 2073 2692 2142 progenies.
2726 2082 2779 2127 et
2827 2072 3074 2142 liguratio
3103 2069 3232 2142 sua,
3274 2075 3324 2131 id
3358 2087 3442 2134 est
3464 2077 3527 2133 fi-

1924 2167 2054 2233 lius,
2087 2175 2141 2222 et
2167 2166 2402 2236 Spiritus
2429 2167 2682 2233 Sanctus,
2722 2167 2979 2232 Verbum,
3008 2175 3064 2223 et
3094 2168 3379 2238 sapientia,
3409 2172 3528 2240 qni-

1923 2259 2026 2315 hus
2056 2259 2322 2323 serviunt,
2358 2268 2415 2316 et
2463 2259 2694 2329 subjecti
2727 2269 2854 2314 sunt
2890 2261 3102 2330 Angeli.
3141 2281 3159 2313 »
3198 2261 3331 2315 Eum
3364 2263 3527 2318 etiam

1924 2353 2014 2409 hic
2034 2353 2214 2410 recole
2243 2353 2621 2426 locum,quem
2651 2371 2799 2410 num.
2831 2354 2866 2408 2
2894 2355 3116 2427 allegavi
3150 2374 3162 2409 :
3202 2356 3369 2412 «Filio
3399 2374 3528 2414 vero

1926 2447 2292 2513 ministrante,
2307 2465 2327 2500 ›
2356 2457 2460 2503 etc.
2529 2475 2532 2480 -

2004 2540 2090 2597 18.
2127 2540 2387 2596 Doctores
2417 2539 2517 2594 hos
2546 2540 2790 2612 sequitur
2819 2540 2884 2606 is,
2913 2540 2999 2596 cui
3040 2540 3300 2598 debemus
3329 2542 3524 2598 librum

1933 2634 1997 2690 de
2027 2633 2417 2698 Incarnatione,
2473 2634 2563 2704 qui
2616 2634 2756 2689 inter
2795 2633 3082 2704 Augustini
3114 2650 3278 2704 opera
3306 2645 3482 2691 exstat
3514 2653 3528 2690 :

1928 2729 2129 2799 quippe
2160 2731 2234 2783 ait
2265 2728 2403 2797 (Lib.
2448 2744 2487 2794 ι,
2518 2745 2630 2800 cap.
2667 2726 2747 2798 2),
2788 2745 2807 2778 ‹
2853 2727 3048 2782 Filium
3079 2728 3130 2782 in
3165 2729 3311 2783 omni
3342 2729 3534 2784 condi.

1929 2821 2079 2878 tione
2110 2821 2256 2878 Patri
2290 2822 2645 2888 ministrasse,
2683 2822 2805 2885 quia
2837 2835 2935 2891 per
2965 2823 3140 2892 ipsum
3171 2824 3350 2878 omnia
3395 2823 3532 2878 facta

1930 2925 2076 2970 sunt.
2117 2936 2135 2968 »
2173 2915 2229 2972 Si
2263 2916 2314 2970 in
2344 2915 2490 2969 omni
2519 2914 2831 2970 eunditionc
2858 2914 3002 2970 Patri
3043 2917 3391 2979 ministravit.
3438 2917 3535 2972 Pa-

1933 3008 2001 3062 tri
2035 3008 2198 3064 etiam
2228 3007 2559 3062 ministravit
2587 3006 2677 3062 diu
2714 3016 3004 3077 antequam
3036 3008 3425 3065 iucarnaretur.

2006 3103 2093 3157 19.
2139 3101 2334 3157 Fateor
2377 3117 2560 3172 porro,
2593 3100 2846 3156 nonnulla
2881 3116 2949 3156 ex
2996 3102 3082 3167 iis,
3126 3118 3248 3173 qua:
3280 3103 3534 3174 allegavi-

219 3197 395 3252 etiam
437 3192 730 3252 humanam
768 3211 990 3254 carnem
1035 3198 1358 3273 assumeret)
1405 3201 1678 3272 pertinent
1718 3219 1826 3258 non
1853 3191 1900 3256 C
1933 3210 2074 3263 mus,
2107 3194 2249 3252 eludi
2283 3193 2512 3250 fortasse
2551 3209 2729 3264 posse,
2769 3194 2853 3250 vel
2905 3190 2951 3248 si
2996 3209 3218 3250 moneas
3258 3195 3536 3266 appositas

219 3305 400 3364 pauca
446 3306 654 3357 eorum,
702 3309 824 3364 quze
853 3294 1018 3350 modo
1061 3294 1366 3363 retulimus,
1406 3305 1569 3366 atque
1596 3311 1824 3368 expres-

219 3383 445 3440 sissime
478 3393 808 3454 postremum
860 3385 1000 3442 istud
1052 3386 1304 3455 Prosperi
1341 3405 1353 3440 :
1389 3385 1700 3443 Mandatum
1749 3390 1829 3444 di-

221 3479 395 3532 centis
436 3479 757 3549 exsequitur;
784 3493 847 3534 ea
868 3494 1082 3550 quoque
1118 3496 1240 3550 quae
1279 3497 1348 3536 ex
1375 3483 1608 3538 concilio
1635 3485 1827 3538 Antio-

220 3571 410 3628 cheno
437 3572 698 3628 adversus
726 3573 951 3628 Paulum
981 3572 1395 3630 Samosatenum
1417 3577 1655 3632 excitata
1679 3586 1824 3632 sunt.

222 3665 388 3723 Adde
418 3665 824 3736 subsequentia.
861 3667 1099 3723 Hilarius
1153 3679 1342 3724 monet
1380 3667 1498 3742 (Lib
1528 3685 1583 3726 tv
1615 3670 1680 3725 de
1705 3669 1828 3725 Tri-

223 3763 330 3817 nit.
361 3779 413 3816 η.
449 3763 564 3835 16),
595 3761 896 3818 Εἱιίυιηίη
943 3763 1183 3819 creando
1230 3763 1430 3819 Mundo
1482 3764 1827 3821 obedientem

222 3853 398 3911 dictis
437 3854 530 3910 Dei
557 3853 781 3928 (Patris)
811 3857 1103 3912 exstitisse.
1136 3857 1310 3926 Atque
1335 3856 1390 3912 in
1419 3857 1670 3914 eumdem
1699 3874 1829 3914 sen-

224 3964 354 4004 sum
382 3948 676 4021 Gregorius
702 3947 1076 4006 Nazianzenus
1105 3948 1302 4022 (Carm.
1332 3967 1525 4005 arcano
1565 3965 1679 4017 vtu,
1703 3967 1826 4022 pag.

226 4043 363 4105 171,
395 4041 450 4114 6)
503 4042 619 4098 hinc
663 4043 779 4099 ait:
836 4063 855 4096 ι
893 4043 1017 4099 Fuit
1065 4043 1372 4114 aliquando,
1401 4059 1523 4098 cum
1575 4043 1828 4098 Mundutn

224 4139 531 4202 constituit.
580 4153 834 4210 magnum
863 4137 1064 4194 mentis
1094 4136 1336 4194 Verbum
1381 4139 1689 4206 obsequens
1717 4153 1826 4193 ma-

225 4233 324 4306 gni
371 4232 546 4289 Patris
578 4232 765 4289 menti.
807 4251 826 4286 ι
883 4232 1139 4288 Paulinus
1184 4230 1425 4287 Nolanus
1463 4231 1628 4287 etiam
1661 4228 1830 4303 (Poe-

229 4339 364 4386 mat.
397 4328 488 4390 52.
518 4346 569 4383 v.
598 4327 692 4400 85)
725 4347 738 4383 :

264 4475 272 4482 σ
334 4442 502 4493 Paruit
524 4443 608 4495 ille
633 4439 942 4509 (Unigenitus
965 4438 1124 4494 Filius
1145 4438 1237 4492 Dei
1257 4440 1491 4509 )_libens_,
1518 4441 1656 4492 Deus
1673 4442 1834 4490 omnia

923 4540 927 4545 η
1260 4505 1412 4567 [οιιιιι
1440 4505 1585 4556 Patre
1609 4517 1831 4565 concors,

455 4569 772 4622 Communem
797 4582 970 4620 curans
993 4583 1100 4620 rem
1126 4570 1312 4633 pietate
1336 4569 1458 4633 pari.

312 4700 400 4756 16.
435 4699 674 4756 Tertium
702 4709 862 4771 caput
891 4699 992 4754 ista
1043 4699 1441 4768 complectitur.
1475 4695 1832 4752 Ministerium

233 4793 405 4850 divini
435 4793 598 4848 Verbi
627 4810 656 4848 a
707 4793 866 4848 Patre
909 4800 1208 4862 acceptum,
1267 4790 1494 4860 ideoque
1545 4789 1688 4861 quod
1721 4805 1837 4846 tne-

233 4889 345 4945 rito
398 4886 661 4944 referatur
706 4887 772 4941 ad
828 4885 1078 4941 eumdem
1149 4885 1386 4950 Patrem,
1436 4883 1605 4938 veluti
1645 4898 1834 4939 verum

230 4992 514 5038 auctorem
545 4981 785 5051 ejusdem
827 4979 1134 5046 ministerii,
1177 4977 1590 5050 expressissime
1639 4978 1838 5034 docent

232 5075 660 5143 Constitutiones,
688 5091 820 5146 quas
848 5075 1171 5146 Apostolicas
1198 5073 1472 5143 appellant
1501 5071 1663 5143 (Vide
1683 5071 1835 5127 Cote-

235 5173 355 5228 Ierii
395 5172 747 5244 prwfationem
778 5170 830 5225 in
859 5169 957 5224 has
985 5167 1462 5236 constitutiones);
1514 5168 1713 5238 quippe
1767 5181 1833 5222 ea

234 5265 596 5322 similitudine
663 5263 934 5320 interdum
991 5271 1232 5322 utuntur.
1289 5277 1409 5333 qure
1462 5259 1838 5316 defensoribus

233 5359 826 5419 consubstantialitatis
852 5357 1018 5414 Verbi
1044 5356 1198 5411 Valde
1225 5369 1417 5425 aspera
1439 5357 1552 5409 visa
1583 5363 1685 5410 est.
1723 5352 1839 5409 Sci-

234 5442 374 5512 licet
414 5455 631 5521 doceut,
691 5474 708 5508 t
744 5455 1043 5511 Diaconum
1083 5453 1290 5508 referre
1337 5451 1537 5507 debere
1563 5451 1740 5506 omnia
1771 5449 1838 5504 ad

236 5550 600 5622 Episcopum,
627 5550 767 5606 sicut
787 5545 1038 5606 Christus
1068 5546 1236 5604 refert
1256 5547 1436 5602 omnia
1466 5545 1532 5599 ad
1563 5545 1834 5600 Patrem.»

237 5645 314 5703 Et
341 5661 407 5702 ne
427 5645 547 5717 quis
574 5660 636 5702 ea
661 5645 804 5701 dicta
847 5643 918 5702 de
955 5650 1246 5716 potestate,
1293 5657 1452 5714 quam
1484 5640 1734 5697 Christus
1787 5640 1839 5696 in

1930 3289 2032 3353 eis,
2061 3304 2197 3359 quos
2224 3287 2603 3353 excitavimus,
2631 3286 2901 3352 Patribus,
2926 3286 3231 3356 asperiores
3275 3288 3372 3342 bas
3396 3289 3541 3343 locu-

1931 3384 2108 3439 tiones
2143 3383 2381 3439 :etenitn
2414 3396 2580 3438 voces
2612 3381 2732 3446 bas,
2749 3380 2967 3454 jubente
3006 3381 3182 3446 Patre,
3219 3400 3245 3436 a
3275 3383 3541 3453 probatis‘

1933 3477 2086 3533 simis
2103 3476 2296 3532 lreuzei
2313 3475 2614 3540 codicibus,
2644 3473 2840 3545 quibus
2882 3473 3161 3541 Erasmus,
3207 3475 3410 3546 aliique
3449 3491 3540 3531 ve-

1935 3572 2189 3626 tustiores
2221 3570 2408 3625 Irentci
2450 3569 2690 3625 editores
2715 3568 2795 3624 usi
2839 3577 2986 3634 sunt,
3021 3570 3214 3626 abesse
3241 3570 3397 3646 docet
3429 3571 3535 3626 Re-

1933 3671 2090 3718 natus
2117 3662 2372 3730 Massuet,
2414 3665 2499 3718 cui
2549 3661 2809 3718 debemus
2838 3670 3164 3732 postremam
3199 3662 3388 3719 lrenzui
3420 3665 3538 3718 Cili'

1937 3758 2171 3830 tionem(
2194 3769 2246 3814 et
2263 3758 2487 3829 jubente
2504 3757 2685 3812 desunt
2712 3758 2766 3810 in
2820 3755 3022 3811 Erasm.
3050 3768 3096 3810 et
3118 3755 3258 3811 Gull.
3293 3758 3311 3828 (
3338 3776 3390 3829 p.
3435 3757 3542 3813 985

1935 3861 2060 3906 tom.
2087 3870 2104 3907 ι
2148 3854 2272 3906 edit.
2298 3849 2545 3922 Venetia).
2569 3851 3005 3921 Desuntquoque
3029 3851 3081 3905 in
3114 3851 3352 3907 editione
3403 3857 3536 3907 Aut-

1935 3943 2322 4001 stelodatnensi
2352 3943 2480 3998 anni
2507 3942 2644 3997 i724
2659 3942 3087 3998 Constitutionum
3105 3945 3536 4014 Apostolicarum,

1936 4055 2057 4112 quzc
2070 4039 2137 4093 de
2166 4046 2432 4108 potestate
2461 4038 2690 4102 creandi,
2719 4048 2774 4094 et
2794 4039 3132 4094 conservandi
3160 4056 3224 4096 ex
3269 4044 3542 4100 nonnullis

1937 4131 2323 4189 vetustioribus
2370 4129 2700 4186 editionibus
2734 4130 2943 4199 objecta
2981 4141 3125 4187 sunt.
3171 4133 3267 4189 Vel
3291 4135 3452 4190 etiam
3493 4139 3536 4192 si

1938 4243 2181 4294 moneas,
2211 4241 2422 4288 summo
2445 4226 2499 4280 in
2522 4225 2696 4296 pretio
2720 4241 2826 4280 non
2853 4225 3136 4282 habendos
3156 4243 3252 4283 eos
3307 4245 3497 4287 omnes
3521 4275 3536 4299 ,

1939 4337 2074 4394 quos
2103 4319 2456 4387 adduximus,
2503 4319 2784 4385 Doctores,
2811 4318 2948 4375 adeo
2974 4328 3032 4373 ut
3050 4321 3118 4375 ah
3138 4336 3324 4377 eorum
3352 4335 3542 4380 auctu-

1938 4416 2098 4472 ritate
2117 4414 2376 4470 commoti
2412 4413 2481 4469 ab
2512 4411 2910 4480 usitatissimis,
2936 4428 3000 4468 ac
3038 4415 3434 4484 probatissimis
3463 4419 3543 4474 lo-

1939 4508 2138 4581 quendi
2174 4507 2420 4564 formulis
2466 4507 2804 4562 recedamus.
2851 4503 2960 4562 Cur
3005 4508 3148 4563 enim
3191 4510 3242 4564 id
3280 4511 3542 4570 adbibere

1861 4598 1913 4659 D
1941 4603 2094 4659 nobis
2128 4618 2234 4656 non
2283 4601 2412 4657 licet
2458 4601 2600 4670 quod
2650 4598 2934 4655 Gennadio
2977 4607 3219 4668 proterre
3265 4603 3409 4660 licuit
3436 4605 3542 4678 (De

1943 4698 2147 4752 Eccles.
2169 4695 2408 4768 Dagmat.
2429 4712 2544 4766 cap.
2570 4693 2664 4765 4)?
2696 4709 2718 4746 ι
2744 4692 3165 4759 Nihilereatunt,
3190 4698 3542 4755 autserviens

1943 4793 1997 4847 in
2025 4791 2291 4846 Triuitate
2317 4788 2626 4851 credamus,
2655 4797 2712 4841 ut
2740 4785 2852 4841 vult
2875 4786 3163 4859 Dionysius
3187 4788 3307 4844 fons
3345 4793 3480 4846 Arii.
3516 4813 3533 4844 ι

1945 4887 2023 4943 De
2049 4901 2156 4957 quo
2193 4883 2408 4954 quidem
2460 4879 2746 4951 Dionysio,
2800 4880 3011 4934 tametsi
3056 4883 3442 4947 vetustissimo,
3489 4896 3544 4940 et

1947 4979 2242 5048 ctett-roqui
2267 4975 2518 5032 laudabili
2545 4974 2681 5038 viro,
2703 4972 2818 5028 h:t-c
2850 4974 3012 5028 etiam
3037 4975 3227 5029 litteris
3257 4979 3545 5046 consigna-

1947 5075 2023 5130 vit
2045 5072 2272 5129 Basilius
2299 5068 2493 5143 (Epist.
2522 5082 2613 5123 XLI
2635 5107 2650 5134 ,
2678 5067 2731 5120 in
2755 5067 2976 5120 editione
3007 5066 3149 5121 Patr.
3176 5068 3236 5123 S.
3266 5068 3445 5122 Mauri
3466 5086 3543 5138 lx,

1945 5185 2002 5222 η.
2033 5166 2093 5237 2)
2121 5184 2176 5220 ε(
2207 5163 2324 5219 Non
2353 5162 2532 5218 omnia
2564 5161 2710 5216 illius
2741 5161 2970 5216 hominis
3001 5161 3332 5218 admiramur
3359 5181 3374 5220 :
3409 5181 3546 5220 non-

1946 5260 2091 5316 nulla
2145 5272 2273 5313 vero
2323 5270 2545 5325 prorsus
2603 5254 2900 5322 rejicitnus.
2951 5255 3347 5324 Propemodum
3397 5260 3541 5314 enim

1950 5353 2128 5418 istius,
2152 5367 2270 5422 quae
2301 5363 2444 5404 nunc
2467 5347 2792 5420 divulgatur,
2818 5347 3110 5416 impietatis
3130 5349 3543 5418 Anomoeorutn,

1945 5454 2213 5520 quantum
2242 5444 2466 5509 scimus,
2496 5443 2704 5514 primus
2744 5441 2845 5497 iste
2870 5443 3105 5496 humano
3133 5444 3318 5512 generi
3341 5447 3550 5502 semina

1950 5542 2200 5616 praebuit.
2236 5560 2256 5593 ι
2291 5539 2624 5609 Quamquam
2657 5536 2803 5592 illum
2829 5535 3010 5591 statim
3030 5541 3548 5611 excusarealiquan-

1953 5639 2120 5710 tisper
2150 5635 2385 5701 studeat,
2419 5633 2534 5688 haec
2560 5629 2850 5701 subjiciens
2881 5647 2894 5685 :
2935 5649 2953 5682 ε
2973 5627 3204 5688 Causam
3235 5651 3366 5690 vero
3395 5637 3555 5709 hujus

320 5835 398 5912 (a)
434 5835 494 5895 ln
533 5835 627 5895 lib.
660 5840 847 5891 contra
893 5833 1144 5888 Sermon.
1175 5825 1430 5886 Arianor.
1457 5839 1578 5898 cap.
1608 5824 1665 5897 5,
1699 5821 1835 5881 alias
1877 5835 1934 5881 n.
1958 5821 2013 5880 4.

653 5933 929 5995 PunoL.
976 5926 1063 5988 X.

3034 5911 3117 5972 27
