4066 6424
604 276 712 333 815

1275 264 1347 328 [Ν
1381 263 1644 328 HILABH
1685 263 1903 323 EPIST.
1947 261 2076 322 SEU
2117 261 2204 321 Lll

2308 296 2342 322 ο.
2390 262 2844 324 DISSER'I‘ATIO
2882 263 3225 325 SECUNDA.
3760 272 3837 328 Sil

603 391 685 448 rei
723 403 829 446 non
860 394 987 460 puto
1027 383 1426 457 improbitatem
1471 381 1636 440 animi
1679 381 1876 446 fuisse,
1921 379 2015 436 sed
2060 378 2204 450 quod
2230 377 2286 441 Α
2312 381 2425 437 nuit
2447 380 2678 438 Basilius
2703 381 2865 439 verba
2899 382 2987 438 illa
3019 381 3216 438 Christi
3243 380 3550 452 explicans:
3583 382 3838 441 Mandatum

606 480 847 540 Sabellio
877 478 1251 535 vehementius
1280 477 1545 534 obluctari
1577 482 1820 546 cuperet.
1847 493 1866 526 ι
1903 473 2008 530 Sed
2057 481 2208 529 certe

608 576 790 632 omnia
817 573 962 632 eludi
997 588 1103 629 non
1138 577 1384 645 possunt.
1418 571 1548 641 Quis
1589 570 1734 626 enim
1764 569 1946 625 dicere
1988 568 2202 634 audeat,

607 676 863 741 corrupta
895 683 1016 724 esse
1046 667 1248 734 omnia,
1277 682 1396 738 qua:
1426 673 1586 721 antea
1613 663 1957 737 protulimus,
1986 661 2204 717 Patrum

607 763 746 829 loca,
789 777 910 818 cum
961 775 1127 834 pauca
1167 775 1230 815 ea
1276 775 1382 816 non
1428 759 1565 824 sint,
1614 767 1668 814 et
1715 757 1970 828 pleraque
2015 755 2206 812 horum

607 868 757 916 certo
779 857 1088 928 interrupta
1108 854 1250 910 sint?
1269 854 1387 910 Alio
1402 853 1564 925 igitur
1580 852 1952 924 confugiamus
1971 859 2204 922 oportet.

678 952 768 1007 20.
817 949 998 1006 Inveni
1042 958 1221 1004 autent
1253 947 1395 1016 apud
1427 945 1734 1018 probabiles
1763 946 2064 1017 Scriptores
2099 945 2209 1002 duo

608 1043 936 1100 solutionum
968 1041 1174 1113 capita,
1205 1055 1434 1111 quorum
1473 1039 1707 1108 primum
1753 1053 1819 1094 eo
1861 1037 2110 1102 vertitur,
2150 1044 2209 1091 ut

608 1144 829 1192 moneat
897 1133 1262 1204 asperioribus
1316 1133 1465 1187 hisce
1513 1131 1874 1186 locationibus
1935 1131 2204 1185 mitiorem

607 1244 826 1286 sensum
857 1228 1058 1284 inesse.
1106 1225 1357 1298 Rigorase
1400 1224 1604 1292 excipit
1647 1223 1863 1280 easdem
1906 1223 2208 1279 locutiones

607 1322 805 1379 solutio
840 1321 1008 1376 altera
1032 1362 1046 1386 ,
1085 1318 1178 1374 sed
1224 1333 1316 1374 eas
1342 1317 1409 1373 de
1453 1314 1649 1383 Verbo,
1683 1325 1946 1386 quatenus
1990 1314 2206 1371 Verbum

607 1425 712 1482 est,
741 1422 797 1470 et
820 1414 1124 1478 increatum,
1155 1409 1377 1466 minime
1401 1409 1613 1477 accipit.
1645 1407 1943 1480 Utramque
1977 1407 2208 1466 solutio-

609 1523 754 1572 nem,
790 1507 1041 1572 obsecro,
1074 1502 1464 1575 expendamus.

679 1604 770 1658 2|.
796 1601 962 1658 Aiunt
979 1603 1157 1674 itaque
1172 1601 1263 1672 qui
1284 1602 1508 1672 primam
1533 1609 1838 1672 proponunt
1854 1600 2202 1670 solutionem,

608 1697 748 1754 hanc
790 1697 973 1753 inesse
1022 1707 1133 1752 tum
1174 1694 1449 1766 profanis,
1480 1704 1590 1751 tum
1633 1694 1801 1749 sacris
1838 1693 2203 1766 Scriptoribus

2311 475 2487 544 accepi
2507 491 2538 529 a
2563 473 2738 541 Patre,
2770 475 2893 545 quid
2921 475 3111 541 dicam,
3164 483 3270 528 ctc.
3321 474 3527 530 Etenim
3577 474 3682 532 haec
3718 478 3842 534 dttht

2309 565 2401 624 ille
2431 567 2507 638 (a)
2543 583 2556 622 :
2591 585 2611 621 ε
2642 568 2894 623 Attamen
2948 583 3014 623 ne
3048 565 3188 622 forte
3213 581 3279 622 ex
3312 567 3660 638 magnitudine
3696 585 3840 626 eorum

2311 675 2433 731 quae
2462 660 2620 726 fiunt,
2652 662 2924 732 rapiamur
2953 661 3005 716 in
3055 660 3519 732 imaginationem,
3559 672 3612 718 ut
3645 675 3843 733 putemus

2313 753 2598 810 Dominum
2656 755 2921 826 principio
2959 770 3170 824 carere,
3198 755 3324 826 quid
3361 757 3434 811 ait
3478 756 3542 823 is,
3579 758 3662 828 qui
3689 775 3767 830 per
3802 777 3844 817 se

2310 847 2420 903 vita
2469 847 2586 903 est?
2629 847 2744 922 Ego
2773 849 2882 904 vivo
2928 858 3138 922 propter
3179 847 3413 905 Patrem.
3458 849 3522 906 Et
3546 850 3633 907 Dei
3675 853 3842 909 virtus:

2313 939 2438 996 Non
2465 952 2629 1010 potest
2659 905 2706 996 ἦ
2708 941 2830 1000 ilius
2855 958 2886 996 a
2912 905 2966 999 sre
2985 905 3158 1012 [dcere
3175 943 3464 1013 quicquam.
3489 905 3843 1017 Rursus‘ian‘ui

2313 1050 2378 1090 ex
2408 1035 2646 1106 perfecta
2676 1044 2760 1092 est
2787 1034 3054 1108 sapientia
3084 1052 3099 1090 :
3129 1035 3442 1092 [laudatum
3463 1038 3642 1109 accepi,
3669 1039 3772 1108 quid
3784 1039 3844 1091 di.

2312 1144 2445 1194 cam,
2477 1139 2524 1183 et
2544 1128 2667 1198 quid
2711 1128 2891 1199 loquar
2920 1145 2939 1184 :
2960 1143 3054 1201 per
3095 1128 3210 1184 haec
3252 1129 3436 1186 omnia
3460 1129 3650 1186 ducens
3686 1146 3767 1186 nos
3795 1130 3844 1186 ad

2313 1223 2486 1279 Patris
2532 1225 2892 1295 cognitionem
2917 1265 2932 1290 ,
2987 1234 3044 1280 et
3089 1225 3502 1282 admirationem
3545 1242 3710 1282 eorum
3753 1245 3842 1297 que

2311 1316 2558 1389 gerebat,
2598 1315 2667 1371 ad
2710 1316 2860 1372 illum
2900 1316 3163 1386 referens,
3199 1328 3255 1372 ut
3296 1333 3394 1388 per
3421 1319 3586 1386 ipsum
3609 1333 3842 1391 cognosca-

2311 1424 2434 1465 mus
2463 1409 2704 1468 Patrem.
2749 1409 2868 1468 Non
2891 1412 3034 1466 enim
3062 1427 3129 1467 ex
3165 1427 3390 1481 operum
3421 1411 3699 1468 differentia
3723 1414 3844 1469 Pater

2317 1504 2666 1574 conspicitur,
2691 1503 2847 1574 quasi
2869 1504 3214 1574 peculiarem,
3236 1514 3399 1575 atque
3424 1514 3702 1576 separatam
3719 1507 3843 1563 actio-

2311 1614 2437 1655 nem
2469 1599 2723 1656 exbibeat
2775 1599 3174 1673 (qumcumque
3205 1599 3371 1655 enim'
3395 1599 3543 1655 videt
3581 1600 3760 1657 Patrem
3790 1604 3842 1655 fa-

2317 1693 2570 1761 cientem,
2601 1694 2717 1750 haec
2760 1705 2815 1750 et
2858 1695 3029 1750 Filius
3076 1696 3324 1751 similiter
3366 1696 3566 1767 facit);
3608 1712 3759 1752 verum
3794 1713 3840 1752 es

609 1792 1079 1856 consuetudinem,
1109 1801 1164 1846 ut
1195 1791 1559 1862 asperioribus
1587 1790 1908 1860 quihusdam
1937 1792 2211 1848 vocabulis
2242 1786 2291 1848 B
2315 1787 2504 1860 gloria,
2535 1804 2653 1858 quae
2681 1792 2729 1843 ei
2754 1787 2822 1844 ab
2873 1786 3154 1858 Unigenito
3177 1788 3421 1845 defertur
3444 1830 3458 1854 ,
3489 1804 3694 1859 operum
3724 1790 3837 1844 ira-

615 1887 886 1944 mitiorem
916 1903 1158 1955 sensum,
1189 1901 1252 1943 ac
1283 1886 1730 1957 significationem
1756 1887 2014 1955 tribuant,
2045 1890 2213 1942 minus

612 1981 834 2053 intelligi
855 1981 1074 2038 volentes
1104 1981 1121 2052 (
1147 1989 1204 2036 ut
1231 1989 1286 2036 et
1308 1980 1581 2052 vulgatum
1613 1980 1712 2036 fert
1737 1980 2025 2052 adagium)
2058 1996 2214 2051 quam

606 2075 663 2130 in
710 2076 930 2148 speciem
985 2083 1255 2144 appareat.
1313 2072 1518 2129 Omitto
1569 2082 1785 2129 exteros
1851 2073 2213 2144 profanosque

608 2169 936 2239 Scriptores,
981 2169 1032 2222 in
1074 2168 1270 2238 quibus
1296 2166 1592 2238 frequentia
1624 2167 1916 2223 admodum
1939 2175 2066 2222 sunt
2095 2167 2210 2222 haec

608 2261 877 2332 exempla,
899 2271 956 2316 ut
980 2261 1031 2316 in
1063 2261 1230 2315 sacris
1251 2260 1562 2316 auctoribus
1585 2261 1900 2316 consistam.
1937 2260 2063 2316 llaec
2081 2274 2212 2318 sane

605 2351 808 2409 Paulus
847 2353 1259 2409 Colossensibus
1282 2351 1705 2424 scribit(Coloss.
1737 2369 1811 2421 tv,
1843 2351 1932 2423 t0)
1961 2370 1974 2406 :
2005 2353 2211 2410 Salutat

603 2460 691 2500 vos
717 2445 1044 2501 Aristarchus
1067 2446 1395 2518 concaptivus
1426 2462 1586 2510 meus,
1621 2455 1669 2500 et
1701 2445 1914 2502 Marcus
1951 2447 2212 2502 consobri-

603 2555 727 2608 nus,
747 2538 920 2610 dequo
935 2539 1492 2619 accepistismandata.
1509 2538 1679 2594 Porro
1701 2555 1764 2594 eo
1785 2539 2050 2594 vocabulo
2073 2555 2210 2609 pra:-

605 2643 755 2704 cepta
792 2635 1020 2705 rigorose
1069 2643 1277 2705 accepta
1326 2632 1545 2688 minime
1589 2632 1834 2688 denotari
1886 2633 2210 2703 interpretes

603 2726 850 2796 plerique
880 2725 1119 2780 tradunt.
1153 2725 1281 2782 llaec
1301 2725 1463 2780 etiam
1500 2727 1552 2780 in
1580 2725 1714 2782 libro
1744 2725 1909 2782 Josue
1939 2725 2212 2783 Habemus

605 2818 810 2892 (Iosue,
835 2835 891 2887 ι,
918 2817 1008 2890 14)
1039 2818 1316 2874 Obediente
1330 2816 1555 2874 Domino
1577 2820 1685 2874 voci
1705 2820 1946 2874 hominis.
1962 2818 2067 2876 Sed
2089 2820 2211 2889 quis

605 2914 724 2970 haec
765 2915 1006 2987 rigorose
1037 2914 1305 2985 accipiat?
1326 2916 1409 2970 An
1437 2915 1579 2970 Deus
1619 2913 1737 2970 voci
1757 2914 1989 2972 hominis
2011 2929 2071 2970 se
2091 2914 2210 2970 sub-

602 3008 805 3076 mittit,
839 3009 1025 3079 illique
1068 3009 1258 3079 paret?
1294 3009 1434 3064 Alibi
1477 3009 1616 3064 Dcus
1656 3007 1771 3078 ipse
1803 3008 1919 3064 haec
1957 3007 2024 3064 de
2050 3023 2108 3062 se
2136 3008 2210 3064 ait

605 3100 794 3174 (lsai.,
824 3120 941 3172 cap.
973 3117 1123 3167 xuu,
1151 3101 1283 3172 24):
1319 3100 1523 3159 Sert'ire
1555 3118 1632 3156 me
1674 3101 1867 3172 fecistis
1902 3103 1958 3154 in
1986 3100 2209 3172 peccatis

602 3199 802 3253 vestris.
832 3196 1132 3253 Prtebttistis
1157 3198 1282 3252 mihi
1314 3198 1558 3253 laborem.
1591 3199 1674 3254 An
1709 3197 1852 3253 Deus
1875 3237 1889 3262 ,
1920 3196 2046 3252 dum
2079 3209 2205 3265 pec-
2231 3182 2276 3246 C

603 3292 982 3361 camus,nobis
1010 3292 1254 3360 inservit,
1287 3291 1474 3362 illique
1499 3292 1737 3348 laborem
1768 3288 2132 3362 imponimus?

680 3408 772 3462 ῃ.
825 3406 1027 3463 Morem
1076 3409 1220 3463 hunc
1259 3405 1497 3477 profecto
1542 3406 1786 3476 sequitur
1816 3404 2048 3461 Hilarius
2089 3403 2206 3459 haec

600 3499 848 3556 elocutus
878 3500 991 3572 (lib.
1021 3516 1056 3555 ιι
1089 3500 1152 3554 de
1178 3498 1386 3564 Trinit.,
1411 3517 1462 3552 η.
1485 3497 1580 3571 24)
1610 3515 1623 3552 :
1649 3516 1667 3550 ι
1694 3499 1920 3554 Humani
1944 3499 2087 3554 enim
2106 3513 2202 3568 ge-

611 3591 761 3646 neris
789 3607 949 3646 causa
977 3591 1070 3647 Dei
1097 3591 1239 3646 filius
1265 3601 1421 3646 natus
1441 3607 1505 3646 cx
1543 3590 1757 3662 Virgine
1784 3601 1887 3659 est,
1919 3602 1974 3647 et
2004 3591 2204 3661 Spiritu

610 3682 812 3741 Sancto
843 3685 960 3754 ipso
991 3684 1092 3739 sibi
1125 3687 1176 3738 in
1209 3685 1308 3739 bac
1334 3684 1650 3754 Operatione
1681 3684 1991 3749 famulante,
2024 3696 2076 3739 et
2108 3700 2202 3740 sua

604 3777 740 3850 (Dei
791 3775 1062 3850 uidelicet)
1118 3777 1458 3833 inumbrante
1518 3777 1746 3841 virtute,
1799 3779 2042 3848 corporis
2101 3779 2202 3835 sibi

599 3871 747 3928 initia
771 3872 1032 3928 conserit.
1049 3891 1066 3924 ι
1096 3871 1450 3927 AnDivinum
1468 3870 1702 3927 Verbum
1731 3872 1954 3943 (ctenim
1971 3870 2203 3943 Spiritus

598 3966 783 4022 Sancti
828 3967 1044 4021 nomine
1084 3965 1170 4021 hic
1215 3965 1456 4021 Divinum
1494 3966 1718 4021 Verbum
1773 3975 1788 4038 (
1823 3965 1951 4020 Vide
1983 3977 2204 4022 annota-

596 4061 785 4115 tionem
812 4061 1103 4130 appositam
1130 4061 1248 4113 huic
1271 4059 1404 4126 loco,
1435 4061 1602 4115 littera
1637 4058 1711 4133 g)
1744 4058 2035 4131 intelligit)
2072 4061 2202 4117 sibi-

600 4155 818 4224 mctipsi
850 4153 1172 4209 famulantur?

673 4250 766 4305 ‘25.
808 4247 1025 4304 Similes
1056 4249 1174 4302 aliae
1215 4249 1518 4304 locutiones
1559 4248 1700 4304 haud
1749 4248 2114 4319 infrequentes
2147 4249 2197 4301 in

598 4343 814 4399 Sanctis
854 4343 1106 4399 Patribus
1153 4351 1299 4399 sunt.
1356 4342 1466 4400 Sed
1498 4343 1807 4414 superiores
1838 4343 2088 4399 retulisse
2129 4341 2200 4396 sit

597 4436 750 4492 satis.

667 4527 758 4582 24.
802 4526 894 4581 His
916 4527 1244 4592 constitutis,
1279 4537 1502 4583 monent
1529 4527 1812 4597 Theologi,
1836 4543 1952 4597 eas,
1978 4529 2048 4584 de
2074 4529 2196 4598 qui-

2319 1884 2497 1939 culutn
2523 1883 2716 1952 carpit,
2741 1883 2866 1937 dum
2897 1896 3094 1953 praeter
3115 1900 3338 1952 operum
3373 1883 3771 1954 magnitudinem,
3790 1884 3836 1938 de

2317 1977 2438 2048 ipso
2481 1978 2646 2032 etiam
2691 1985 2912 2034 auctore
2948 1992 3172 2048 operum
3215 1977 3515 2049 gloriatur,
3556 1989 3606 2034 et
3640 1981 3840 2034 uallatur

2319 2072 2387 2127 ah
2411 2071 2499 2137 iis,
2527 2072 2618 2142 qui
2641 2080 2940 2143 agnoscunt
2965 2087 3089 2128 eum
3119 2073 3333 2128 Patrem
3361 2074 3565 2129 Domini
3593 2072 3735 2128 nostri
3751 2070 3839 2127 Jesu

2315 2167 2516 2222 Christi
2539 2184 2558 2222 ς
2586 2166 2689 2221 Per
2706 2184 2858 2238 quem
2879 2169 3071 2237 omnia,
3095 2179 3142 2223 et
3165 2179 3378 2242 propter
3403 2187 3551 2242 quem
3575 2171 3738 2225 omnia.
3756 2168 3843 2224 Ideo

2328 2261 2457 2317 dicit
2507 2261 2766 2318 Dominus
2797 2280 2812 2317 ε
2841 2262 3030 2318 Omnia
3073 2280 3186 2318 mea
3237 2276 3327 2319 tua
3354 2275 3493 2333 sunt,
3525 2274 3579 2320 ut
3619 2265 3678 2320 ad
3714 2264 3841 2334 ipsum

2326 2355 2588 2426 originem
2615 2370 2796 2412 rerum
2818 2356 3159 2412 conditarum
3185 2357 3430 2413 referens
3460 2376 3473 2412 :
3500 2355 3566 2412 Et
3588 2367 3666 2412 tua
3680 2373 3784 2418 utea.
3803 2362 3842 2411 ut

2322 2448 2448 2503 inde
2493 2448 2754 2519 principia
2803 2448 3022 2504 creandi
3070 2449 3363 2521 accipiens,
3399 2466 3502 2506 non
3531 2449 3661 2521 quod
3684 2447 3842 2504 auxiliis

2315 2552 2496 2598 utatur
2517 2542 2584 2598 ad
2615 2543 2966 2612 Operandum,
3005 2559 3180 2614 neque
3216 2544 3360 2615 quod
3393 2560 3460 2600 ex
3505 2543 3842 2614 particularibus

2316 2639 2586 2696 mandatis
2613 2637 3042 2709 uniuscujusque
3079 2640 3262 2710 operis
3305 2638 3654 2695 ministeﬁum
3679 2650 3842 2693 concre-

2313 2731 2473 2788 datur
2501 2750 2515 2800 ;
2550 2747 2671 2786 nam
2705 2731 2849 2787 istud
2880 2729 3095 2802 quidem
3139 2732 3357 2797 servile,
3405 2740 3459 2786 et
3482 2747 3510 2786 a
3538 2732 3696 2786 divina
3717 2727 3842 2799 digni-

2314 2834 2424 2882 tate
2449 2827 2712 2881 immenso
2741 2835 3006 2880 semotum
3031 2825 3318 2880 intervallo
3346 2844 3359 2880 :
3393 2826 3489 2883 sed
3515 2824 3643 2896 quod
3665 2823 3841 2879 Verbum

2319 2921 2559 2992 paternis
2605 2921 2760 2976 bonis
2801 2921 3017 2990 plenum
3074 2921 3432 2991 resplendens
3457 2938 3486 2977 a
3516 2922 3680 2986 Patre,
3713 2918 3841 2972 omnia

2324 3016 2452 3074 facit
2483 3015 2550 3072 ad
2573 3015 2978 3072 similitudinem
3009 3013 3149 3085 ejus,
3195 3017 3286 3085 qui
3334 3016 3510 3086 ipsum
3537 3011 3837 3086 genuit:Nam

2315 3113 2359 3166 si
2388 3111 2536 3183 juxta
2564 3112 2856 3167 essentiam
2887 3109 3020 3164 nihil
3050 3108 3231 3165 diﬁert
3257 3125 3287 3164 ιι
3315 3109 3497 3176 Patre,
3525 3124 3617 3164 nec
3639 3105 3837 3179 potentia,

2310 3208 2471 3263 etiam
2501 3222 2531 3260 a
2560 3205 2718 3260 Patre
2763 3204 2962 3260 differt.
3002 3202 3176 3258 Porro
3206 3216 3437 3272 quorum
3465 3200 3668 3272 aqualis
3691 3204 3756 3254 est
3777 3207 3840 3265 po-

2309 3299 2497 3366 tentia,
2525 3299 2715 3354 ltorum
2739 3297 2962 3352 omnino
3005 3295 3228 3366 aequalis
3267 3303 3355 3350 est
3375 3303 3432 3353 et
3455 3294 3694 3365 operatio.
3721 3286 3836 3344 Chri-

2309 3404 2427 3451 stus
2448 3392 2712 3462 siquidem
2751 3392 2845 3447 Dei
2867 3392 3038 3446 virtus
3063 3397 3167 3455 est,
3197 3396 3253 3444 et
3279 3388 3376 3445 Dei
3420 3387 3668 3459 sapientia
3691 3402 3702 3437 :
3725 3391 3767 3438 et
3784 3381 3838 3435 sic

2308 3488 2490 3545 omnia
2521 3503 2616 3558 per
2642 3487 2815 3557 ipsum
2847 3486 2984 3540 facta
3011 3493 3160 3548 sunt,
3182 3482 3476 3553 omniaque
3503 3496 3593 3551 per
3620 3481 3778 3548 ipsum,
3798 3483 3836 3526 et

2308 3584 2360 3640 in
2386 3584 2559 3654 ipsum
2589 3582 2807 3637 condita
2834 3587 2980 3647 sunt,
3029 3593 3134 3634 non
3163 3576 3307 3646 quod
3339 3573 3712 3632 instrumentali
3743 3582 3839 3640 quo-

2307 3677 2431 3733 dam
2474 3690 2539 3729 ac
2583 3674 2764 3730 servili
2817 3672 3119 3729 ministerio
3164 3670 3421 3742 fungatur
3453 3688 3464 3722 :
3498 3669 3588 3726 sed
3615 3664 3733 3736 quod
3759 3673 3839 3716 tan-

2307 3785 2466 3842 quam
2497 3767 2746 3824 conditor
2777 3775 3054 3836 paternam
3087 3765 3306 3835 impleat
3326 3764 3665 3820 voluntatem.
3692 3776 3708 3811 ›
3832 3829 3836 3832 .

2377 3864 2471 3918 27.
2513 3863 2778 3917 Posumus
2817 3862 3002 3923 etiam,
3045 3860 3089 3914 si
3131 3860 3407 3925 volumus,
3450 3847 3840 3928 νει-1)ορκὸεοιὴ

2306 3957 2474 4013 bitere
2510 3956 2932 4026 explicationem
2977 3953 3198 4008 afﬁnem
3236 3952 3312 4007 illi
3356 3967 3520 4024 quam
3552 3950 3698 4005 verbo
3722 3944 3838 3996 dom

2308 4052 2514 4110 tribuit.
2543 4061 2679 4107 teste
2702 4051 2944 4112 Patavio,
2969 4048 3260 4119 Gregorius
3271 4047 3637 4103 Nazianzenus
3657 4061 3668 4097 :
3688 4038 3841 4096 scilicet

2307 4153 2365 4200 ut
2393 4143 2936 4200 communicationem
2969 4141 3208 4198 idearum
3231 4139 3476 4196 denotet.
3509 4138 3667 4194 Porro
3685 4130 3840 4189 5.1M-

2305 4237 2440 4294 toris
2469 4238 2654 4301 verba,
2685 4252 2806 4308 quae
2835 4235 2997 4292 etiam
3047 4234 3115 4290 ad
3144 4232 3520 4304 explicandum
3570 4227 3754 4286 tertium
3775 4233 3840 4290 ge-

2306 4347 2410 4388 nus
2434 4331 2767 4386 locutionum
2799 4329 3027 4384 mirifice
3060 4329 3285 4399 ,juvant,
3320 4327 3409 4382 hic
3437 4325 3686 4382 adducere
3707 4328 3839 4388 opera

2307 4425 2538 4498 pretium
2562 4440 2707 4482 rcor.
2741 4441 2759 4476 ι
2790 4423 3076 4492 Quoniam,
3109 4422 3279 4493 inquit
3327 4421 3422 4477 ille
3478 4417 3723 4494 (Oratione
3745 4406 3837 4475 36>.

2303 4535 2484 4576 rerum
2541 4518 2852 4574 earumdem
2907 4517 3106 4573 formas
3152 4516 3318 4572 veluti
3377 4518 3430 4571 in
3483 4517 3594 4587 ipso
3636 4501 3837 4579 impritltii

597 4623 701 4678 bus
729 4621 1069 4682 disserimus,
1101 4620 1430 4688 locutiones,
1464 4622 1801 4677 cetnmodam
1842 4623 2070 4691 aliquam
2102 4639 2197 4678 ex-

2308 4612 2464 4668 Pater
2497 4630 2510 4666 :
2540 4611 2852 4682 exsequitur
2881 4619 3059 4666 autem
3090 4608 3327 4666 Verbum
3362 4625 3470 4664 non
3512 4603 3748 4675 imperite,
3770 4592 3836 4651 sed

598 4715 941 4783 plicationem
1001 4715 1257 4784 excipere
1285 4716 1478 4784 procul
1508 4713 1674 4769 dubio
1721 4713 2195 4770 debereztametsi

595 4809 842 4865 eamdem
866 4809 1279 4878 explicationem
1304 4826 1408 4864 non
1443 4827 1630 4864 omnes
1658 4810 1948 4880 excipiant,
1975 4819 2029 4864 et
2052 4811 2191 4865 diffi-

595 4903 699 4957 cile
725 4903 882 4956 vnltle
913 4902 986 4955 sit
1013 4910 1215 4956 certam
1249 4902 1481 4971 aliquam
1512 4903 1771 4957 iudicare.

803 4994 855 5048 lu
887 5009 968 5050 eo-
989 4995 1226 5065 plerique
1246 4996 1593 5062 conveniunt,
1629 5007 1682 5050 ut
1714 4997 1818 5064 bis,
1847 5005 1902 5051 et
1929 4994 2197 5050 similibus

594 5088 882 5161 pbrasibus
911 5104 1017 5142 non
1048 5087 1190 5141 aliud
1239 5087 1557 5156 dcuntetur,
1595 5090 1695 5142 nisi
1736 5088 1950 5144 Patrem
1996 5087 2196 5157 princi-

595 5181 743 5251 pium
763 5197 886 5236 esse
912 5182 1288 5250 operationum,
1319 5196 1424 5235 non
1452 5181 1611 5236 modo
1640 5181 1705 5235 ad
1733 5183 1890 5248 intra,
1919 5198 2022 5253 qua
2046 5181 2114 5236 de
2135 5197 2194 5236 re

593 5288 755 5330 nemo
781 5274 1043 5344 disputat,
1076 5275 1184 5330 nisi
1210 5277 1442 5329 Arianus
1465 5275 1512 5328 is
1543 5276 1643 5342 sit;
1675 5292 1861 5331 verum
1890 5277 2050 5330 etiam
2074 5291 2195 5344 ape-

590 5368 848 5423 rationum
869 5369 937 5422 ad
960 5378 1127 5435 extra,
1153 5379 1421 5440 quatenus
1449 5368 1518 5422 ab
1543 5383 1610 5423 eo
1639 5377 1695 5422 ut
1715 5373 1854 5440 fonte
1881 5369 1900 5442 (
1929 5367 2029 5423 hac
2048 5371 2190 5424 enim

593 5459 948 5518 similitudine
987 5461 1179 5518 Patres
1222 5461 1322 5533 ipsi
1358 5469 1582 5516 utuntur
1606 5459 1626 5531 )
1649 5472 1837 5516 cuneta
1869 5460 2186 5531 procedunt.

663 5550 752 5605 ‘26.
796 5551 1145 5624 Augusunus,
1185 5568 1347 5625 quem
1373 5566 1602 5609 numero
1628 5552 1695 5607 12
1737 5552 1984 5622 allegari,
2014 5551 2067 5606 id
2110 5551 2192 5606 in-

592 5641 774 5701 dicare
823 5644 1034 5702 videtur
1069 5664 1083 5703 :
1120 5645 1216 5703 sed
1258 5658 1406 5704 certe
1467 5661 1586 5702 eam
1642 5643 2060 5715 explicationem
2111 5642 2192 5697 in-
2255 5673 2281 5728 ,ι

2301 4706 2557 4767 scienter,
2586 4713 2661 4768 et,
2691 4713 2746 4758 ut
2784 4703 2961 4774 aptius
2990 4703 3198 4773 loquar,
3226 4713 3470 4773 paterae.
3514 4719 3534 4753 ι
3563 4696 3739 4765 Quibus
3763 4689 3834 4743 Na-

2300 4798 2540 4852 zianzeni
2564 4797 2747 4854 verbis
2773 4797 3015 4851 recitatis
3048 4798 3162 4852 tunc
3192 4797 3440 4852 Petavius
3477 4787 3705 4863 sulijicit(
3722 4785 3834 4839 lib."

2301 4891 2371 4948 de
2397 4891 2686 4960 Trinitate,
2713 4909 2829 4960 cap.
2859 4892 2915 4956 4,
2941 4908 3083 4944 num.
3110 4891 3142 4945 6
3168 4893 3186 4960 )
3211 4908 3223 4943 :
3250 4909 3268 4942 ι
3294 4889 3499 4959 Quibus
3519 4888 3569 4942 in
3591 4881 3742 4940 verbis
3757 4887 3830 4929 vos

2301 4989 2587 5061 ἐνσημαίνει
2615 5003 2720 5042 non
2753 4996 2836 5040 est
2865 4986 3185 5055 simpliciter
3205 4985 3475 5058 designare
3497 5025 3511 5050 ,
3543 4989 3597 5037 ut
3623 4975 3756 5034 vertit
3775 4971 3834 5024 itt-

2305 5089 2536 5150 terpres,
2570 5081 2662 5135 sed
2695 5081 2744 5134 in
2775 5079 2881 5134 alio
2916 5079 3067 5134 velut
3114 5078 3424 5148 imprimere
3453 5095 3467 5133 :
3497 5074 3629 5131 unde
3652 5070 3830 5126 constet.

2301 5171 2517 5227 Patrem
2552 5173 2790 5228 indicare
2820 5171 2980 5236 Filio,
3011 5170 3097 5226 vel
3125 5186 3249 5226 eum
3279 5169 3500 5232 docere,
3545 5165 3660 5238 quid
3680 5160 3833 5215 facien-

2301 5263 2429 5319 dum
2456 5268 2547 5332 sit,
2571 5275 2627 5321 et
2651 5263 2805 5336 quasi
2828 5263 3184 5318 monstrando
3201 5262 3413 5333 pra-ire,
3436 5259 3565 5316 nihil
3585 5251 3710 5312 aliud
3726 5259 3828 5306 esse.

2299 5359 2402 5412 nisi
2427 5359 2602 5414 eidem
2635 5374 2738 5414 una
2768 5373 2891 5413 cum
2925 5366 3114 5413 natura
3143 5365 3197 5412 et
3224 5355 3456 5413 essentia
3500 5344 3662 5409 rerum
3682 5344 3832 5399 facien-

2300 5452 2490 5509 darum
2517 5451 2953 5522 intelligentiam,
2984 5460 3038 5507 et
3063 5466 3249 5507 earum
3290 5450 3518 5514 formas,
3561 5433 3832 5514 atqttoidetts

2301 5549 2702 5605 communicare
2733 5546 3022 5619 gignendo.
3065 5564 3087 5601 ι

2373 5641 2723 5698 Paretitimus
2753 5640 3017 5696 hactenus
3048 5639 3100 5696 in
3130 5641 3304 5711 prima
3332 5635 3594 5694 solutione
3617 5630 3663 5686 in
3687 5630 3828 5692 θοβθ·

591 5830 596 5841 ’
665 5829 743 5900 (α)
770 5831 848 5886 Ex
899 5829 1341 5902 interpretatione
1380 5830 1637 5888 editionis
1658 5831 1803 5889 Patr.
1828 5832 1885 5889 S.
1940 5827 2231 5897 Mauri,lib.
2266 5829 2329 5886 de
2361 5831 2565 5900 Spiritu
2585 5832 2802 5901 Sancta,
2826 5831 2892 5890 ad
2917 5831 3380 5906 Amphilochium,
3411 5847 3529 5906 cap.
3553 5832 3602 5900 8,
3626 5844 3672 5884 η.
3702 5821 3771 5881 19.
