4066 6424
213 297 331 357 855

892 291 962 351 ΙΝ
1000 288 1262 353 HILARII
1338 288 1556 349 EPIS'I‘.
1600 286 1733 349 SEU
1773 285 1846 345 LI

1952 289 2000 346 ῐ..
2042 282 2492 353 DISSERTA'I‘IO
2529 278 2873 353 SECUNDA.

3431 292 3537 351 Sili

214 409 351 478 sita,
375 406 518 481 quod
544 404 910 478 asperioribus
935 404 1084 462 hisce
1108 402 1471 461 locutionibus
1498 402 1679 460 mitior
1700 416 1825 459 sen-
1852 403 1904 464 Α
1930 403 2075 458 enim
2098 420 2305 461 carnem
2328 415 2502 460 natam
2520 402 2914 477 assumpserat).
2939 420 3043 463 non
3065 412 3237 463 tamen
3255 406 3309 462 in
3331 408 3537 481 nulla):

218 517 320 559 sus
350 501 634 557 inhaereat.

295 597 390 651 εδ.
432 594 663 668 Aggredi
696 594 959 652 debemus
1006 609 1148 651 nunc
1184 592 1507 651 solulionem
1559 593 1781 650 alteram
1809 631 1827 663 ,

217 704 349 760 qua:
375 688 593 746 easdem
639 687 963 755 locutiones,
1010 696 1102 744 aut
1143 696 1293 745 certe
1343 701 1591 758 magnam
1642 700 1828 741 earum

219 790 438 852 partem
469 779 712 853 (etenim
744 778 958 836 Paulini
998 779 1150 838 locus
1191 786 1467 852 postrema
1507 777 1612 835 hac
1658 776 1832 847 expli-

219 873 442 933 catione
471 887 531 931 se
551 870 827 944 explanari
856 888 964 928 non
990 871 1155 944 sinit)
1180 873 1410 946 rigorose
1437 871 1655 943 quidem
1683 870 1831 927 acci-

223 967 327 1038 pit,
355 965 451 1023 sed
482 975 641 1039 negat
665 982 759 1025 eas
778 967 845 1024 de
881 966 1051 1022 Verbo
1096 975 1365 1038 quatenus
1394 965 1617 1023 Verbum
1645 976 1749 1035 est,
1779 974 1835 1024 et

222 1058 550 1123 incrcatum,
583 1061 753 1128 accipi
779 1075 956 1130 posse.
984 1060 1205 1117 Scilicet
1233 1059 1467 1118 Verbum
1494 1103 1508 1132 ,
1540 1061 1829 1133 inquiunt,

222 1147 280 1206 in
308 1167 493 1208 rerum
519 1152 915 1213 mundanorum
959 1154 1238 1217 creatione
1276 1167 1592 1225 corpoream
1645 1170 1835 1228 qnam-

226 1244 353 1302 dam
383 1245 641 1316 speciem,
671 1260 901 1317 eamqne
930 1244 1181 1305 humanm
1220 1246 1574 1312 simillimam,
1617 1262 1714 1305 seu
1742 1262 1835 1318 po-

233 1340 344 1399 tius
399 1340 688 1401 humanam
714 1341 909 1413 ipsam,
949 1341 1046 1401 sed
1092 1340 1284 1412 forma,
1334 1349 1392 1398 et
1441 1340 1838 1414 pulchritudine

223 1432 440 1505 egregia
483 1433 822 1503 assumpsit:
862 1444 1026 1504 atque
1077 1433 1131 1489 in
1184 1449 1246 1490 ea
1298 1443 1491 1491 cuncta
1543 1433 1833 1503 condidit,

220 1524 458 1597 ideoque
474 1524 872 1593 liomiuem,cui
892 1527 945 1582 in
963 1526 1174 1593 eadem,
1198 1542 1359 1599 quam
1381 1527 1638 1597 diximus,
1660 1525 1837 1587 forma

224 1632 288 1675 se
319 1617 604 1676 visendum
638 1618 889 1690 praebuit,
920 1634 1154 1693 eumque
1192 1620 1460 1679 allocutus
1507 1630 1610 1681 est.
1650 1619 1839 1692 Neque

224 1727 360 1769 vero
391 1711 603 1769 Adamo
631 1712 810 1771 solum
840 1727 901 1769 se
923 1713 977 1769 in
1003 1728 1068 1771 ea
1094 1713 1375 1773 visendum
1402 1714 1621 1780 obtulit,
1649 1730 1841 1771 verum

1930 505 1988 552 et
2029 511 2174 566 srepe
2221 498 2368 554 alibi.
2415 497 2521 555 Sed
2574 500 2918 569 apertissime
2970 496 3022 553 id
3068 498 3229 556 docet
3275 501 3538 559 adversus

1929 588 2261 647 Marcionem
2292 590 2576 662 disputans
2601 609 2613 646 :
2644 592 2847 651 etenim
2878 590 2998 649 haec
3024 593 3300 664 eloquitur
3329 595 3442 667 (lib.
3475 612 3535 661 tr,

1930 700 2048 755 cap.
2078 684 2148 740 27
2178 682 2197 757 )
2230 701 2243 737 :
2291 702 2311 737 ι
2368 684 2499 740 Nam
2550 692 2607 740 et
2648 687 2970 757 proﬁtemur
3002 684 3277 744 Christum
3321 701 3539 757 semper

1932 777 2112 847 egisse
2141 776 2195 832 in
2231 776 2327 832 Dei
2359 776 2532 831 Patris
2561 777 2800 842 nomine,
2830 777 3006 847 ipsum
3036 777 3107 837 ab
3129 778 3284 839 initio
3312 794 3542 839 conver-

1934 879 2136 936 satum,
2165 871 2340 941 ipsum
2388 882 2742 940 congressum
2772 885 2894 926 eum
2939 870 3270 929 Patriarcbis
3292 913 3310 941 ,
3338 884 3392 929 et
3422 889 3543 945 pro-

1935 966 2137 1039 phetis,
2182 964 2351 1021 lilium
2392 966 2681 1028 creatoris.
2714 980 3021 1039 sermonem
3071 966 3226 1038 ejus,
3271 983 3433 1039 quem
3475 983 3543 1025 ex

1936 1062 2231 1130 semetipso
2268 1060 2596 1133 proferendo
2626 1061 2798 1121 illium
2830 1060 3028 1117 fecit...
3064 1063 3115 1117 in
3167 1063 3285 1119 haec
3328 1078 3542 1135 quoque

1936 1152 2233 1224 dispositus
2256 1164 2337 1209 est
2364 1169 2393 1207 a
2422 1164 2597 1223 patre,
2627 1169 2749 1224 quae
2774 1162 2830 1209 ut
2850 1151 3085 1211 humana
3118 1154 3541 1225 reprehenditis,

1942 1243 2167 1300 Ediceus
2181 1248 2295 1319 jam
2324 1245 2446 1303 inde
2466 1262 2497 1303 a
2520 1244 2803 1317 primordia
2826 1246 2939 1317 jam
2967 1244 3086 1299 inde
3112 1244 3393 1312 hominem,
3411 1246 3549 1317 quod

1938 1349 2049 1395 erat
2073 1343 2281 1412 futurus
2308 1339 2364 1407 in
2391 1340 2515 1409 ﬁne.
2544 1338 2642 1399 Ille
2663 1349 2745 1396 eSt
2773 1338 2862 1406 qui
2892 1337 3196 1403 descendit,
3224 1339 3315 1396 ille
3344 1341 3435 1411 qui
3466 1342 3548 1401 in-

1938 1439 2202 1503 terrogat,
2233 1431 2323 1488 ille
2346 1432 2440 1503 qui
2471 1432 2731 1503 postulat,
2765 1431 2855 1487 ille
2881 1431 2970 1503 qui
2996 1430 3167 1502 jurat,
3195 1443 3304 1489 etc.
3343 1451 3362 1487 ι
3398 1432 3452 1491 Si
3481 1434 3551 1491 ab

1941 1524 2099 1581 initio
2124 1535 2479 1582 conversatus
2500 1533 2603 1590 est,
2629 1524 2673 1579 si
2704 1538 2733 1578 a
2764 1522 3062 1596 primordio
3081 1523 3190 1594 jam
3216 1524 3339 1583 inde
3360 1523 3547 1594 homo,

1941 1618 2087 1691 quod
2114 1631 2231 1677 erat
2260 1618 2471 1676 futurus
2500 1618 2553 1674 in
2582 1619 2719 1685 line;
2771 1618 2826 1674 in
2870 1620 3149 1677 creatione
3194 1620 3380 1692 utique
3429 1623 3549 1693 ipsa

1942 1712 2124 1773 Mundi
2152 1713 2169 1783 (
2197 1713 2243 1768 si
2271 1709 2671 1768 Tertullianum
2703 1709 2903 1783 audis)
2934 1711 3097 1769 homo
3116 1721 3253 1769 erat.
3287 1716 3358 1769 At
3384 1713 3552 1771 homo

220 1809 387 1863 etiam
449 1807 666 1863 ceteris
733 1808 1100 1878 Pairiarchis,
1152 1825 1299 1881 saepe
1341 1810 1502 1877 etiam
1556 1810 1846 1881 Prophetis
1874 1797 1925 1860 B
1953 1815 2240 1877 propterea
2272 1803 2377 1860 dici
2409 1819 2517 1859 non
2549 1813 2747 1875 potest.
2781 1804 2925 1875 quod
2952 1819 2983 1860 a
3033 1805 3338 1876 primordio
3365 1806 3557 1865 huma-

220 1896 383 1968 ipsis,
412 1898 550 1955 adeo
580 1907 639 1957 ut
677 1898 747 1957 iis
782 1902 978 1957 crebro
1003 1903 1315 1972 apparuerit
1341 1903 1528 1960 eadem
1558 1901 1735 1963 forma
1764 1906 1847 1961 in-

220 1987 421 2055 dutus,
468 2006 628 2061 quam
685 1989 738 2047 in
777 1992 1055 2049 creatione
1102 2004 1503 2066 assumpscrat,
1560 2006 1654 2051 aut
1697 2006 1845 2055 certe

223 2082 499 2139 simillima
523 2084 723 2157 aliqua,
749 2100 924 2158 eaque
956 2097 1275 2146 constanter
1296 2091 1554 2147 humana.
1586 2090 1845 2149 Petavius

223 2178 494 2249 plurimos
526 2194 645 2235 eam
673 2181 726 2236 in
756 2196 870 2237 rem
900 2181 1056 2238 aliert
1077 2182 1290 2251 Patres,
1317 2200 1477 2256 quos,
1509 2184 1556 2240 si
1588 2185 1693 2254 vis,
1717 2202 1848 2243 con-

224 2271 350 2328 sule
391 2275 442 2328 in
487 2288 551 2328 eo
585 2272 731 2341 loco,
762 2292 923 2346 quem
966 2276 1034 2332 ad
1065 2279 1279 2351 pagina:
1324 2279 1528 2336 calcem
1573 2281 1720 2346 cito,
1753 2296 1848 2337 ex-

229 2380 426 2437 presse
455 2367 717 2438 allegatos
747 2368 850 2443 (a).
886 2371 1000 2442 Ego
1042 2372 1399 2444 paucissimos
1429 2373 1676 2447 seligam,
1710 2374 1846 2435 Lec—

222 2470 403 2519 torem
435 2459 501 2517 ad
527 2464 779 2519 eumdem
818 2465 1093 2521 l’ctaviutn
1122 2468 1444 2525 amaudaus.

303 2552 398 2611 29.
469 2554 832 2613 Tertullianus
905 2557 1167 2617 adversus
1240 2562 1501 2618 Praxeam
1562 2563 1846 2634 disputans

229 2650 380 2719 (cap.
420 2649 485 2725 7)
532 2649 601 2707 tle
648 2651 915 2708 Sermone
951 2669 1016 2710 ac
1048 2654 1226 2715 Verbo
1261 2657 1445 2712 divino
1486 2672 1667 2714 rerum
1694 2673 1845 2713 crea-

231 2744 438 2801 tionem
469 2755 804 2819 exsequente
836 2746 911 2820 (ὁ)
966 2749 1083 2805 lure
1111 2750 1184 2806 ait
1213 2768 1225 2805 :
1259 2769 1277 2803 ι
1312 2751 1462 2807 Tunc
1490 2752 1655 2822 igitur
1682 2755 1845 2809 etiam
1883 2805 1919 2830 ,

228 2837 351 2908 ipse
375 2836 570 2895 Sermo
587 2840 850 2911 speciem,
874 2850 928 2896 et
952 2850 1201 2898 ornatum
1229 2859 1386 2899 suum
1417 2846 1604 2911 sumit,
1628 2860 1845 2913 sonum,

231 2941 292 2988 et
318 2948 533 2998 vocem,
565 2949 687 2988 eum
719 2933 847 2989 dicit
878 2934 1020 2990 Deus
1050 2952 1062 2989 :
1098 2933 1220 2992 Fiat
1258 2937 1415 2993 lux...
1469 2942 1540 2993 At
1582 2953 1681 3009 ego
1713 2937 1849 2994 nihil

238 3027 370 3083 dico
391 3027 457 3084 de
480 3028 592 3083 Deo
637 3030 818 3095 inane,
851 3040 907 3084 et
943 3044 1170 3085 vacuum
1203 3032 1419 3101 prodire
1470 3033 1740 3103 potuisse,
1792 3041 1849 3087 ut

232 3123 441 3178 nonde
478 3122 658 3187 inani,
706 3135 762 3180 et
786 3128 958 3181 vacuo
995 3126 1300 3195 prolatum;
1334 3142 1436 3183 nec
1478 3141 1667 3183 carere
1717 3127 1846 3182 sub-

227 3218 451 3281 stantia,
483 3216 624 3288 quod
650 3216 719 3273 dc
745 3225 894 3273 tanta
920 3217 1220 3275 substantia
1266 3220 1553 3290 processit,
1584 3230 1639 3274 et
1666 3228 1842 3277 tantas
1866 3198 1915 3264 C

228 3310 563 3368 substantias
604 3311 766 3377 fecit;
800 3311 926 3371 iecit
953 3316 1094 3369 cnim
1126 3321 1185 3371 et
1219 3314 1336 3385 ipse
1362 3330 1481 3385 qua:
1524 3314 1667 3370 facta
1709 3323 1839 3371 sunt

224 3418 328 3475 per
358 3403 523 3461 illum.
558 3404 727 3470 Quale
754 3414 860 3469 est,
892 3414 949 3460 ut
972 3405 1105 3461 nihil
1132 3406 1205 3462 sit
1236 3407 1372 3474 ipse,
1406 3406 1525 3463 sine
1576 3421 1683 3476 quo
1712 3406 1846 3469 nihil

227 3496 434 3553 factum
462 3497 585 3555 est?
612 3496 682 3554 Ut
714 3498 891 3554 inanis
916 3499 1119 3569 solida,
1144 3508 1199 3556 et
1226 3514 1431 3557 vacuus
1462 3500 1641 3570 plena,
1672 3507 1729 3556 et
1758 3500 1844 3556 in-

228 3593 534 3663 corporalis
578 3595 884 3665 corporalia
925 3595 997 3651 sit
1042 3596 1337 3666 Operatus?
1366 3594 1499 3650 Nam
1536 3596 1637 3652 etsi
1672 3604 1849 3665 potest

232 3686 527 3759 aliquando
549 3688 674 3759 quid
700 3688 815 3745 fieri
839 3689 1113 3745 diversum
1139 3689 1279 3760 ejus,
1307 3705 1407 3762 per
1430 3689 1573 3761 quod
1600 3689 1683 3758 lit,
1713 3688 1848 3745 nihil

231 3794 419 3840 tamen
450 3792 626 3854 potest
659 3782 796 3850 fieri,
830 3798 926 3855 per
951 3782 1001 3839 id
1023 3783 1167 3854 quod
1193 3798 1438 3848 vacuum,
1470 3792 1526 3837 et
1557 3785 1717 3839 inane
1741 3791 1843 3837 est.

235 3873 415 3930 Vacua
443 3884 499 3930 et
520 3875 696 3931 inanis
721 3886 810 3931 res
853 3884 939 3931 est
959 3876 1150 3931 Sermo
1175 3876 1288 3941 Dei,
1317 3875 1410 3946 qui
1459 3873 1627 3931 Filius
1677 3874 1850 3930 dietns

235 3975 344 4031 est,
374 3948 466 4038 qui
492 3969 608 4039 ipse
635 3967 779 4024 Deus
822 3969 1233 4039 cognominatus
1270 3977 1353 4024 est
1380 3986 1392 4021 :
1423 3966 1486 4021 Et
1519 3967 1701 4023 Sermo
1742 3976 1851 4021 erat

235 4060 383 4128 apud
410 4058 602 4127 Deum,
635 4071 681 4117 et
706 4059 849 4116 Dens
870 4070 977 4115 erat
1006 4060 1192 4117 Sermo
1214 4061 1240 4114 .’
1267 4059 1540 4128 Scriptum
1573 4067 1657 4113 est
1682 4077 1695 4113 :
1730 4057 1850 4112 Non

241 4170 415 4211 sumes
440 4172 624 4211 nomen
646 4153 747 4210 Dei
776 4156 829 4209 in
859 4172 1065 4209 vanum.
1098 4154 1195 4210 llic
1221 4162 1369 4210 certe
1397 4166 1500 4216 εει,
1530 4154 1620 4223 qui
1646 4151 1702 4207 in
1732 4151 1852 4208 effi-w

237 4249 327 4320 gie
359 4248 451 4304 Dei
483 4228 833 4307 constitutus.
867 4247 1250 4329 nonrapiuam
1278 4246 1606 4303 existimavit
1632 4249 1755 4301 esse
1791 4261 1851 4300 se

242 4344 508 4412 aequalem
537 4344 666 4399 Deo.
696 4342 755 4397 In
778 4359 880 4413 qua
907 4341 1089 4413 efﬁgie
1118 4341 1251 4397 Dei?
1274 4339 1470 4411 Utique
1498 4341 1553 4394 in
1583 4341 1709 4407 alia,
1742 4353 1850 4393 non

240 4446 423 4493 tamen
454 4436 507 4492 in
539 4438 756 4494 nulla...
788 4436 1158 4507 ancumque
1204 4449 1334 4506 ergo
1374 4433 1672 4491 substantia
1718 4433 1850 4487 Ser-

244 4536 428 4587 monis
455 4530 577 4600 fuit,
609 4532 753 4588 illam
778 4531 902 4587 dico
928 4545 1237 4602 personam,
1268 4540 1322 4584 et
1363 4527 1440 4584 illi
1484 4543 1682 4583 nomen
1728 4525 1850 4581 Filii

241 4623 485 4692 vindico,
514 4633 568 4681 et
589 4626 716 4681 dum
755 4623 953 4681 Filium
995 4636 1252 4697 agnosco,
1303 4620 1599 4679 secundum
1630 4635 1658 4675 a
1690 4619 1852 4677 Patre
1876 4595 1931 4663 D

249 4717 510 4775 defendo.
548 4739 568 4773 ι

327 4814 519 4872 Iudice
545 4814 727 4886 itaque
753 4810 1108 4878 Tertulliano,
1159 4809 1395 4867 Verbum
1442 4808 1682 4866 divinum
1731 4822 1852 4864 cum

247 4929 336 4969 res
364 4911 592 4977 creavit,
623 4907 846 4980 speciem
869 4917 925 4964 et
949 4916 1191 4962 ornatum
1220 4906 1471 4976 sumpsit,
1507 4903 1560 4960 id
1589 4914 1672 4959 est
1693 4911 1851 4957 exte-

243 5006 453 5062 riorem
484 5001 791 5075 quamdam,
831 5009 887 5055 et
926 4999 1218 5066 visibilem,
1251 5011 1479 5067 eamque
1516 4994 1851 5068 elegantissi-

247 5114 395 5155 mam
422 5096 680 5170 speciem,
707 5103 761 5149 et
788 5092 1038 5150 formam.
1068 5092 1241 5161 Quam
1269 5090 1491 5162 quidem
1515 5092 1777 5159 Speciem,
1802 5100 1858 5145 et

246 5195 478 5267 formam
513 5190 806 5251 humanam
838 5187 1004 5243 fuisse
1034 5186 1235 5242 indicat
1276 5185 1367 5240 ille
1394 5195 1448 5241 et
1492 5182 1583 5240 hic
1613 5184 1709 5255 (in
1757 5201 1859 5255 qua

250 5286 414 5359 effigie
440 5304 453 5342 :
487 5286 662 5357 utique
691 5284 745 5338 iu
775 5282 882 5337 alia
912 5280 1002 5355 (id
1023 5290 1109 5339 est
1138 5278 1362 5336 alterius
1389 5278 1610 5352 generis
1636 5320 1650 5346 ,
1686 5292 1862 5361 neque

326 5427 407 5514 (ς)
444 5428 569 5484 Lib.
599 5441 693 5483 aut
720 5424 783 5480 de
805 5423 1077 5490 Trinitate,
1103 5437 1224 5494 cap.
1256 5419 1314 5489 2,
1346 5435 1403 5476 ιι.
1429 5418 1485 5486 5,
1515 5427 1571 5476 et
1595 5433 1713 5491 seq.
1742 5426 1857 5475 toto

252 5511 456 5574 capite.

327 5639 404 5713 (li)
442 5638 608 5713 Quod
629 5638 696 5713 de
734 5636 921 5713 Verbo
949 5635 1134 5713 divino
1182 5651 1269 5713 res
1313 5632 1615 5713 mundanas
1643 5643 1863 5713 creante

256 5707 567 5769 sermonem
596 5711 793 5768 habeat
815 5709 1202 5775 Tcrtulliauus,
1231 5709 1347 5763 lucc
1374 5709 1534 5779 paulo
1550 5707 1867 5779 prmcedeu-

1949 1914 2073 1954 nam
2102 1912 2324 1955 carnem
2373 1898 2733 1968 assumpserit
2776 1898 3025 1955 :etcniin
3068 1912 3189 1954 eam
3234 1902 3466 1972 sumpsit
3497 1900 3550 1957 in

1947 1989 2058 2047 line
2088 1999 2425 2061 temporum,
2458 1989 2619 2045 Maria
2661 1989 3018 2057 sanctissima
3055 1990 3130 2046 illi
3178 2006 3398 2051 carnem
3448 1994 3553 2051 mi-

1948 2086 2249 2152 nistrante;
2279 2098 2409 2156 ergo
2439 2091 2725 2153 propterea
2774 2083 2937 2139 homo
2965 2082 3072 2138 dici
3104 2092 3306 2155 potest,
3353 2086 3496 2156 quod
3525 2101 3552 2141 a

1948 2175 2251 2247 primordio
2279 2176 2330 2229 iu
2361 2173 2595 2231 humana
2624 2173 2797 2230 forma
2829 2191 2927 2231 seu
2972 2182 3158 2246 specie
3196 2180 3469 2249 apparuit,
3502 2180 3555 2237 in

1948 2287 2053 2346 qua
2082 2271 2246 2328 etiam
2273 2270 2555 2342 deinceps,
2584 2272 2629 2325 si
2658 2270 3049 2328 ’I‘ertnllianum
3074 2273 3252 2338 audis,
3275 2274 3546 2347 apparuit:

1948 2364 2260 2423 Abrahamo
2297 2364 2528 2431 scilicet,
2576 2363 2801 2433 Iacobo,
2835 2375 2890 2422 et
2918 2366 3246 2439 patriarcbis
3287 2367 3549 2439 reliquis,

1949 2457 2121 2531 Moysi
2151 2472 2390 2529 quoque,
2416 2467 2471 2513 et
2496 2457 2710 2515 ueteris
2741 2456 3048 2529 pr0pbetis.

2022 2550 2112 2607 50.
2155 2550 2213 2607 In
2235 2549 2488 2608 eumdem
2516 2564 2738 2607 sensum
2762 2549 3089 2608 Prudentius
3108 2551 3412 2623 generatim
3437 2551 3556 2611 ιιωο

1950 2646 2113 2704 docet
2140 2644 2247 2719 (c):

2045 2763 2150 2831 §ed
2173 2767 2417 2831 tamenet
2437 2764 2604 2831 Patris
2621 2765 2895 2831 specimen,
2915 2779 3016 2831 quo
3037 2779 3253 2819 cernere
3277 2767 3353 2821 fas
3372 2772 3438 2825 sit

2044 2824 2289 2898 Eumenis
2309 2825 2567 2898 aliquando
2589 2824 3066 2898 ocblis_concurrer_e
3090 2840 3388 2898 promptum,

2047 2888 2189 2959 Quod
2212 2891 2437 2959 quamvis
2460 2890 2621 2959 hebes
2644 2888 3208 2959 intuitusspecularirine
3234 2888 3425 2959 glauco,

2048 2950 2389 3063 Humentiﬁue
2411 2954 2519 3002 acie
2545 2954 2701 3014 potuit
2720 2950 2991 3005 nebulosus
3013 2957 3171 3016 adire,

2049 3013 2269 3063 Ouisuue
2332 3017 2541 3063 ominum
2568 3015 2749 3063 vidisse
2771 3014 2931 3063 Deum
2955 3029 3171 3063 memora

2049 3013 2269 3088 qusque
2297 3013 2749 3088 hyminum'vidisse
2771 3014 2931 3088 Deum
2955 3013 3278 3088 metuitiratur,
3303 3022 3366 3072 ab
3388 3023 3495 3088 ipso

2049 3076 2267 3126 Infusum
2293 3077 2415 3126 vidit
2433 3086 2623 3139 natum,
2653 3090 2763 3126 nam
2790 3076 2941 3127 Filius
2962 3079 3055 3129 hoc
3074 3086 3169 3138 est,

2047 3139 2187 3209 Quod
2209 3140 2273 3189 de
2289 3139 2451 3209 Patre
2474 3142 2659 3190 micans
2679 3143 2991 3209 se‘przestitit
3026 3143 3404 3209 inspiciendum,

2047 3156 2187 3198 υιιοα
2209 3156 2273 3189 ue
2302 3156 2451 3189 ratre
2474 3156 2659 3190 micans
2679 3156 2736 3189 se
2762 3156 2991 3204 praestitit
3026 3157 3040 3193 ι
3138 3156 3404 3209 terendum,

2044 3202 2145 3271 Per
2165 3203 2380 3266 species,
2403 3215 2526 3271 quas
2551 3213 2719 3271 posset
2736 3202 2881 3271 hpmo
2906 3156 3336 3271 conmmendat:
3355 3213 3496 3264 visu:

2046 3265 2170 3315 Nam
2194 3264 2333 3315 mera
2357 3264 2592 3326 maiestas
2609 3272 2688 3315 est
2709 3264 2914 3325 inﬁnita,
2939 3264 3034 3318 nec
3059 3268 3210 3321 intrat

2046 3327 2279 3393 Obtutus,
2302 3327 2466 3392 aliquo
2489 3328 2542 3378 ni
2563 3342 2620 3378 se
2643 3328 2983 3381 moderamine
3007 3330 3204 3385 formet.

2024 3414 2291 3485 Deinceps
2318 3428 2447 3469 vero
2479 3412 2559 3486 (ά)
2592 3432 2605 3469 :

2047 3508 2176 3579 Quin
2200 3508 2362 3579 potius
2383 3512 2606 3579 scrutare
2632 3505 2727 3558 Dei
2752 3508 3005 3579 signacula
3029 3510 3213 3579 in_lp_so

2043 3571 2211 3635 Fonte
2226 3571 2509 3635 vetustatis,
2535 3583 2796 3635 percurras
2812 3571 2992 3635 scrinia
3018 3571 3160 3635 prinii

2045 3633 2329 3705 Scriptoris,
2354 3645 2504 3705 quem
2529 3645 2627 3705 nep
2647 3633 2829 3683 bardus
2852 3633 3029 3695 Pater,
3048 3644 3133 3705 aut
3150 3636 3285 3705 Arus
3307 3638 3492 3705 Augur’,

2050 3695 2234 3763 Pabula
2259 3695 2356 3763 nec
2376 3695 2752 3763 veteris‘famze,
2775 3710 2869 3747 nec
2896 3698 3094 3763 garrula
3116 3702 3302 3763 nutrix,

2045 3761 2152 3811 Nec
2174 3772 2292 3823 sago
2310 3758 2544 3823 clangore
2573 3757 2770 3823 loquax‘,
2800 3765 2853 3809 et
2875 3757 3074 3810 stridula
3098 3764 3268 3812 cornix

2048 3823 2174 3888 Bent
2186 3821 2414 3888 decuere
2434 3821 2535 3888 Dei
2552 3856 2566 3881 ,
2587 3821 2675 3869 sed
2700 3821 2861 3888 coram
2889 3823 3107 3888 protinus
3125 3826 3252 3888 ipse,

2048 3886 2160 3949 Ipse
2186 3884 2325 3949 Dens
2348 3884 2592 3949 trepidum
2619 3883 2876 3937 mortalem
2893 3883 3033 3936 mitis
3056 3883 3212 3937 amico

2049 3946 2478 4009 lmbuitalloquio,
2504 3958 2682 4009 seque,
2710 3958 2767 3995 ac
2789 3959 2874 3994 sua
2899 3959 3083 3998 summa
3100 3952 3303 4002 retexit.

2047 4011 2286 4061 Nimirum
2308 4010 2534 4058 meminit
2554 4009 2776 4068 Scriptor
2798 4009 3111 4061 doctissimus
3129 4012 3214 4062 illo

2048 4072 2195 4136 prbis
2221 4072 2460 4136 principio
2480 4083 2576 4120 non
2596 4070 2780 4136 solum,
2806 4083 2899 4136 nec
2922 4073 3030 4123 sine
3051 4072 3244 4126 Christo

2047 4132 2343 4185 Inform'asse
2369 4132 2562 4182 Patrem
2590 4132 2788 4182 facturae
2815 4132 2992 4195 plasma
3017 4136 3240 4187 novellae.

2048 4197 2210 4254 Fecit.
2237 4197 2323 4257 ait,
2349 4195 2567 4245 condens
2584 4196 2831 4245 hominem
2855 4195 3010 4258 Deus,
3039 4205 3092 4249 et
3108 4201 3245 4250 dedit
3262 4201 3346 4252 olli

2048 4260 2145 4325 ραι
2166 4261 2290 4321 Dei,
2308 4258 2556 4325 quidnam
2576 4258 2822 4325 est_aliud,
2842 4272 2987 4325 quam
2998 4262 3194 4325 dicere,
3222 4262 3359 4317 solus

2048 4273 2145 4311 ura
2166 4273 2260 4312 uel
2276 4297 2290 4321 ,
2318 4273 2551 4323 quianam
2576 4273 2653 4308 ρει
2674 4273 2822 4317 anno,
2841 4273 2987 4369 ﬂuam
3004 4273 3194 4325 dicere,
3222 4273 3305 4314 solt

2047 4323 2154 4391 ljou
2181 4322 2325 4391 erat?
2350 4320 2631 4391 atque_Deo
2652 4319 2789 4391 Deus
2812 4333 2837 4391 a_
2875 4321 3079 4391 sistebat
3102 4328 3269 4391 agenti
3291 4367 3305 4391 ,

2050 4386 2207 4452 Quum
2234 4383 2681 4452 Do_miitus_faceret
2699 4381 3248 4452 Deniinisubimagine
3276 4381 3455 4452 plasma
3475 4428 3489 4441 .

2050 4445 2273 4520 Qhristus
2297 4446 2449 4520 ferina
2475 4447 2655 4520 Patris,
2684 4445 3152 4520 nos.(_‘.bristi_tbrma'
3177 4458 3230 4501 et
3265 4445 3461 4520 imago:

2050 4511 2312 4577 Qundimur
2333 4511 2381 4560 in
2403 4509 2576 4559 faciem
2596 4508 2789 4577 Domini
2813 4511 3035 4560 bonitate
3058 4521 3283 4577 paterna,
3358 4560 3363 4565 .

2049 4574 2277 4626 Venturo
2294 4575 2343 4624 in
2366 4582 2578 4623 nostram
2600 4572 2771 4622 faciem
2796 4580 2903 4636 post
2924 4572 3103 4624 saecula
3125 4572 3335 4629 Christo.

2031 4661 2119 4717 5|.
2164 4663 2244 4716 Au
2267 4675 2397 4715 vero
2422 4657 2491 4714 ad
2524 4657 2642 4715 lucc
2669 4658 2893 4729 respicit
2919 4660 3181 4730 Ecclesia,
3222 4679 3344 4721 cum
3391 4665 3552 4741 hym-

1958 4770 2087 4813 num
2114 4753 2261 4810 hunc
2289 4752 2592 4809 canendum
2621 4753 2864 4824 pmcipit
2893 4753 3007 4826 (e)?

2113 4845 2547 4908 Berisempiterne
2570 4841 2819 4908 Cteliturn,

2207 4906 2392 4957 Rerum
2418 4911 2614 4956 creator
2637 4906 2869 4968 omnium,

2210 4968 2428 5033 [Equalis
2444 4974 2564 5033 ante
2588 4966 2767 5033 διερῷ

2208 5029 2419 5093 Semper
2442 5029 2647 5093 Pareuti
2667 5029 2841 5093 Filius.

2116 5092 2365 5158 Nascente
2388 5094 2473 5158 qui
2497 5092 2675 5158 Mundo
2700 5092 2861 5158 Faber

2211 5155 2483 5216 Imaginem
2511 5155 2672 5205 vultus
2694 5157 2764 5206 tui

2214 5219 2438 5271 'l‘radeus
2463 5219 2646 5268 Adamo
2658 5255 2672 5276 ,
2705 5216 2922 5269 nobilem

2218 5281 2359 5333 Limo
2377 5284 2557 5348 jugasti
2576 5283 2815 5346 spiritum.

1964 5417 2308 5484 disposuerat,
2359 5412 2503 5488 intra
2547 5426 2602 5488 se
2647 5409 3074 5488 in__sttltstantias,
3109 5422 3157 5468 et
3206 5417 3400 5488 species
3442 5435 3564 5478 sua;

1966 5480 2118 5545 edere
2148 5488 2163 5553 (
2193 5500 2315 5553 cap.
2349 5485 2383 5540 6
2436 5483 2680 5553 eju~dem
2711 5481 2831 5553 libri
2857 5480 2901 5553 ).

2040 5503 2118 5543 ere
2148 5501 2163 5553 ι
2193 5501 2256 5543 ca
2302 5526 2315 5540 .
2349 5501 2383 5540 υ
2436 5501 2680 5552 eundem
2711 5501 2831 5537 nan
2857 5501 2901 5553 ).

2040 5556 2119 5635 (c)
2160 5557 2216 5636 [ll
2245 5501 2543 5628 Xptillleos.
2572 5551 2761 5609 Contra
2781 5551 3038 5636 hiet-estin,
3062 5573 3178 5628 qute
3204 5557 3414 5618 Patrem
3443 5581 3568 5636 pas»-

1970 5623 2353 5702 sur'n'atﬁrmttt,
2388 5636 2622 5702 pnetuat.
2654 5641 2688 5691 t,
2719 5639 2773 5702 γε
2822 5623 3039 5702 18,9tc.

2048 5704 2129 5775 (ά)
2148 5694 2364 5758 "Contra
2388 5694 2688 5777 Diriguit“,
2717 5694 2769 5751 id
2791 5706 2876 5753 est
2912 5697 3238 5758 Sabellionos
3264 5701 3531 5765 hatreticos
3556 5746 3573 5777 ,

258 5787 333 5856 tia
355 5784 598 5856 ejusdem
620 5781 948 5840 Tertulliani
979 5782 1148 5856 verba
1172 5770 1457 5856 declarant
1489 5798 1502 5834 ε
1539 5777 1607 5837 Ut
1646 5780 1869 5850 primum
1975 5770 2389 5856 poemat._tl_._\"-

259 5851 405 5911 Deus
450 5856 610 5913 voluit
656 5873 748 5926 ea,
780 5871 893 5927 qua
922 5871 1036 5909 cum
1084 5851 1295 5928 Sophim
1339 5853 1539 5909 ratione
1564 5863 1611 5909 et
1635 5867 1869 5912 sermone

2050 5845 2124 5921 (ο)
2165 5845 2246 5905 Ad
2276 5844 2464 5905 latnt.
2496 5840 2707 5903 Domini
2737 5856 2757 5901 ι
2784 5847 3035 5916 tempore
3057 5844 3255 5906 Pasch.
