4066 6424
553 273 657 331 847

628 397 761 461 Seu,
788 404 848 450 ut
878 393 1003 450 olim
1034 394 1355 466 expressius
1386 394 1663 466 legebatur
1690 411 1704 449 :

709 506 1144 571 Rex_sempiterne
1168 507 1402 571 Domine,

802 567 990 621 Rerum
1010 579 1207 621 creator
1228 567 1466 633 omnium,

804 634 897 693 Qui
916 644 1028 684 eras
1046 639 1164 684 ante
1185 636 1366 684 saeui:

803 695 1016 759 semper
1038 709 1148 746 cum
1167 694 1319 759 Patre
1336 693 1511 745 Filius.

709 757 801 819 Qui
824 756 992 821 Mundi
1018 759 1068 821 in
1094 756 1358 821 primordio

808 820 962 885 Adam
1260 820 1531 882 hominem,

805 881 897 948 Qui
921 881 1019 933 tua:
1038 884 1263 948 imagini
1322 945 1351 948 Α
1436 908 1441 915 ·

802 943 1005 996 Vultum
1021 943 1204 998 ἀθόἰὲῑὶ
1225 945 1456 997 similem.

626 1054 718 1112 32.
750 1052 858 1110 Sed
891 1068 1012 1111 cum
1039 1054 1107 1110 de
1134 1053 1220 1110 his
1249 1054 1487 1127 agimus,
1519 1069 1616 1111 cur
1639 1052 1877 1111 Leonem
1905 1053 2156 1127 Magnum

559 1145 1043 1221 praetermittimus,
1084 1147 1173 1218 qui
1204 1148 1504 1219 generatim
1540 1146 1733 1212 docet,
1763 1144 2036 1203 Christum
2062 1164 2158 1204 an-

558 1241 875 1314 tiquissimis
912 1241 1185 1306 Patribus,
1218 1239 1451 1312 ideoque
1474 1240 1684 1297 Adamo
1713 1240 2153 1297 Patriarcharum

558 1334 962 1407 antiquissimo,
995 1333 1051 1389 in
1078 1334 1259 1405 specie
1285 1334 1517 1390 humana
1549 1335 1887 1406 apparuisse,
1916 1342 1971 1389 et
2000 1333 2160 1405 hujus

559 1429 730 1502 ipsius
763 1428 842 1485 rei
873 1430 1140 1484 rationem
1165 1427 1321 1484 aﬂert
1353 1429 1694 1500 elegantem?
1729 1448 1748 1482 ι
1774 1428 2051 1498 Potuerat,
2080 1430 2162 1484 itt-

566 1522 685 1594 quit
714 1521 805 1578 ille
828 1519 1025 1595 (Epist.
1059 1537 1177 1590 xm,
1196 1523 1251 1576 in
1272 1522 1396 1578 edit.
1427 1522 1710 1592 Quesnellii
1739 1539 1909 1609 sxvtt,
1930 1541 2046 1594 cap.
2077 1524 2159 1596 2),

561 1615 955 1687 omnipotentia
990 1615 1084 1671 Dei
1114 1616 1195 1672 sic
1231 1615 1299 1672 ad
1338 1616 1643 1682 docendos,
1678 1616 2164 1689 justiﬁcandosque

561 1711 812 1767 homines
838 1725 1132 1781 apparere,
1164 1710 1438 1781 quomodo
1465 1721 1521 1768 et
1546 1709 1904 1777 Patriarchis,
1938 1720 1993 1768 et
2032 1711 2163 1767 Pro-

1236 268 1303 326 ΙΝ
1345 266 1606 327 ΗιιΑιὶιι
1635 267 1857 328 EPIST.
1898 266 2032 327 SEU
2075 267 2172 326 ΜΕ

2267 301 2296 325 ι.
2342 265 2796 329 DlSSERTA'l‘lO
2825 268 3169 330 SECUNDA.

3729 276 3816 334 858

2178 392 2234 454 Α
2258 399 2385 457 tam,
2412 392 2697 458 qualemve
2724 391 2917 449 credas
2944 391 3109 447 fuisse
3136 388 3293 462 primi
3327 388 3559 446 hominis
3582 390 3716 448 illius
3739 410 3817 449 ve-

2191 492 2199 503 '
2256 482 2560 540 nustatem?
2584 494 2843 557 quantum
2876 484 2930 538 in
2962 498 3060 539 ore
3089 482 3257 538 decus
3276 523 3292 549 ,
3320 497 3452 553 quas
3478 484 3672 553 gratias
3701 486 3821 541 inse-

2255 576 2441 634 disse?
2460 597 2481 631 ι

2328 670 2420 729 35.
2444 669 2581 740 Quid
2600 669 2670 727 de
2689 670 2881 727 horum
2909 671 3165 743 opinione
3189 671 3528 730 sentiendum
3550 672 3639 740 sit,
3667 689 3820 731 meum

2258 778 2366 819 non
2396 770 2481 819 est
2517 780 2657 820 nunc
2685 762 2936 820 delinire.
2984 763 3120 820 Illud
3153 778 3301 822 certe
3320 774 3561 833 constat,
3596 767 3822 823 alterutra

2257 857 2449 916 barum
2476 858 2806 915 solutionum
2835 857 3060 916 dissolvi
3087 874 3445 932 quaecumque
3472 876 3541 917 ex
3565 860 3825 931 asperiori-

2258 952 2361 1010 bus
2398 952 2503 1007 illis
2530 951 2932 1017 locutionibus,
2965 967 3099 1024 quas
3146 952 3199 1009 in
3227 953 3380 1011 titulo
3399 954 3521 1027 ipso
3563 954 3824 1027 praeposui,

2259 1045 2638 1103 desumuntur.
3480 1096 3485 1099 _

2332 1142 2423 1199 56.
2456 1141 2591 1197 Dum
2627 1149 2806 1199 tamen
2831 1141 2949 1200 ha-c
2971 1158 3193 1211 moneo,
3227 1144 3355 1200 nolo
3381 1159 3697 1217 quemquam
3726 1162 3827 1205 nos-

2260 1238 2360 1294 tris
2388 1238 2723 1309 temporibus
2756 1238 2822 1294 iis
2851 1239 2954 1294 uti.
3012 1238 3227 1295 Etenim
3257 1240 3302 1295 si
3342 1240 3466 1312 quis
3499 1240 3564 1296 iis
3599 1251 3826 1305 uteretur.

2262 1330 2310 1387 is
2334 1330 2695 1402 suspicionem
2720 1332 3006 1403 pra-heret,
3037 1348 3105 1390 ne
3128 1350 3328 1388 servam
3354 1341 3567 1403 putaret
3591 1349 3724 1398 eum,
3748 1332 3821 1406 qui

2255 1422 2489 1498 jnbetur,
2521 1434 2577 1481 ut
2604 1425 2823 1481 monitis
2854 1435 2976 1482 utar
3013 1427 3208 1482 vetusd
3249 1427 3392 1483 illius
3430 1426 3735 1497 Scriptoris,
3758 1428 3830 1498 qui

2266 1531 2297 1571 a
2343 1517 2526 1574 multis
2567 1515 2846 1591 Gregorius
2887 1517 3313 1593 Thaumaturgas
3357 1518 3561 1576 dicitur
3589 1518 3683 1594 (α).
3724 1518 3831 1578 Hinc

2265 1609 2542 1682 Nyssenus
2570 1610 2648 1684 (in
2672 1610 2760 1667 lib.
2792 1610 2852 1684 ι)
2877 1610 3197 1668 Eunomium
3221 1611 3589 1684 reprehendit,
3622 1612 3750 1685 quod
3769 1611 3831 1668 di-

2270 1705 2441 1772 xerit,
2475 1725 2494 1760 ι
2518 1704 2712 1762 Filium
2733 1705 2981 1778 jussione
3003 1706 3175 1764 Patris
3196 1707 3393 1765 fecisse
3415 1724 3539 1780 quae
3559 1707 3687 1764 facta
3708 1716 3831 1775 sunt;

562 1803 743 1875 phctis
768 1803 820 1859 in
845 1803 1027 1875 specie
1064 1803 1246 1860 carnis
1276 1805 1546 1876 apparuit,
1572 1820 1739 1877 quum
1767 1815 1860 1859 aut
1891 1805 2163 1862 luctamen
2193 1796 2243 1858 B
2268 1798 2395 1856 dum
2417 1813 2479 1855 ea
2508 1814 2610 1870 pro
2629 1807 2899 1870 potestate
2923 1799 3147 1856 creavit.
3186 1819 3206 1854 ι

562 1896 701 1962 iniit,
727 1903 818 1951 aut
843 1910 1150 1953 sermonem
1190 1898 1506 1965 conseruit,
1552 1912 1743 1953 eumve
1768 1896 1945 1953 officia
1981 1897 2166 1970 hospi-

562 1991 786 2049 talitatis
813 2007 921 2048 non
951 1991 1161 2058 abnuit,
1187 1991 1269 2048 vel
1291 1991 1455 2048 etiam
1483 1991 1786 2063 appositum
1818 1991 1996 2047 cibum
2019 2007 2167 2047 snm-

558 2085 697 2156 psit.
739 2084 845 2142 Sed
873 2085 981 2141 illa:
1010 2084 1270 2156 imagines
1300 2084 1457 2157 hujus
1497 2085 1731 2140 hominis
1752 2093 1905 2142 erant
1936 2084 2166 2154 indices,

563 2179 721 2250 cujus
748 2179 1032 2236 veritatem
1065 2195 1131 2235 ex
1166 2179 1588 2251 przecedentium
1628 2178 1847 2235 Patrum
1883 2180 2052 2251 stirpe
2078 2196 2171 2237 su-

563 2254 840 2341 mendam,
864 2273 1285 2347 signilicationes
1307 2273 1552 2342 mysticm
1578 2272 1920 2328 nuntiabant.
1952 2273 2019 2328 Et
2045 2271 2171 2330 ideo

568 2367 980 2425 Sacrameutum
1030 2367 1485 2425 reconciliationis
1522 2378 1722 2423 nostra:
1755 2376 1881 2423 ante
1924 2376 2169 2439 tempora

576 2472 779 2520 aeterna
824 2463 1148 2535 dispositum
1188 2462 1351 2517 nulla:
1406 2460 1703 2531 implebant
1765 2462 1987 2534 figurae;
2046 2465 2172 2534 quia

565 2556 806 2612 nondum
838 2564 1228 2628 supervenerat
1258 2554 1494 2624 Spiritus
1518 2553 1750 2611 Sanctus
1786 2555 1838 2610 in
1867 2555 2169 2628 Virginem,

569 2666 672 2707 nec
710 2650 883 2706 virtus
908 2649 1178 2705 Altissimi
1206 2648 1625 2704 obuntbraverat
1659 2651 1741 2719 ei,
1775 2662 1830 2707 ut
1858 2652 1995 2707 intra
2028 2651 2171 2709 inte-

567 2753 773 2801 merata
796 2744 1003 2800 viscera
1026 2742 1329 2799 aediﬁcante
1350 2743 1452 2800 sibi
1474 2744 1541 2798 Sa
1552 2746 1751 2816 pientia
1771 2745 2015 2814 domum,
2041 2747 2176 2804 Ver-

567 2836 696 2893 bum
733 2852 863 2894 caro
907 2838 1094 2905 fieret,
1128 2846 1183 2893 et
1225 2835 1400 2894 forma
1436 2838 1569 2907 Dei,
1610 2854 1673 2895 ac
1705 2840 1877 2897 forma
1924 2841 2071 2897 servi
2117 2841 2174 2898 in

567 2948 733 2990 unam
758 2933 1117 2989 conveniente
1139 2945 1450 3005 personam,
1476 2942 1697 2991 creator
1720 2943 2027 3007 temporum
2051 2950 2177 2993 nas—

565 3035 783 3084 ceretur
808 3026 860 3082 in
889 3035 1132 3098 tempore
1155 3067 1170 3093 ,
1200 3036 1258 3083 et
1308 3042 1403 3098 per
1436 3044 1597 3100 quem
1626 3027 1765 3087 facta
1815 3039 1943 3087 sunt
1967 3032 2171 3100 omnia,

565 3119 683 3189 ipse
712 3118 856 3176 inter
882 3118 1063 3176 omnia
1094 3119 1428 3192 gigneretur.
1469 3141 1489 3175 ι

638 3212 731 3270 33.
766 3212 936 3269 Leoni
978 3212 1333 3286 adjungamus
1362 3212 1681 3272 Cassianum
1713 3215 1829 3274 haec
1869 3216 2171 3276 tradentem

568 3306 683 3379 (lib.
718 3322 794 3374 tv,
829 3307 904 3363 De
932 3306 1140 3363 incarn.
1170 3325 1286 3381 cap.
1321 3306 1389 3379 9)
1417 3325 1430 3363 :
1479 3328 1497 3360 ι
1533 3309 1631 3366 Hic
1659 3324 1790 3382 ergo
1819 3326 1958 3367 unus
1986 3320 2072 3369 est
2102 3310 2172 3367 ad

569 3400 908 3458 Patriarchas
930 3402 1180 3473 loquens,
1206 3403 1260 3458 in
1289 3401 1575 3473 Prophetis
1602 3419 1850 3475 manens,
1874 3421 1938 3462 ex
1969 3404 2175 3478 Spiritu

568 3504 863 3565 conceptus
884 3535 899 3558 ,
939 3502 1100 3550 natus
1125 3508 1194 3549 ex
1223 3492 1444 3564 Virgine
1468 3494 1653 3562 Maria,
1694 3497 1748 3553 in
1773 3496 1971 3553 Mundo
2001 3498 2173 3565 visus.

568 3590 711 3646 inter
736 3588 986 3645 homines
1007 3597 1381 3655 conversatus,
1420 3589 1645 3661 afﬁgens
1679 3591 1824 3662 ligno
1843 3589 2035 3647 Crucis
2058 3592 2177 3648 chi-

571 3679 901 3754 rographum
947 3688 1330 3751 peccatorum,
1364 3680 1706 3750 triumphans
1750 3681 1802 3736 in
1843 3682 2172 3755 semetipso,

572 3774 918 3832 adversarias
966 3773 1125 3830 nobis
1151 3773 1509 3845 inimicasque
1542 3774 1775 3832 virtutes
1820 3784 1996 3833 morte
2034 3778 2179 3834 occi-

570 3870 736 3938 dens,
764 3868 1082 3942 resurgendi
1113 3868 1275 3925 tidem
1301 3869 1551 3926 omnibus
1584 3870 1861 3940 tribuens,
1891 3872 2061 3944 gloria
2091 3873 2177 3930 sui

569 3963 817 4036 corporis
844 3962 1258 4033 corruptionem
1289 3960 1540 4019 humanas
1567 3966 1750 4020 carnis
1776 3964 2116 4022 interimens.
2146 3983 2167 4019 ι

638 4059 731 4116 54.
763 4056 968 4114 Horum
995 4056 1238 4123 Patrum,
1270 4059 1507 4128 atquein
1536 4059 1726 4131 primis
1751 4058 2030 4116 Prudentii
2058 4075 2179 4118 ves-

575 4152 703 4223 tigia
735 4164 985 4221 premere
1016 4148 1231 4205 videtur
1269 4149 1540 4207 Steuchus
1587 4162 1774 4208 noster
1820 4152 2175 4224 Eugubinus,

580 4258 742 4317 quem
769 4242 964 4299 summi
995 4243 1231 4298 nominis
1257 4243 1430 4298 virum
1455 4253 1654 4299 norunt
1675 4259 1887 4314 omnes,
1913 4260 2036 4302 cum
2063 4247 2178 4305 haec

574 4340 652 4395 ait
680 4340 759 4411 (in
779 4339 1024 4407 Cosmop.
1054 4339 1178 4392 edit.
1219 4336 1350 4392 Ven.
1384 4335 1563 4393 Nicoli
1589 4356 1710 4411 pag.
1736 4339 1860 4413 159)
1890 4359 1904 4397 :
1938 4360 1958 4393 ι
1980 4343 2180 4398 Acces-

577 4433 653 4489 sit
671 4445 805 4501 ergo
830 4429 1023 4497 Filius,
1056 4444 1121 4485 ac
1145 4428 1384 4486 Verbum
1418 4430 1508 4487 Dei
1540 4431 1606 4486 ad
1633 4433 1960 4489 creationem
1990 4433 2180 4491 imma-

578 4538 703 4578 nam
734 4522 787 4577 in
830 4521 1003 4578 forma
1024 4563 1038 4589 ,
1066 4512 1322 4592 imagine,
1356 4522 1646 4593 habituque
1683 4525 1949 4594 humano,
1980 4543 2177 4599 gerens

578 4612 1042 4687 speciosissimam
1074 4613 1578 4686 divinissimamque
1618 4616 1867 4683 formam,
1899 4630 1951 4675 et
1978 4620 2178 4689 jucun-

580 4708 887 4775 dissitnam,
913 4710 1154 4764 omnium
1184 4707 1539 4766 huntanarum
1563 4712 1852 4769 formarum
1884 4717 2180 4785 pulchritu-

579 4800 761 4857 dinem
791 4809 1165 4873 superantem.
1212 4802 1385 4872 Quam
1430 4804 1736 4875 videntem,
1786 4817 1842 4864 et
1879 4809 2178 4870 intuentem

581 4893 801 4965 generis
830 4893 1000 4949 nostri
1036 4894 1329 4966 principem
1353 4897 1682 4955 censendum
1713 4910 1797 4960 est
1821 4919 2007 4963 amore
2039 4907 2183 4963 iusa-

582 4987 731 5042 nisse
751 5026 768 5052 ,
800 4996 1210 5058 creatoremque
1251 4988 1501 5046 omnibus
1530 4992 1767 5050 fmminis
1796 5000 2180 5069 speciosiorem

580 5094 724 5152 pene
752 5079 1048 5151 deperisse.
1085 5079 1233 5136 Hanc
1269 5085 1525 5153 speciem,
1563 5087 1909 5162 divinamque
1941 5096 2181 5165 pulchri-

580 5172 861 5240 tudinem,
916 5174 1407 5245 clementissimus,
1453 5179 1981 5258 formosissimusque
2026 5205 2182 5247 assu-

546 5280 553 5291 ‘
584 5284 765 5335 mens,
797 5283 961 5340 quam
1002 5277 1123 5325 erat
1148 5279 1270 5340 post
1300 5271 1465 5327 multa
1500 5282 1747 5347 tempora
1777 5295 1947 5352 usque
1968 5284 2034 5339 ad
2064 5300 2183 5341 car-

590 5376 716 5417 nem
745 5368 800 5417 et
820 5377 943 5417 ossa
970 5373 1368 5433 aSsumpturus,
1398 5367 1619 5421 creabat
1651 5368 1925 5428 hominem
1950 5375 2184 5448 largiens

587 5454 639 5511 ei
669 5455 904 5526 Speciem
930 5456 1070 5514 hanc
1093 5469 1293 5515 tantam
1320 5460 1438 5532 ipse
1458 5463 1663 5532 primus
1688 5468 2034 5542 archetypus,
2059 5490 2184 5546 spe.

582 5548 918 5605 ciosissimus
940 5549 1080 5622 ipse,
1108 5553 1527 5624 speciosissima.
1554 5557 1723 5629 prolis
1741 5573 1975 5619 creator.
2000 5564 2184 5636 Qu‘an-

577 5802 893 5875 abj’udicant
918 5802 1170 5867 Petavius
1206 5809 1303 5871 lib.
1325 5802 1385 5870 ἰι
1410 5814 1481 5873 de
1508 5814 1701 5878 Trinit.
1717 5802 2052 5896 "ciii'ifii

579 5736 585 5743 '
653 5731 831 5816 (alla
858 5734 1233 5817 εκροδὶῑηῄάεί
1261 5754 1278 5793 :
1307 5755 1468 5813 quam
1500 5750 1680 5803 tamen
1710 5763 1744 5804 a
1769 5747 2071 5810 Thaumatu
2141 5773 2177 5817 ο

579 5802 893 5875 abjudtcant
918 5806 1170 5867 Petavius
1206 5809 1303 5871 lib.
1344 5827 1385 5870 ιι
1410 5814 1481 5873 de
1508 5814 1701 5878 Trinit.
1752 5836 1873 5888 cap.
1920 5824 1972 5888 7.
2012 5772 2167 5888 urg.

2197 3168 2245 3235 ϐ

2201 4574 2258 4637 D

2339 1892 2431 1948 37.
2459 1890 2793 1961 Augustinus
2820 1906 3036 1964 quoque
3061 1893 3165 1949 dici
3192 1902 3336 1949 vetat
3356 1894 3435 1966 (in
3465 1892 3557 1949 lib.
3582 1908 3618 1948 tt
3645 1891 3705 1951 de
3725 1892 3834 1950 Gen.

2271 1984 2338 2042 ad
2379 1986 2459 2041 lit.
2492 2003 2613 2058 cap.
2645 1986 2700 2058 6)
2739 2006 2759 2040 ι
2782 1985 2960 2056 juberi
2986 1987 3180 2044 Filium
3210 2004 3237 2042 a
3284 1988 3477 2050 Patre.
3513 2004 3632 2045 cum
3661 1988 3760 2059 ipse
3784 1989 3837 2042 sit

2272 2078 2568 2151 principale
2597 2079 2833 2136 Verbum
2855 2079 3053 2147 Patris,
3080 2097 3179 2153 per
3199 2081 3341 2153 quod
3367 2080 3510 2138 facta
3535 2080 3832 2138 sttntomnia.

2275 2173 2479 2231 Deinde
2509 2175 2630 2245 quia
2670 2191 2776 2231 non
2804 2176 3086 2244 convenit,
3128 2186 3187 2232 ut
3212 2176 3380 2233 Filius
3410 2178 3566 2248 quasi
3591 2177 3755 2249 jussus
3778 2175 3836 2231 fe-

2272 2267 2415 2324 cisse
2448 2258 2793 2341 intelligatur.
2832 2288 2850 2320 ι
2892 2268 3033 2326 Alibi
3062 2268 3222 2326 etiam
3264 2269 3378 2325 haec
3423 2271 3644 2340 protulit
3682 2268 3832 2342 (inlib.

2274 2372 2455 2418 contra
2510 2362 2753 2420 Sermon.
2812 2363 2996 2419 Arian.
3054 2381 3170 2434 cap.
3228 2363 3321 2438 58)
3372 2382 3386 2420 :
3430 2382 3450 2418 ι
3486 2365 3691 2423 Jussum
3738 2380 3836 2422 vero

2276 2457 2564 2514 obaudisse
2587 2457 2781 2513 Filium
2804 2500 2820 2525 ,
2853 2469 3143 2529 antequam
3167 2458 3447 2530 acciperet
3473 2474 3706 2527 carnem,
3726 2456 3836 2516 unde

2277 2553 2365 2611 isti
2387 2552 2722 2619 existiment,
2753 2554 2956 2609 nescio.
2998 2572 3017 2605 ι
3087 2532 3099 2549 ’

2349 2648 2436 2705 58.
2487 2646 2749 2703 Similiter
2788 2647 2989 2703 ldatius
3019 2646 3133 2721 (lib.
3169 2662 3230 2704 ιιι
3257 2658 3443 2704 contra
3473 2646 3835 2718 Varimundum)

2218 2778 2235 2789 ι
2276 2740 2612 2813 Nyssenum,
2648 2741 2800 2811 cujus
2831 2755 3004 2811 nuper
3039 2740 3425 2809 meminimus,
3464 2741 3619 2811 plane
3640 2750 3832 2803 secutus,

2280 2847 2440 2907 negat
2477 2834 2669 2889 Filiunt
2704 2833 2920 2907 jnbente
2968 2832 3125 2889 Patre
3156 2832 3351 2891 fecisse
3389 2850 3520 2908 qua:
3550 2834 3679 2892 facta
3714 2841 3835 2898 sunt,

2277 2943 2399 2985 cum
2432 2945 2526 3001 pro
2556 2936 2805 3001 potestate
2828 2929 3093 2983 creaverit.

2800 3087 3263 3147 DISSERTATIO
3286 3087 3351 3145 ΙΙΙ
3364 3131 3377 3144 .

2278 3206 2360 3262 Ad
2411 3205 2575 3262 verba
2629 3204 2721 3261 illa
2773 3219 2893 3276 cap.
2938 3220 2973 3258 v
3008 3204 3195 3276 (nam.
3254 3204 3393 3273 100,
3463 3203 3609 3272 etc.)
3670 3221 3683 3258 :
3726 3201 3834 3260 Cox-

2276 3313 2457 3355 CESSIT
2503 3313 2690 3366 ΕἸΊΔΜ,
2754 3313 2825 3353 υτ
2865 3311 3011 3354 ΠΟΙΟ
3061 3313 3149 3354 DEI
3208 3313 3475 3355 ιιιΑοιΝειι
3523 3306 3836 3356 Ροιτιιετιι(

2277 3409 2504 3461 τειηιιε,
2559 3408 2800 3450 υιτῦιιυε
2847 3407 3047 3450 Ροεηλ
3102 3409 3552 3461 εικιιιτυιιιΝειι,
3616 3409 3657 3451 SI
3709 3403 3837 3449 ΙΙᾹῦυ

2278 3504 2633 3546 δειινλιιιιτυιι
2694 3502 2921 3543 ιιιεελ.
2955 3485 3038 3543 AD
3090 3502 3350 3544 [HAGINEI
3388 3503 3494 3544 NON
3541 3501 3697 3544 PU'I'ES
3741 3496 3836 3538 ESSE

2349 3596 2566 3639 FORIAI
2606 3595 2747 3637 ΙΙΔΝΩ
2784 3595 3000 3637 ΗΟΙΙΝΙΒ
3038 3594 3389 3636 EXTEBIOREI
3426 3594 3660 3648 FACTAI,
3694 3582 3782 3633 etc.

2354 3721 2405 3775 1.
2458 3719 2773 3792 Saepissime
2810 3718 2915 3778 hoc
2956 3719 3024 3778 de
3068 3734 3389 3793 argumento
3429 3728 3599 3792 agunt
3635 3726 3834 3779 veteres,

2282 3828 2457 3884 neque
2488 3814 2523 3870 ii
2552 3823 2784 3883 tantum,
2816 3814 2912 3886 qui
2938 3814 3150 3871 divinas
3176 3816 3493 3890 Scripturas
3521 3823 3737 3880 norunt,
3761 3805 3836 3865 sed

2279 3906 2317 3962 ii
2344 3921 2582 3978 quoque,
2607 3922 2744 3978 quos
2766 3906 3022 3964 falsorum
3045 3909 3325 3966 numinum
3347 3910 3591 3968 cultores
3611 3905 3836 3963 novimus.

2354 4002 2437 4055 An
2465 4015 2571 4056 non
2613 4000 2732 4060 ltaic
2758 4002 3173 4073 expressissime
3210 4003 3438 4062 Ovidius
3472 4001 3687 4078 protulit
3711 3997 3839 4074 (ιιιι

2281 4091 2527 4165 Metam.)
2548 4093 2573 4148 ?

2376 4186 2606 4254 Sanctius
2622 4185 2704 4254 his
2723 4187 2922 4251 animal,
2942 4190 3229 4254 mentisque
3247 4190 3481 4253 capacius
3504 4188 3615 4240 alte

2372 4248 2564 4324 Deerat
2579 4249 2752 4324 adhuc,
2779 4257 2832 4324 et
2849 4248 2985 4324 quod
2998 4248 3233 4324 dominari
3256 4248 3517 4324 in'czetera

2374 4310 2531 4361 Natus
2552 4311 2698 4363 homo
2720 4320 2817 4372 est,
2838 4310 2946 4364 sive
2971 4315 3101 4365 hunc
3120 4314 3285 4365 divino
3307 4316 3505 4366 semine
3527 4310 3644 4366 teat

2374 4373 2467 4442 I_l_le
2485 4373 2650 4436 opifex
2676 4387 2846 4442 rerum
2866 4375 3029 4442 blandi
3052 4376 3273 4427 melioris
3293 4391 3458 4442 origo.

2374 4437 2491 4504 S_iv_e
2515 4449 2695 4486 recens
2712 4437 2880 4504 tellus,
2905 4437 3399 4504 seductaquenupeﬁ
3411 4440 3480 4504 ab
3500 4438 3600 4491 alto

2378 4498 2584 4549 Ethere
2607 4502 2806 4561 cegnati
2829 4498 3083 4554 retinebat
3098 4498 3286 4551 semina
3302 4498 3423 4553 caeli
3443 4540 3458 4561 ,

2378 4562 2533 4626 Quam
2550 4563 2886 4626 satus_Japeto
2908 4566 3107 4615 mixtam
3122 4565 3398 4615 ﬂuvialibus
3416 4566 3564 4616 undis

2376 4623 2547 4675 Finxit
2568 4624 2619 4674 in
2636 4623 2853 4690 etﬁgiem
2874 4628 3213 4678 moderantum
3235 4635 3411 4679 cuncta
3430 4626 3666 4679 Deorum.

2356 4733 2411 4789 2.
2444 4732 2510 4789 Et
2545 4732 2598 4787 in
2639 4731 2739 4789 hac
2763 4731 2981 4804 quidem
3008 4732 3400 4804 significatione
3428 4732 3643 4790 videtur
3667 4730 3837 4785 loculus

2282 4824 2493 4891 Cicero,
2525 4842 2647 4882 cum
2676 4825 2902 4882 Paulum
2942 4826 3153 4882 induxit
3180 4825 3282 4882 Dei
3306 4826 3570 4884 vocabulo
3610 4823 3835 4882 hominem

2285 4919 2682 4977 ltonestantem.
2708 4938 2729 4972 ι
2753 4920 2921 4977 Deum
2951 4920 3133 4992 igitur,
3154 4920 3328 4991 inquit
3367 4921 3567 4977 Paulus
3595 4921 3667 4990 (in
3690 4915 3834 4974 Sentn-

2288 5012 2486 5084 Scip.),
2519 5023 2574 5068 te
2614 5028 2737 5069 esse
2767 5013 2904 5068 scito
2937 5031 2950 5067 :
2981 5013 3025 5069 si
3052 5012 3270 5085 quidem
3292 5023 3377 5070 est
3417 5014 3577 5078 Deus,
3606 5011 3688 5084 qui
3707 5008 3835 5078 visci.

2286 5106 2378 5178 qui
2405 5106 2592 5173 sentit,
2622 5106 2715 5178 qui
2746 5105 3016 5173 meminit,
3042 5106 3135 5178 qui
3163 5106 3437 5178 providet,
3464 5106 3556 5179 qui
3586 5114 3684 5161 tam
3709 5098 3834 5171 res“.

2288 5212 2343 5259 et
2380 5202 2721 5267 moderatur,
2767 5210 2824 5259 et
2863 5212 3048 5259 movet
3078 5202 3131 5258 id
3172 5218 3408 5273 corpus,
3436 5203 3523 5259 cui
3562 5194 3836 5274 praepositus

2287 5306 2392 5361 est,
2420 5312 2579 5367 quam
2606 5295 2748 5352 hunc
2774 5294 3030 5351 mundum
3060 5295 3151 5352 ille
3181 5296 3436 5369 princeps
3470 5295 3658 5351 Deus.»

2359 5391 2412 5445 '5.
2442 5389 2550 5447 Nos
2581 5398 2641 5445 ut
2669 5389 2858 5446 ordine
2886 5390 3316 5462 progrediamur,
3345 5388 3415 5446 ad
3451 5401 3691 5461 suprema
3714 5394 3836 5455 (ιυκο

2289 5482 2412 5538 dam
2439 5483 2613 5553 capita
2641 5483 2957 5555 quaeStiuuis
2977 5499 3240 5540 summam
3278 5484 3660 5541 revocabimus.
3687 5474 3835 5534 Primo

2289 5574 2499 5634 scilicet
2520 5575 2853 5649 inquiremus
2871 5619 2887 5647 ,
2910 5593 2979 5633 an
3006 5592 3071 5635 ea
3098 5577 3275 5652 imago
3297 5592 3363 5635 ac
3381 5576 3686 5640 similitudo,
3705 5580 3833 5643 quam

2284 5760 2682 5836 Tillemontius,
2711 5770 2844 5836 tom.
2884 5779 2943 5821 tv
2973 5762 3175 5822 uiator.
3214 5763 3355 5822 Eccl.
3390 5764 3443 5822 in
3470 5754 3831 5836 Gregor.Tbau-

2281 5842 2411 5893 mat.
2441 5842 2546 5894 art.
2568 5833 2627 5905 2,
2655 5844 2711 5895 et
2736 5835 2829 5898 alii
2849 5836 3038 5896 etiam
