4066 6424
618 367 716 425 851

1301 363 1368 423 ιΝ
1408 367 1670 427 ιιιιΑιιιι
1709 364 1929 427 EPIST.
1973 366 2105 425 SEU
2146 358 2208 423 Li

2323 364 2369 423 [ι.
2418 362 2868 424 DISSERTATIO
2904 362 3239 425 SECUNDA.

3769 377 3852 435 85?.

582 488 702 544 ‘vei
758 486 899 560 quod
972 487 1146 560 imago
1193 503 1390 559 corpus
1453 500 1691 565 spectet,
1742 490 2038 547 similitudo
2094 490 2215 545 ani-
2243 494 2293 555 Α
2322 490 2649 545 credendum
2676 500 2791 559 est,
2822 490 3108 562 imaginem
3142 490 3195 545 in
3239 489 3454 546 homine
3498 494 3720 561 reperiri,
3746 499 3851 553 utin

618 596 783 651 mam,
838 584 899 635 ut
948 582 1202 652 opinatur
1247 580 1484 641 lremeus
1543 586 1695 659 (Lib.
1736 602 1801 651 ν,
1835 603 1950 659 cap.
1984 583 2051 656 6)
2091 584 2220 642 :vel

616 674 759 748 quod
791 674 1055 732 naturalia
1077 673 1216 732 dona
1241 675 1449 735 Adamo
1479 680 1676 735 collata
1700 678 1878 751 imago
1900 677 2120 745 indicet,
2145 677 2221 733 si-

614 766 865 824 militudo
889 782 1020 824 vero
1052 771 1504 840 supernaluralia.
1532 771 1669 829 Hinc
1701 772 2013 844 imaginem,
2047 772 2090 826 si
2118 770 2220 827 hos

615 860 887 928 audimus,
919 862 1142 918 retinuit
1174 863 1414 918 admisso
1442 873 1701 936 peccato;
1726 874 1781 919 at
1810 860 2218 921 similitudinem

615 950 855 1010 Adamus
876 955 1076 1010 amisit.
1093 954 1164 1012 Ut
1192 954 1245 1011 in
1264 958 1538 1015 veteribus
1564 957 1813 1014 Patribus
1838 956 2217 1027 consistamus,

613 1047 1095 1120 Chrysostomnm,
1127 1049 1479 1107 Severianum
1519 1051 1921 1117 Gabalitanum,
1950 1048 2220 1125 Cyrillum

618 1141 1086 1211 Alexandrinum,
1138 1143 1495 1217 Augustinum
1562 1145 1799 1217 denique
1864 1146 1999 1201 libro
2051 1161 2101 1200 v1
2151 1145 2221 1202 de

621 1236 756 1293 Gen.
812 1236 881 1293 ad
943 1236 1178 1293 litteram
1240 1254 1359 1308 cap.
1418 1238 1489 1295 27
1540 1240 1735 1311 allegat
1776 1237 2049 1295 Calmetus
2101 1236 2220 1310 (In

620 1331 789 1387 locum
842 1332 977 1387 hunc
1035 1332 1285 1389 Geneseos
1308 1330 1353 1405 ).
1404 1334 1622 1390 Addere
1670 1342 1883 1405 paterat
1922 1340 2033 1388 tum
2082 1333 2220 1391 alios

617 1425 842 1491 multos,
892 1432 1004 1479 tum
1056 1434 1205 1481 certe
1253 1426 1581 1498 Origenem,
1630 1434 1685 1483 et
1738 1426 2071 1499 Scriptorem
2120 1441 2219 1481 no-

619 1526 813 1585 strum,
847 1534 985 1590 quos
1016 1518 1272 1591 deinceps
1294 1519 1657 1586 adducemus;
1690 1520 1976 1576 Paulinum
2004 1534 2221 1592 quoque

616 1609 904 1679 Nolanum,
937 1609 1263 1685 Nyssenum,
1300 1612 1590 1669 Maximum
1625 1612 1946 1686 Martyrem,
1974 1612 2221 1679 aliosque

617 1722 725 1761 non
758 1714 978 1777 paucos,
1009 1723 1144 1779 quos
1173 1718 1456 1777 recenset,
1481 1726 1670 1765 eorum
1704 1709 1820 1764 loca
1850 1709 2091 1780 allegans
2120 1709 2220 1766 Pe-

609 1800 785 1856 tavius
813 1799 931 1873 (De
968 1800 1142 1874 0pif.,
1170 1802 1259 1858 lib.
1291 1818 1350 1869 ιι,
1379 1820 1493 1873 cap.
1526 1802 1582 1867 2,
1615 1821 1669 1857 n.
1700 1802 1810 1873 13).
1844 1801 1901 1858 ιη
1941 1801 2129 1871 primis
2168 1801 2220 1859 id

615 1894 991 1967 copiosissime
1013 1897 1328 1967 exsequitur
1357 1906 1547 1953 auctor
1572 1897 1694 1953 libri
1713 1896 1775 1950 de
1793 1895 2069 1963 Spiritn,et
2093 1893 2219 1949 Ani-'
2253 1914 2298 1975 Β

614 2002 698 2042 ma
724 1985 819 2058 (a),
853 1987 941 2059 qui
962 1997 1139 2043 exstat
1160 1988 1303 2044 inter
1329 2003 1494 2059 opera
1518 1986 1824 2060 Augustini.
1849 1986 1961 2043 Nec
1991 1995 2217 2058 prteter-

616 2097 708 2139 eas
757 2081 883 2138 volo
912 2081 1297 2152 Alchuvinum,
1321 2083 1413 2155 qui
1440 2083 1743 2139 luculenter
1772 2085 1885 2154 ipse
1910 2096 2124 2154 quoque
2153 2095 2220 2139 ea

618 2174 686 2231 de
709 2189 769 2233 re
794 2175 904 2247 agit
929 2172 1027 2247 (b).

1068 2311 1395 2381 QUESTIO
1435 2309 1774 2370 SECUNDA.

729 2426 798 2484 In
822 2443 924 2500 quo
951 2428 1121 2499 posita
1147 2430 1214 2482 sit
1241 2429 1374 2495 haec,
1403 2427 1470 2483 de
1494 2444 1601 2499 qua
1635 2426 1840 2499 agimus
1856 2467 1872 2493 ,
1902 2426 2073 2497 imago
2096 2464 2111 2492 ,

1230 2530 1279 2576 et
1310 2518 1619 2575 similitudo.

692 2632 779 2687 12.
819 2633 992 2701 Quam
1043 2642 1252 2689 vetusta
1305 2632 1377 2688 sit
1429 2632 1658 2704 quaestio
1706 2631 1860 2698 haec,
1916 2631 2228 2703 pariterque

620 2741 780 2798 quam
808 2726 1048 2783 difficilis
1080 2726 1150 2782 sit
1181 2727 1247 2783 ad
1283 2727 1633 2797 solvendum,
1668 2740 1735 2784 ex
1763 2727 1828 2783 iis
1853 2771 1866 2796 ,
1903 2743 2024 2800 qua:
2067 2727 2229 2783 tradit

624 2819 981 2893 Epiphanius,
1031 2821 1188 2878 facile
1243 2822 1604 2893 assequimur.
1659 2822 1880 2880 Scilicet
1922 2829 2030 2878 tam
2068 2821 2120 2876 in
2166 2820 2231 2876 li-

624 2914 746 2980 bro,
786 2914 838 2968 in
893 2926 1001 2985 quo
1049 2914 1310 2970 adversus
1351 2912 1589 2971 [hereses
1636 2914 1871 2986 disputat
1913 2914 2009 2988 (c),
2068 2928 2229 2985 quam

618 3008 674 3063 in
730 3008 1006 3064 Ancoran
1059 3022 1125 3065 ea
1172 3008 1239 3065 de
1292 3023 1352 3064 re
1393 3009 1524 3081 agit,
1564 3019 1617 3064 et
1665 3007 1951 3064 doctorum
2008 3018 2229 3063 senten-

623 3102 725 3158 tias
762 3118 823 3158 ea
864 3118 1031 3173 super
1058 3104 1430 3160 controversia
1467 3103 1778 3158 summatim
1810 3100 2063 3172 exponit,
2099 3099 2229 3156 illud

622 3194 973 3264 concludens,
1000 3216 1017 3249 ι
1042 3211 1145 3251 non
1176 3210 1299 3253 esse
1324 3195 1434 3251 ullo
1455 3194 1617 3252 modo
1634 3194 2019 3263 definiendum,
2040 3203 2130 3249 aut
2148 3192 2233 3247 af-

620 3378 715 3434 sed
746 3387 924 3435 tamen
960 3379 1232 3435 fatendum
1265 3394 1385 3436 esse
1409 3380 1588 3436 inesse
1616 3380 1669 3434 in
1706 3379 1956 3448 homine,
1988 3396 2056 3436 ne
2083 3379 2223 3435 divi-

622 3484 749 3525 num
784 3470 1102 3527 beneficium
1137 3471 1386 3527 tollamus
1415 3487 1445 3526 c
1476 3471 1679 3538 medio,
1707 3487 1772 3528 ac
1792 3472 1887 3528 Dei
1916 3472 2222 3528 auctoritati

615 3560 922 3618 diiiidamus
969 3561 1196 3633 (Hrcres.
1224 3564 1291 3618 70
1320 3580 1372 3618 η.
1425 3561 1540 3636 2).:
1579 3563 1713 3619 liinc
1743 3605 1759 3630 ,
1792 3580 1856 3618 eo
1880 3562 2081 3635 judice,
2112 3564 2225 3620 Au-

618 3656 762 3713 diani
787 3668 930 3722 eam,
964 3656 1029 3712 de
1056 3668 1157 3729 qua
1188 3659 1396 3729 agimus
1418 3701 1432 3724 ,
1458 3658 1744 3731 imaginem
1773 3660 1822 3715 in
1854 3674 2082 3731 corpore
2112 3663 2223 3715 col-

619 3746 894 3811 lucantes.
936 3767 956 3801 ι
980 3766 1099 3804 cum
1129 3750 1180 3804 in
1208 3750 1309 3805 hac
1356 3758 1504 3819 parte
1550 3751 1776 3821 majore,
1809 3767 1969 3821 quam
2003 3767 2097 3822 par
2127 3753 2219 3821 sit,

616 3842 980 3899 contentionis
1009 3843 1190 3898 studio
1219 3842 1485 3899 ducantur
1506 3886 1519 3909 ,
1548 3844 1616 3899 ab
1644 3844 2027 3902 Ecclesiastica
2057 3846 2225 3903 tradi-

620 3938 767 3991 tione
796 3950 861 3991 ac
899 3934 1143 3992 doctrina
1191 3934 1469 3993 recedunt.
1497 3937 1628 4007 Quae
1658 3954 1780 3994 cum
1815 3955 2006 3995 omnes
2049 3939 2227 3997 homi-

623 4043 721 4085 nes
744 4072 758 4095 ,
787 4029 883 4085 Dei
914 4028 978 4083 ad
1008 4029 1294 4100 imaginem
1338 4042 1552 4087 creatos
1573 4045 1694 4087 esse
1726 4032 1984 4095 fateatur,
2021 4031 2222 4088 nullam

618 4133 797 4179 tamen
847 4131 1054 4194 partem
1102 4122 1328 4190 definit,
1363 4124 1414 4177 iu
1446 4139 1547 4195 qua
1596 4125 1752 4181 istius
1774 4124 1921 4181 modi
1974 4124 2224 4195 imaginis

614 4216 753 4271 ratio
770 4215 1084 4271 ‘collucanda
1103 4215 1366 4271 videatur.
1386 4235 1405 4269 ι
1426 4214 1620 4287 liejicit
1637 4217 1835 4274 deinde
1850 4213 1965 4286 eos,
1993 4214 2219 4289 «quibus

612 4308 811 4377 placet,
861 4322 958 4363 nec
982 4308 1033 4362 in
1055 4308 1255 4372 anima,
1277 4322 1379 4364 nec
1400 4307 1453 4363 in
1476 4324 1703 4380 corpore
1724 4309 1879 4365 sitam
1905 4308 2218 4382 imaginem,

614 4403 710 4460 sed
741 4404 854 4460 sola
869 4405 1067 4459 virtute
1095 4404 1366 4460 contineri
1384 4423 1396 4459 :
1414 4423 1433 4458 ι
1463 4420 1806 4477 easquoque,
1828 4423 1847 4459 ‹
1873 4406 1961 4478 qui
1984 4420 2088 4460 non
2106 4407 2219 4461 vir-

614 4506 806 4565 tutem,
840 4497 933 4553 sed
957 4496 1280 4569 baptismum
1311 4541 1326 4565 ,
1354 4506 1408 4554 et
1448 4513 1566 4570 qua:
1614 4500 1665 4554 in
1696 4514 1759 4554 ea
1786 4498 2063 4555 confertur
2091 4514 2219 4571 gra-

612 4591 740 4650 tiam
772 4607 893 4651 esse
920 4590 1130 4648 aiunt.»
1169 4591 1234 4647 Et
1259 4591 1377 4646 haec
1404 4589 1622 4647 demum
1654 4591 1869 4647 statuit:
1904 4609 1923 4644 ι
1945 4589 2022 4646 ita
2053 4606 2218 4662 porro

2324 591 2437 638 toto
2486 582 2760 650 maxime,
2822 598 2921 638 nec
2969 582 3288 653 simpliciter
3338 581 3581 639 resideat.
3633 583 3853 645 Caeterum

2323 676 2541 732 ubinam
2572 676 2660 731 illa
2709 677 2941 733 maxime
2971 674 3079 745 sit,
3125 685 3180 732 et
3205 691 3307 748 qua
3346 686 3495 747 parte
3532 678 3853 749 compleatur,

2322 769 2464 841 quod
2490 769 2689 825 dictum
2719 778 2829 834 est,
2859 770 2928 825 ad
2964 769 3241 844 imaginem
3268 812 3283 837 ,
3317 769 3456 825 Deus
3486 771 3645 839 novit,
3674 774 3749 844 qui
3773 773 3856 829 slu-

2298 862 2490 937 -gnlari
2521 862 2625 920 hoc
2661 863 2909 935 imaginis
2958 879 3071 920 sua:
3130 861 3391 920 beneficio
3424 864 3682 919 hominum
3724 882 3855 938 genus

2322 956 2538 1014 afficere
2570 956 2761 1011 voluit.
2793 978 2812 1011 ι

2398 1051 2484 1108 15.
2518 1048 2805 1121 Epiphanii
2832 1049 3017 1122 opinio
3053 1048 3237 1122 paucis
3268 1046 3503 1121 placuit,
3532 1049 3737 1120 ideoque
3758 1051 3855 1107 dili-

2324 1143 2537 1216 gentius
2574 1144 2946 1214 exquisierunt
2977 1185 2992 1210 ,
3044 1145 3095 1197 in
3153 1157 3260 1213 quo
3307 1142 3598 1198 consultius
3640 1143 3855 1201 videretur

2323 1234 2610 1309 imaginem
2641 1254 2783 1306 eam,
2816 1246 2871 1294 et
2896 1236 3307 1293 similitudinem
3348 1237 3626 1294 collocare.
3662 1236 3711 1293 lu
3737 1255 3855 1308 supe-

2324 1330 2469 1386 riore
2498 1333 2794 1400 quaestione
2821 1330 3076 1396 diximus,
3114 1329 3406 1386 nonnullos
3446 1328 3626 1385 Patres
3660 1331 3853 1388 eamdem

2325 1422 2613 1493 imaginem
2642 1423 2693 1477 in
2723 1420 2879 1478 donis
2903 1420 3237 1479 naturalibus
3282 1420 3438 1478 nobis
3469 1422 3673 1479 tributis
3704 1425 3854 1479 consti-

2325 1515 2493 1570 tuisse
2513 1557 2528 1581 ,
2558 1514 2965 1571 similitudinem
3004 1529 3136 1570 vero
3166 1514 3218 1569 in
3259 1508 3751 1584 supernainralibus.
3789 1514 3853 1572 liis

2324 1606 2603 1678 adjungite
2623 1622 2728 1662 non
2754 1607 2914 1662 modo
2936 1614 3085 1674 eum,
3109 1618 3269 1677 quem
3292 1603 3644 1672 illustramus,
3666 1607 3853 1678 Scripto-

2324 1718 2439 1759 rem
2466 1719 2480 1769 ;
2512 1703 2711 1758 etenim
2747 1702 3033 1759 manifesto
3064 1702 3114 1758 id
3158 1702 3321 1758 tradit
3356 1701 3412 1761 in
3444 1701 3510 1759 iis
3530 1742 3546 1765 .
3576 1717 3686 1773 qua:
3706 1702 3855 1759 disser-

2326 1796 2516 1853 tationi
2548 1797 2674 1853 huic
2694 1798 2962 1869 prteposui
2988 1839 3000 1863 ,
3043 1798 3256 1854 verbis:
3288 1815 3306 1850 ι
3344 1797 3622 1854 Concessit
3641 1798 3794 1865 etiam,
3818 1810 3856 1854 ut

2326 1888 2490 1944 homo
2522 1891 2610 1944 Dei
2645 1889 2930 1961 imaginem
2965 1901 3204 1961 portaret
3236 1892 3289 1946 in
3324 1891 3508 1956 terris,
3536 1892 3737 1947 daturus
3771 1903 3855 1962 post

2324 1998 2386 2038 ea
2418 1982 2848 2049 similitudinem,
2884 1984 2926 2038 si
2958 1982 3138 2055 imago
3166 1992 3479 2040 servaretur
3518 1984 3691 2052 illaasa,
3713 2005 3728 2037 ι
3750 1996 3852 2049 etc;

2326 2093 2516 2134 verum
2545 2079 2707 2134 etiam
2750 2077 3038 2149 Origenem
3065 2121 3079 2144 ,
3113 2094 3270 2149 quem
3316 2077 3480 2151 plane
3517 2078 3659 2150 sequi
3702 2078 3857 2133 videtur

2325 2173 2558 2242 scriptor
2588 2178 2808 2241 noster;
2835 2175 3032 2243 quippe
3058 2170 3177 2228 haec
3210 2171 3517 2228 litterarum
3562 2174 3857 2228 monumentis

2327 2263 2547 2322 tradidit
2578 2264 2659 2338 (ά)
2690 2283 2703 2321 :
2739 2285 2759 2319 ι
2797 2265 2911 2322 Hoc
2942 2281 3173 2336 namque
3196 2264 3397 2323 indicat
3424 2270 3630 2340 Moyses
3649 2275 3753 2322 ante
3772 2280 3857 2321 om-

2327 2373 2425 2415 nes
2455 2400 2469 2424 ,
2498 2372 2619 2413 cum
2653 2357 2880 2428 primam
2911 2359 3276 2415 conditionem
3321 2358 3560 2415 hominis
3587 2368 3771 2416 enarrat
3803 2357 3860 2412 die

2328 2462 2488 2506 cens:
2510 2460 2559 2505 et
2598 2447 2733 2505 dixit
2761 2446 2935 2505 Deus:
2966 2448 3246 2506 Faciamus
3272 2450 3530 2506 hominem
3548 2450 3613 2505 ad
3630 2449 3859 2522 imaginem,

2329 2551 2378 2599 et
2408 2543 2802 2600 similitudinem
2849 2554 3095 2601 nostram.
3128 2544 3282 2601 Tunc
3323 2544 3525 2602 deinde
3552 2542 3715 2600 addit:
3739 2541 3792 2598 Et
3812 2546 3863 2615 {e-

2329 2637 2399 2691 cit
2427 2636 2567 2691 Deus
2596 2637 2873 2701 hominem,
2906 2639 2976 2691 ad
3007 2636 3099 2691 Dei
3130 2636 3410 2709 imaginem
3440 2640 3556 2713 fecit
3585 2637 3716 2693 illum
3737 2651 3863 2704 ,tnat—
3968 2656 3969 2713 ξ

2329 2726 2507 2781 culum
2527 2736 2575 2781 et
2604 2728 2864 2799 [ceruinam
2887 2727 3005 2800 fecit
3036 2744 3141 2791 eos,
3169 2739 3215 2784 et
3242 2710 3502 2785 benedifcit
3522 2746 3624 2784 eos.
3653 2727 3747 2784 Hoc
3773 2740 3863 2796 ergo
3968 2710 3969 2783 ἦ

2331 2821 2473 2894 quod
2500 2821 2672 2888 dixit.
2697 2822 2766 2878 ad
2786 2823 3061 2897 imaginem
3095 2822 3190 2877 Dei
3222 2824 3345 2895 fecit
3382 2840 3500 2877 eum
3528 2866 3543 2889 ,
3571 2832 3622 2878 el
3646 2822 3707 2878 de
3728 2820 3864 2876 simili-
3968 2820 3969 2889 ζ

2331 2914 2518 2970 tudine
2547 2914 2717 2981 siluit,
2748 2931 2853 2969 non
2882 2912 3032 2969 aliud
3082 2913 3281 2969 indicat
3310 2956 3325 2980 ,
3362 2914 3474 2970 nisi
3501 2914 3641 2986 quod
3677 2911 3864 2983 imaginis
3968 2918 3969 2986 ξ

2332 3008 2548 3080 quidem
2580 3008 2899 3082 dignitatem
2929 3007 2983 3063 in
3015 3009 3188 3079 prima
3211 3008 3533 3065 conditione
3561 3007 3793 3079 percepit,
3816 3006 3866 3060 si-
3968 3006 3969 3082 ξ

2331 3102 2652 3159 militudinis
2680 3116 2809 3159 vero
2838 3101 3098 3172 perfectio
3126 3102 3177 3157 in
3215 3102 3679 3158 consummatione
3710 3107 3865 3155 servata

2332 3203 2415 3251 est
2441 3213 2453 3249 :
2478 3194 2687 3251 scilicet
2716 3202 2777 3250 ut
2804 3194 2920 3265 ipse
2951 3194 3055 3250 sibi
3080 3209 3198 3251 eam
3230 3195 3469 3265 propria:
3509 3195 3762 3251 industria:
3787 3204 3868 3246 stu-
3968 3192 3969 3213 ῖ

619 3286 943 3343 firmandum
975 3330 990 3354 ,
1019 3300 1252 3359 quanam
1286 3288 1336 3343 in
1380 3296 1532 3361 parte
1566 3289 1741 3358 imago
1789 3287 1878 3342 illa
1928 3288 2225 3343 consistat:
2255 3307 2300 3371 ο
2335 3286 2439 3343 diis
2466 3292 2535 3343 ex
2576 3287 2670 3343 Dei
2711 3286 3011 3342 imitatione
3046 3286 3462 3355 conscisceret,
3492 3305 3611 3343 cum
3657 3283 3867 3357 pumiliili-
3968 3328 3969 3373 ᾖ

2335 3391 2443 3437 tate
2470 3382 2569 3437 sibi
2605 3374 2954 3452 perfectionis
2980 3381 3034 3436 in
3078 3381 3243 3439 initiis
3288 3378 3417 3437 data
3451 3398 3548 3455 per
3574 3381 3786 3454 imaginis
3807 3378 3865 3432 di-
3968 3408 3969 3433 γ

2330 3477 2587 3546 gnitatem
2620 3517 2634 3540 ,
2667 3475 2719 3530 in
2750 3474 2856 3531 fine
2900 3472 3117 3530 demum
3174 3491 3269 3544 per
3298 3490 3529 3545 operum
3578 3474 3865 3544 espletiouem
3968 3518 3969 3525 η

2332 3567 2622 3637 perfectam
2651 3566 2752 3621 sibi
2784 3567 2898 3636 ipse
2923 3560 3327 3623 similitudinem
3352 3578 3755 3623 consummaret.
3780 3555 3865 3617 'Scd

2329 3659 2566 3729 apertius
2593 3660 2730 3726 huic,
2754 3670 2809 3715 et
2832 3659 3138 3717 Evidentius
3191 3661 3262 3715 ita
3294 3676 3353 3716 se
3402 3660 3605 3719 habere
3629 3705 3642 3730 ,
3682 3661 3864 3717 Joannes
3968 3688 3969 3695 ι

2330 3753 2625 3825 Apostolus
2653 3751 2844 3810 deﬁnit
2900 3753 3004 3809 hoc
3056 3752 3218 3809 modo
3266 3757 3667 3825 pronuntians:
3697 3748 3862 3811 Fiiicli.

2330 3846 2560 3901 nondum
2582 3850 2791 3910 scimus,
2824 3846 2949 3917 quid
2991 3847 3154 3917 futuri
3189 3847 3349 3902 simus
3387 3863 3406 3900 :
3435 3850 3481 3903 si
3511 3864 3624 3903 vero
3646 3845 3863 3901 revelatum

2330 3936 2476 3993 nobis
2502 3938 2658 4010 fuerit
2683 3937 2746 3991 de
2773 3912 3042 3993 salvatore
3063 3981 3075 4000 .
3102 3938 3213 3992 sine
3238 3934 3393 3993 dubio
3417 3938 3630 3995 dicetis:
3656 3935 3814 3992 similes
3835 3933 3867 3987 ei
3968 3912 3969 3975 Ῐ

2328 4029 2532 4084 erimus.
2563 4030 2666 4084 Per
2683 4028 2826 4101 quod
2845 4028 3149 4086 certissime
3173 4029 3372 4086 indicat
3391 4037 3451 4086 et
3473 4031 3630 4087 tinem
3648 4028 3863 4088 omnium,

2329 4137 2489 4193 quem
2517 4122 2695 4178 adhuc
2721 4121 2823 4178 sibi
2844 4122 2976 4179 dicit
3016 4122 3278 4193 ignotum,
3308 4131 3364 4178 et
3387 4122 3774 4179 similitudinem
3801 4115 3865 4170 llei

2324 4217 2816 4287 Sperandam,qua:
2863 4213 3282 4286 promet-iterum
3330 4217 3659 4287 permotione
3693 4214 3866 4287 prtesla-
3968 4228 3969 4243 π

2322 4307 2486 4365 bitur.
2520 4307 2639 4380 ipse
2664 4322 2877 4380 quoque
2902 4306 3164 4364 Dominus
3186 4308 3238 4364 in
3270 4308 3568 4380 Evangelio
3598 4309 3703 4362 bazc
3722 4303 3863 4361 eadem

2324 4416 2432 4458 non
2459 4402 2632 4458 solum
2664 4401 2866 4470 futura,
2893 4418 3077 4459 verum
3108 4403 3269 4458 etiam
3300 4405 3382 4459 sui
3416 4400 3779 4461 intercessione
3800 4394 3861 4451 fu-

2324 4508 2462 4563 tura,
2494 4498 2778 4570 designat,
2802 4497 2930 4554 dum
2968 4498 3084 4569 ipse
3114 4498 3215 4554 hoc
3244 4513 3275 4554 a
3303 4497 3468 4556 Patre
3493 4496 3749 4570 discipulis
3784 4490 3865 4547 suis

2321 4591 2611 4662 impetrare
2636 4590 2889 4664 dignatur
2927 4588 3148 4649 dicens:
3183 4591 3378 4658 Pater,
3411 4592 3526 4648 volo
3558 4634 3573 4660 ,
3622 4600 3673 4646 ut
3695 4589 3767 4644 ubi
3797 4598 3864 4655 ego

604 4799 821 4858 quoque
848 4780 1121 4858 Scriptura
1155 4787 1379 4858 narrat,
1416 4776 1586 4833 Deum
1629 4778 1811 4858 fecisse
1853 4776 2111 4858 hominem
2139 4778 2209 4833 ad
2234 4785 2290 4847 1)
2314 4777 2420 4846 ius,
2446 4774 3060 4858 tomoi_ltaliie__8‘¢z‘crw
3082 4790 3205 4858 pag.
3245 4775 3373 4858 46"),
3400 4785 3455 4833 et
3484 4792 3551 4834 ex
3599 4773 3798 4835 eoCave
3815 4769 3865 4823 ad
3968 4754 3969 4831 ἦ

603 4849 919 4927 imaginem,
973 4849 1023 4910 et
1068 4852 1471 4927 sioniiitudinem_
1508 4849 1677 4927 suam.
1735 4849 1863 4927 Plus
1892 4857 2073 4905 autem
2123 4861 2208 4906 est

604 4922 783 4999 imago
812 4969 827 4991 ,
868 4940 1027 4999 quam
1058 4924 1398 4999 similitudoa
1435 4923 1529 4978 Est
1552 4922 1697 4978 enim
1742 4922 1922 4999 imago
1951 4936 2207 4999 expressa

578 5002 681 5060 'rei
710 4993 1005 5057 similitudo
1031 5036 1046 5061 ,
1078 5006 1133 5051 et
1159 4995 1358 5052 dicitur
1387 4995 1561 5063 imago
1582 5034 1598 5062 ,
1622 4995 1779 5065 quasi
1804 5009 1928 5048 vera
1964 4993 2203 5064 imitago.

604 5069 910 5130 Similitudo
932 5076 1015 5122 est
1042 5082 1222 5122 rerum
1262 5066 1439 5135 aliqua
1472 5064 1886 5131 representatio
1915 5106 1929 5131 ,
1961 5065 2109 5120 velut
2142 5066 2207 5119 il-

604 5146 692 5201 lud
733 5161 746 5199 :
780 5139 1027 5198 Videbunt
1072 5134 1300 5193 homines
1333 5134 1465 5191 uelut
1491 5136 1698 5191 arbores
1729 5137 2069 5191 ambulantes.
2118 5135 2210 5191 Fi-

602 5218 702 5272 lius
729 5216 909 5281 imque
940 5213 1031 5267 Dei
1062 5212 1239 5280 imago
1265 5221 1345 5265 est
1387 5210 1583 5281 Patris,
1610 5211 1731 5281 quia
1769 5224 1864 5281 per
1893 5210 2075 5265 omnia
2105 5208 2206 5281 Pa-

599 5291 664 5344 tri
698 5279 909 5347 similis,
930 5294 983 5339 et
1017 5284 1068 5339 in
1103 5279 1249 5336 nullo
1293 5281 1433 5339 Patri
1468 5279 1770 5335 dissimilis.
1802 5280 1951 5335 Sicut
2002 5279 2200 5335 Paulus

598 5361 667 5414 ait
695 5379 705 5414 :
741 5362 824 5426 qui
851 5366 921 5409 est
949 5354 1129 5426 Imago
1155 5351 1248 5406 Dei
1278 5350 1566 5426 invisibilis.
1615 5348 1756 5426 Nam
1776 5348 2153 5426 :qndiisfaler
2182 5394 2198 5418 ,

598 5375 667 5414 ali
695 5379 705 5414 ε
777 5375 824 5409 ηι
851 5375 920 5409 881
949 5375 1129 5426 ιηυιθι)
1155 5375 1247 5406 νει
1278 5375 1566 5407 ιηυιδιωιιε.
1615 5375 1658 5404 1V
1673 5375 1756 5403 ιηιι
1776 5375 1970 5422 ‘quuua
1993 5375 2153 5404 ratur
2182 5394 2193 5418 1

598 5432 717 5485 talis
741 5375 934 5481 ﬁdius.
959 5425 1316 5495 Omnipotens
1363 5423 1527 5495 Pater
1551 5464 1565 5487 ,
1596 5422 1949 5495 omnipotens
1976 5418 2145 5495 Filius
2178 5462 2193 5487 ,

603 5514 656 5555 et
687 5505 763 5556 sic
792 5500 858 5553 de
906 5493 1166 5567 reliquis,
1200 5512 1319 5566 qu.e
1364 5494 1729 5567 pnedicantur
1770 5493 1824 5547 iu
1870 5493 2194 5567 substantia.

607 5574 702 5628 Est
718 5586 845 5640 ergo
869 5563 1038 5640 Filius
1061 5583 1187 5623 vere
1212 5563 1415 5636 imago,
1441 5565 1497 5620 id
1519 5575 1599 5640 e_st
1624 5574 1884 5640 expressa
1911 5564 2003 5640 Dei
2022 5563 2201 5640 Patris

604 5634 919 5698 similitudo.
955 5639 1106 5695 Unde
1134 5634 1343 5693 dictum
1376 5649 1490 5691 est;
1526 5634 1807 5690 Faciamus
1846 5634 2107 5688 hominem
2131 5634 2201 5688 ad

601 5715 874 5785 imaginem
894 5719 1144 5785 nostrum.
1178 5708 1286 5785 Sed
1333 5708 1604 5785 hominem
1643 5708 1709 5761 ad
1741 5706 2051 5785 imaginem,
2076 5707 2201 5775 quia

604 5774 752 5837 soliis
781 5780 1027 5836 Christus
1057 5786 1140 5833 est
1178 5779 1356 5846 imago
1385 5819 1396 5837 .
1424 5779 1520 5833 sed
1571 5778 1735 5833 homo
1762 5776 1828 5831 ad
1860 5774 2147 5845 imaginem
2181 5818 2197 5845 ,

610 5854 659 5903 id
692 5861 776 5905 est
804 5861 859 5903 ut
887 5849 1072 5903 tendat
1099 5848 1167 5902 ad
1194 5848 1500 5917 imaginem.
1540 5868 1558 5902 ι
1596 5848 1764 5903 Porro
1815 5849 2202 5920 Hieronymum

607 5922 891 5977 Aretiuum
927 5934 994 5973 ne
1018 5920 1255 5985 ignotum
1284 5928 1457 5987 putes.
1490 5920 1565 5974 Ea
1589 5920 1834 5988 consule,
1864 5936 1984 5992 qua:
2007 5920 2204 5991 Ugliel-

2312 4865 2512 4907 annum
2541 4847 2681 4903 1144
2713 4862 2830 4919 pag.
2852 4847 2962 4903 222
2993 4847 3120 4903 tomi
3146 4861 3184 4903 ιι
3209 4848 3448 4905 tradunt.

2386 4920 2461 4995 (a)
2495 4919 2627 4995 gap.
2674 4914 2967 4995 jPorro
2998 4919 3143 4976 hunc
3194 4920 3390 4995 li_b_rum
3440 4922 3494 4978 in
3524 4920 3746 4977 editione
3774 4914 3861 4995 __Pa_-

2314 4989 2456 5049 trum
2492 4991 2551 5049 S.
2582 4989 2752 5047 Mauri
2784 4991 3025 5048 invenies
3060 5008 3180 5064 pag.
3225 4992 3296 5048 55
3355 5002 3409 5048 et
3452 5007 3569 5065 seq.
3600 4989 3860 5062 appendicis

2314 5071 2553 5211 Misy)“;
2571 5149 2638 5190 eo
2676 5135 2941 5260 «Euseulo
2964 5176 2979 5199 ,
3011 5135 3154 5200 quod
3202 5135 3269 5191 ad
3299 5135 3442 5191 hunc
3473 5134 3684 5190 modum
3712 5126 3860 5187 inscri-

2314 5208 2488 5260 bitur:
2520 5210 2661 5260 dicta
2741 5244 2755 5260 .
2805 5207 2981 5260 Albini
3011 5205 3200 5260 Levitis
3241 5224 3397 5260 sitner
3432 5208 3565 5260 illud
3617 5204 3858 5260 (iactent:

2313 5204 2488 5265 bitur:
2520 5210 2661 5264 dicta
2688 5204 2755 5260 B.
2805 5207 2981 5261 Albini
3011 5205 3200 5263 Levius
3241 5224 3397 5280 super
3432 5208 3565 5262 illud
3615 5204 3858 5280 (ignescet:

2312 5280 2574 5354 faciamus
2606 5280 2903 5354 hominem,
2930 5277 3310 5354 etc.,_pag.§4
3338 5281 3575 5349 Uperum
3597 5276 3855 5354 Alcimum.

2309 5352 2486 5423 Atque
2516 5351 2597 5423 (ut
2625 5350 2803 5405 obiter
2832 5361 3034 5423 notem,
3066 5349 3190 5405 licet
3218 5349 3424 5423 idante
3452 5365 3539 5405 me
3577 5349 3859 5423 adverteritis

2308 5410 2413 5497 PP;
2442 5425 2499 5478 S.
2520 5410 2702 5497 ‘lliauri
2738 5434 2857 5490 pag.
2888 5421 2989 5479 611
3024 5410 3365 5497 Ἀβρθιιιίἰρίξ
3396 5432 3525 5497 tom.
3554 5410 3858 5497 irAmbrosii)

2308 5494 2497 5567 eadem
2526 5493 2685 5567 plane
2708 5488 2924 5567 exsiant
2944 5508 3066 5567 cap.
3086 5488 3253 5549 tertio
3303 5494 3439 5567 libri,
3476 5494 3567 5567 qui
3598 5488 3860 5567 inscribitur

2307 5566 2370 5620 de
2389 5566 2639 5638 dignitate
2670 5563 2986 5638 conditionis
3035 5565 3309 5631 humane,
3357 5566 3445 5637 qui
3474 5564 3615 5621 liber
3653 5563 3764 5617 olim
3789 5566 3859 5611 trt-

2309 5636 2575 5693 bui-b'atur
2605 5636 2919 5692 Ambrosio.

2382 5708 2452 5793 (ι)
2486 5708 2692 5793 haeresi
2720 5720 2867 5793 mg:
2900 5718 3022 5779 qua
3049 5716 3139 5764 est
3163 5707 3532 5765 Audianorum
3560 5750 3575 5776 ,
3604 5723 3656 5762 ιι.
3683 5704 3717 5761 9
3737 5710 3782 5758 et
3802 5699 3854 5763 3ο

2311 5790 2364 5835 et
2389 5778 2440 5834 in
2471 5778 2675 5835 Ancor.
2712 5795 2765 5832 ιι.
2795 5778 2883 5833 55.

2380 5850 2463 5922 (d)
2490 5851 2607 5907 Lib.
2662 5866 2721 5906 ιιι
2749 5850 2871 5907 Peri
2899 5852 3092 5907 urchen
3117 5893 3135 5920 ,
3177 5867 3273 5910 seu
3321 5853 3386 5911 de
3427 5850 3716 5922 Principiis,
3739 5861 3783 5903 n.
3813 5843 3852 5911 li

2321 5939 2441 5995 pag.
2472 5922 2573 5985 l52
2602 5926 2730 5980 tomi
2756 5940 2773 5981 ι
2802 5925 3054 5991 editionis
3093 5928 3153 5993 Ρ.
3187 5926 3368 5991 Caroli
3393 5928 3460 5997 de
3487 5928 3538 5990 la
3576 5925 3701 5983 Rue.
