4066 6424
280 367 388 428 853

965 371 1029 428 IN
1072 369 1328 428 lllLARll
1368 367 1583 425 EPlS’l‘.
1629 365 1758 424 SEU
1803 365 2028 424 ιιΒΕι..
2074 359 2530 424 DISSERTATIO
2567 363 2909 426 SECUNDA.

3478 370 3578 426 83$

262 507 400 557 sum,
426 499 472 546 et
496 489 579 545 isti
603 491 702 546 sint
738 507 936 546 mecum
968 531 980 552 .
1007 499 1052 544 et
1098 489 1227 544 sicut
1253 504 1344 560 ego
1371 531 1386 556 ,
1421 495 1469 544 et
1513 494 1564 540 tu
1596 501 1753 540 unum
1783 499 1872 540 su-
1900 495 1956 558 Α
2058 501 2076 535 ι
2115 483 2185 540 Ut
2222 498 2436 556 semper
2469 485 2766 558 respiciens
2809 498 3022 542 sursum
3048 528 3064 553 ,
3105 491 3408 544 creatorem
3432 496 3581 543 tuum

268 599 406 652 mus,
434 582 507 636 ita
533 592 581 638 ct
609 583 693 638 isti
724 584 777 638 in
805 583 951 638 nobis
980 597 1137 637 unum
1163 581 1286 636 sint.
1314 579 1371 636 In
1397 593 1504 651 quo
1526 579 1638 650 jam
1662 576 1876 633 videtur

267 674 388 745 ipsa
418 671 721 730 similitudo
750 673 817 746 (si
849 673 958 730 dici
987 672 1196 746 potest)
1225 670 1514 743 proiicere;
1545 677 1601 726 et
1621 685 1686 726 ex
1715 668 1876 724 simili

263 785 434 826 unum
453 769 568 842 jam
597 768 737 838 fieri,
771 784 868 841 pro
897 785 962 826 eo
989 770 1106 825 sine
1151 766 1316 824 dubio
1343 764 1487 838 quod
1522 763 1576 821 in
1617 778 1874 822 consum-

263 867 526 932 matione,
554 865 637 922 vel
686 866 793 921 ilne
819 866 998 920 omnia
1023 906 1038 931 ,
1073 873 1126 920 et
1163 864 1216 919 in
1262 862 1511 918 omnibus
1538 861 1682 916 Deus
1712 867 1814 915 est.
1848 875 1868 914 ι

340 958 428 1014 11.
447 957 650 1013 Volunt
671 959 848 1030 itaque
879 957 933 1013 hi
957 957 1065 1013 duo
1087 956 1417 1027 Scriptores,
1439 950 1868 1020 similitudinem,

261 1052 335 1109 de
357 1068 459 1122 qua
486 1051 906 1121 loquimur,esse
924 1050 1306 1105 beatitudinem
1332 1065 1429 1121 per
1450 1049 1704 1103 virtutum
1719 1061 1874 1102 exsc-

257 1146 536 1201 cutionem
554 1145 604 1199 in
627 1145 782 1201 caelis
800 1143 1171 1210 obtinendam,
1188 1160 1287 1216 qua
1304 1141 1542 1214 quidem,
1564 1142 1872 1212 sljnsspec-

170 1224 176 1229 ’
259 1247 370 1305 tes,
391 1253 450 1294 se
478 1239 988 1308 privavitpeccando
1002 1239 1196 1305 Adam;
1221 1255 1542 1310 quamquam
1557 1237 1734 1294 divina
1756 1237 1870 1308 pie-

260 1339 374 1387 tate
400 1331 681 1398 excitatus,
714 1330 844 1386 illud
882 1331 1058 1402 ipsum
1081 1332 1171 1403 jus
1219 1331 1478 1400 deinceps
1509 1331 1867 1402 recuperavit.

339 1425 427 1480 15.
459 1423 564 1478 Alil
588 1439 749 1494 porro
777 1424 1070 1495 (quodjam
1113 1424 1220 1478 dixi
1253 1421 1572 1496 (Qutcstionc
1601 1439 1638 1489 ι,
1668 1441 1720 1477 n.
1750 1423 1869 1496 11))

254 1519 406 1575 hanc
429 1517 602 1590 ipsam
630 1519 1040 1576 similitudinem
1063 1562 1078 1587 ,
1111 1534 1218 1574 non
1277 1519 1328 1574 in
1362 1517 1708 1574 beatitudinis
1748 1527 1870 1588 post

253 1623 492 1670 mortem
545 1615 886 1670 assecutione
913 1655 929 1681 ,
958 1627 1147 1668 verum
1192 1611 1244 1667 in
1275 1612 1563 1667 virtutibus
1592 1655 1608 1680 ,
1640 1627 1774 1680 quas
1810 1610 1868 1668 in

255 1707 365 1762 hac
387 1706 502 1777 ipsa
532 1705 873 1776 possidemus
899 1749 914 1774 ,
939 1707 1236 1763 collocant:
1270 1704 1411 1776 quod
1446 1705 1666 1776 rigidior
1692 1703 1866 1760 Scho-

255 1801 486 1858 lasticus
516 1817 737 1857 suorum
759 1800 1142 1856 vocabulorum
1181 1800 1429 1855 libertate
1470 1813 1599 1854 usus
1631 1797 1714 1854 his
1744 1813 1867 1854 ver-

1982 579 2033 633 in
2057 587 2238 633 mente
2267 577 2518 646 haberes,
2553 590 2607 636 et
2635 579 2903 651 originem
2935 588 3079 635 tuam
3141 582 3481 637 incessanter
3510 581 3579 636 ad

1977 672 2216 727 animum
2248 687 2556 731 revocares.
2597 673 2747 730 Fecit
2778 676 2923 730 enim
2947 682 3018 743 te,
3054 686 3111 732 ut
3136 675 3342 732 dictum
3372 685 3478 740 est,
3510 676 3578 732 ad

1977 765 2267 838 imaginem
2298 781 2446 822 suam
2477 809 2492 835 ,
2524 775 2578 824 et
2619 767 3032 825 similitudinem
3064 770 3244 826 Deus:
3276 768 3344 826 ad
3391 770 3577 841 imagi-

1977 877 2121 926 nem,
2149 868 2208 916 ut
2226 859 2458 917 haberes
2491 863 2808 918 memoriam
2834 905 2849 931 ,
2881 861 3221 920 intellectum
3246 907 3260 931 ,
3287 864 3575 920 discretio-

1975 970 2120 1022 nem,
2155 965 2206 1011 et
2235 963 2429 1009 cmtcra
2472 956 2764 1021 naturalia;
2799 956 2864 1010 ad
2911 957 3321 1030 similitudinem
3349 999 3365 1024 ,
3397 965 3455 1012 ut
3485 956 3580 1009 ha-

1976 1046 2132 1101 beres
2179 1048 2544 1104 innocentiam
2578 1091 2592 1116 ,
2622 1048 2886 1120 justitiam
2919 1091 2932 1115 ,
2962 1057 3017 1104 et
3056 1051 3157 1104 alia
3213 1051 3477 1122 gratuita;
3509 1049 3576 1104 ad

1976 1141 2262 1210 imaginem
2311 1144 2362 1196 in
2395 1143 2706 1214 cognitione
2735 1143 2978 1198 veritatis
3008 1183 3022 1208 ,
3053 1144 3120 1199 ad
3169 1144 3580 1199 similitudinem

1973 1236 2028 1291 in
2052 1252 2240 1291 amore
2271 1237 2505 1292 virtutis.
2557 1237 2654 1292 Vel
2686 1247 2836 1292 certe
2878 1237 3051 1292 i'actus
3097 1253 3158 1294 es
3197 1238 3264 1293 ad
3293 1237 3579 1308 imaginem

1975 1331 2071 1388 Dei
2093 1332 2306 1387 collatis
2331 1333 2424 1387 tibi
2465 1331 2719 1388 omnibus
2749 1333 2902 1400 istis;
2935 1334 3002 1388 ad
3030 1333 3438 1390 similitudinem
3487 1351 3578 1390 se-

1971 1425 2207 1480 cundum
2246 1425 2540 1481 essentiam
2568 1425 2786 1482 deitatis
2827 1426 3002 1482 factus
3038 1441 3100 1483 es
3127 1427 3450 1484 immortalis
3479 1469 3492 1494 ,
3525 1437 3580 1484 et

1971 1520 2338 1578 indivisibilis.
2389 1539 2408 1573 ι

2046 1634 2132 1689 17.
2165 1635 2242 1690 Ex
2275 1634 2468 1706 quibus
2501 1633 2790 1704 postremis
2821 1633 3001 1692 verbis
3035 1635 3212 1705 palam
3247 1638 3576 1708 assequeris,

1973 1726 2276 1796 approbare
2321 1726 2472 1782 illum
2525 1725 2743 1798 quidem
2805 1727 3130 1782 sententiam
3195 1742 3385 1784 eorum
3418 1769 3434 1795 ,
3490 1728 3580 1798 qui

1970 1822 2259 1893 imaginem
2287 1822 2379 1877 Dei
2403 1821 2612 1876 homini
2657 1821 2981 1892 impressam
3030 1821 3084 1876 in
3112 1821 3450 1877 naturalibus
3480 1821 3580 1875 do-

252 1895 345 1952 bis
368 1895 524 1951 “ene
550 1895 910 1987 θκβτίπτθτθίξ
937 1891 1509 1987 ¹8ί¹¹¹ξ¹ίίιξάίηθίῖ¹ρθθί
1539 1891 1698 1987 “om?
1723 1873 1877 1946 im“:
1896 1926 1943 1987 Β
1973 1917 2056 1972 nis
2083 1873 2368 1972 (collocant
2397 1959 2411 1983 ,
2458 1873 2866 1972 similitudinem
2903 1930 3032 1971 vero
3082 1915 3135 1971 in
3179 1917 3580 1986 supernaturali

254 1997 371 2044 tam
404 2003 508 2044 non
549 1989 850 2044 consistere
883 1985 935 2041 in
962 1984 1293 2042 beatitudine
1318 1983 1580 2047 ultimata,
1605 1991 1660 2038 et
1688 1983 1738 2036 in
1771 1999 1863 2054 pa-

253 2084 393 2138 tria:
426 2082 520 2138 sed
543 2081 824 2149 inchoata,
855 2089 909 2137 et
942 2081 992 2135 in
1025 2079 1143 2145 via;
1175 2093 1271 2134 seu
1296 2121 1310 2146 ,
1343 2079 1388 2133 si
1428 2077 1537 2146 vis,
1567 2076 1619 2132 in
1653 2079 1862 2134 semine

254 2175 501 2232 caelestis
547 2174 925 2230 beatitudinis»
964 2173 1066 2245 (sic
1111 2171 1252 2227 enim
1277 2172 1505 2226 virtutes
1535 2170 1858 2240 appellant),

257 2285 373 2326 non
405 2268 458 2324 in
483 2266 599 2339 ipsa
626 2267 980 2334 beatitudine,
1012 2265 1181 2321 veluti
1212 2265 1264 2319 in
1306 2263 1503 2319 fructu.
1542 2263 1650 2320 Sed
1678 2264 1730 2318 hi
1759 2264 1860 2336 ipsi

260 2379 371 2417 non
396 2363 619 2417 omnino
646 2361 1014 2416 conveniunt:
1049 2357 1212 2429 aliqui
1264 2356 1408 2413 enim
1448 2355 1614 2428 (quod
1645 2365 1768 2411 ante
1795 2370 1863 2413 ex

257 2453 568 2526 Epiphanio
605 2450 934 2523 notavimus)
964 2452 1016 2506 in
1039 2453 1225 2506 virtute
1261 2450 1337 2520 (id
1367 2457 1452 2505 est
1481 2450 1533 2505 in
1563 2448 1778 2516 morali,
1809 2457 1863 2505 et

259 2547 495 2604 naturali
528 2548 727 2602 virtute
755 2545 831 2618 (a)
853 2545 895 2618 ),
925 2544 1014 2600 alii
1046 2546 1099 2598 in
1131 2543 1418 2614 baptismo,
1447 2550 1501 2599 et
1527 2543 1578 2597 in
1606 2542 1775 2612 gratia
1809 2543 1862 2599 in

257 2660 327 2700 eo
355 2643 548 2700 collata
568 2684 583 2708 ,
615 2641 843 2713 ideoque
872 2641 940 2708 in
981 2637 1382 2709 snpernaturali
1413 2636 1613 2693 virtute
1635 2679 1652 2704 ,
1694 2637 1866 2692 collo-

259 2749 388 2794 cant
443 2736 709 2808 (b).Quin
764 2735 926 2791 etiam
973 2734 1220 2789 nonnulli
1268 2732 1673 2789 similitudinem
1726 2730 1864 2788 hanc

260 2831 668 2903 angusrioribus
697 2829 956 2884 limitibus
979 2835 1257 2883 coarctarc
1284 2825 1558 2890 videntur,
1583 2825 1709 2880 dum
1739 2841 1861 2882 eam

262 2925 598 2996 restringunt
619 2923 686 2977 ad
709 2923 964 2976 virtutum
987 2934 1178 2992 genus,
1210 2919 1352 2989 quod
1372 2918 1661 2991 uegativum
1689 2917 1862 2974 Scho-

260 3016 441 3073 lastici
468 3016 779 3086 appellant,
809 3013 862 3070 id
892 3022 977 3069 est
1007 3010 1252 3073 adillud.
1287 3011 1432 3082 quod
1469 3014 1737 3066 malorum
1785 3013 1865 3067 iu-

258 3125 384 3180 gam
415 3109 517 3166 sibi
547 3109 736 3164 statuit
758 3122 858 3178 pro
886 3107 1102 3176 objecto
1128 3122 1142 3172 ;
1172 3103 1302 3160 illud
1330 3119 1458 3159 vero
1488 3105 1745 3159 virtutum
1773 3119 1865 3176 ge-

262 3218 400 3270 nus,
427 3203 569 3275 quod
599 3203 739 3258 bona
777 3203 1123 3274 prosequitur
1147 3243 1161 3267 ,
1205 3201 1418 3271 imagini
1460 3200 1751 3256 vindicant.
1779 3200 1865 3256 Ad

263 3299 410 3356 hunc
437 3307 586 3355 certe
614 3297 832 3354 modum
864 3297 1288 3366 interpretantur
1319 3295 1562 3350 nonnulli
1587 3296 1749 3350 verba
1771 3295 1861 3350 illa

262 3391 536 3448 Ambrosii
571 3386 675 3464 (De
691 3391 823 3445 bona
853 3389 1030 3444 mortis
1058 3406 1176 3458 cap.
1207 3386 1262 3454 5,
1295 3403 1350 3444 tt.
1389 3388 1551 3459 17);«
1573 3386 1864 3458 Fugiamus

260 3500 394 3556 ergo
427 3484 542 3540 haec
574 3484 714 3539 mala
740 3525 754 3550 ,
784 3493 839 3540 et
870 3481 1316 3538 transformemus
1343 3482 1576 3536 animam
1623 3491 1865 3537 nostram

259 3578 329 3634 ad
358 3577 503 3634 illam
535 3579 819 3650 imaginem
851 3577 982 3644 Dei,
1015 3584 1071 3631 et
1096 3573 1528 3631 similitudinem.
1561 3573 1706 3645 Fuga
1740 3589 1860 3629 ma-

264 3674 439 3730 lorum
469 3671 769 3729 similitudo
803 3673 896 3728 Dei
913 3683 994 3728 est
1015 3714 1029 3736 ,
1055 3679 1111 3728 et
1137 3671 1424 3728 virtutibus
1445 3671 1624 3743 imago
1649 3671 1744 3726 Dei
1771 3686 1864 3726 ac-

263 3765 519 3839 quiritur.
555 3767 680 3823 ldeo
709 3769 920 3840 quinos
959 3767 1543 3838 piuxit,-quasiauctor
1567 3765 1737 3838 pinxit
1759 3767 1868 3822 vir-

267 3869 439 3918 tutum
461 3863 752 3918 coloribus.
803 3881 825 3916 ι

345 3955 433 4012 16.
459 3956 518 4011 1η
547 3955 833 4012 virtutibus
854 3971 1072 4028 quoque
1101 3958 1602 4023 supernaturalibus
1617 3958 1867 4015 eamdem

267 4050 679 4107 similitudinem
711 4051 899 4106 statuit
941 4049 1364 4124 Cbrysostomus
1385 4094 1399 4120 ,
1428 4052 1581 4122 cujus
1607 4053 1780 4109 locum
1812 4053 1866 4109 in

269 4145 479 4216 pagina:
520 4145 672 4201 calce
716 4153 842 4200 noto
900 4143 996 4218 (c).
1022 4146 1352 4202 Severianus
1400 4161 1614 4218 quoque
1646 4145 1725 4219 (tl)
1755 4188 1770 4216 ,
1812 4157 1868 4205 et

267 4249 459 4294 auctor
485 4238 654 4294 libelli
685 4281 698 4304 ,
723 4239 812 4310 qui
853 4240 1124 4294 instructio
1172 4239 1471 4296 Sacerdotis
1505 4242 1816 4297 inscribitur
1844 4285 1860 4312 ,

265 4332 384 4388 sive
416 4333 725 4388 Bernardus
756 4333 801 4388 is
845 4332 954 4400 sit,
986 4333 1101 4389 sive
1128 4334 1264 4388 alius
1295 4335 1704 4404 probatissimus
1736 4353 1868 4393 sane

265 4439 485 4486 auctor:
510 4432 708 4487 etenim
736 4429 854 4486 haec
880 4430 1071 4486 litteris
1087 4431 1487 4488 commendavit
1508 4431 1615 4504 (e):
1654 4450 1674 4484 ι
1703 4432 1870 4490 Crea-

267 4523 346 4578 vit
365 4531 449 4592 te,
473 4539 594 4580 cum
621 4540 731 4580 non
757 4539 937 4590 esses;
972 4525 1255 4593 recreavit,
1285 4525 1406 4580 cum
1431 4527 1676 4596 perditus
1695 4542 1865 4584 esses:

264 4618 492 4683 creavit,
525 4629 581 4673 ut
608 4631 760 4674 esses
788 4619 1061 4689 particeps
1094 4618 1439 4674 beatitudinis
1470 4635 1616 4685 sum;
1653 4636 1868 4677 recrea-

1972 2011 2200 2076 virtute;
2253 2027 2358 2066 non
2392 2025 2582 2066 eorum
2635 2019 2814 2065 tamen
2848 2009 3159 2080 improbare
3200 2009 3527 2065 sententiam
3561 2050 3578 2074 ,

1965 2102 2054 2174 qui
2087 2105 2137 2158 in
2169 2102 2272 2157 alia
2309 2117 2368 2158 re
2395 2111 2658 2158 statuunt.
2694 2104 2762 2158 At
2788 2103 3029 2174 priorem
3073 2100 3221 2157 illam
3253 2103 3576 2158 sententiam

1965 2197 2307 2266 apertissime
2349 2195 2656 2250 Bernartius
2710 2196 2911 2267 excipit
2939 2195 3007 2266 (si
3061 2203 3241 2249 tamen
3293 2195 3574 2250 Bernardo

1968 2288 2363 2344 Mcditationum
2387 2288 2581 2344 librum
2601 2288 2980 2359 iribuis),dum
3001 2286 3117 2343 haec
3145 2289 3218 2342 ait
3239 2285 3350 2360 (f):
3379 2287 3577 2344 «Utere

1965 2383 2127 2452 igitur
2159 2393 2210 2438 te
2237 2384 2354 2454 ipso
2405 2383 2551 2440 velut
2600 2381 2693 2439 Dei
2726 2382 2926 2454 templo
2955 2391 3181 2454 propter
3211 2383 3342 2439 illud
3371 2425 3385 2449 ,
3429 2383 3575 2453 quod

1969 2480 2021 2534 in
2053 2489 2102 2536 le
2125 2489 2209 2535 est
2245 2480 2424 2536 simile
2459 2480 2588 2534 Dco.
2635 2479 2820 2534 ilonor
2863 2478 3129 2549 siquidem
3177 2478 3288 2534 Deo
3326 2485 3574 2534 sumntus

1967 2580 2070 2639 cst,
2088 2572 2235 2627 illum
2254 2573 2522 2638 venerari,
2543 2579 2598 2628 et
2615 2572 2834 2627 imitari.
2855 2569 3110 2636 lmitaris,
3130 2571 3174 2626 si
3201 2571 3318 2642 pius
3333 2583 3445 2636 es,i
3463 2579 3570 2625 etc.

2043 2685 2129 2742 18.
2165 2685 2444 2758 Allegatos
2474 2685 2684 2742 videbis
2713 2686 2764 2740 in
2799 2686 2938 2740 hanc
2968 2683 3298 2740 sententiam
3336 2684 3570 2739 nonnul-

1967 2783 2047 2837 los
2079 2783 2373 2854 Scriptura:
2429 2779 2598 2850 locos,
2633 2780 2800 2837 veluti
2833 2779 2982 2836 illum
3032 2777 3254 2835 Levitici
3288 2775 3438 2852 (Cap.
3477 2793 3530 2832 ιιι
3557 2819 3572 2845 ,

1966 2873 2096 2949 44);
2128 2875 2308 2930 Sancti
2335 2884 2495 2930 estote
2522 2915 2537 2941 ,
2570 2873 2813 2944 quoniam
2842 2889 2933 2944 ego
2964 2870 3189 2927 Sanctus
3216 2885 3331 2925 sum
3361 2913 3376 2939 ,
3409 2871 3573 2924 alios-

1968 2987 2074 3042 que
2105 2975 2291 3026 etiam.
2319 2971 2424 3026 Sed
2457 2979 2717 3040 praestare
2743 2967 2877 3023 mihi
2907 2967 3120 3022 videtur
3140 2966 3290 3021 locus
3323 2965 3412 3020 ille
3434 2965 3570 3020 Mat-

1969 3064 2094 3119 thzci
2125 3065 2266 3135 (cap.
2320 3080 2375 3131 v,
2403 3064 2492 3127 Μ,
2524 3060 2650 3131 45);
2694 3059 2914 3131 Diligite
2955 3059 3188 3112 inimicos
3227 3067 3460 3122 vestros;
3489 3055 3576 3109 be-

1969 3155 2187 3226 nefacite
2207 3157 2308 3221 Itis,
2335 3155 2423 3226 qui
2450 3153 2664 3208 oderunt
2692 3167 2810 3207 vos:
2842 3161 2888 3206 et
2923 3161 3066 3205 orate
3105 3168 3198 3223 pro
3227 3149 3572 3222 persequenti-

1971 3249 2082 3316 bus,
2107 3260 2153 3303 et
2180 3245 2611 3303 calumniantibus
2653 3261 2777 3313 vos;
2801 3253 2856 3298 ut
2898 3244 3009 3299 sitis
3042 3243 3139 3314 ﬁlii
3171 3239 3346 3296 Patris
3379 3239 3568 3307 vestri,

1889 3332 1934 3395 C
1967 3345 2054 3415 qui
2077 3344 2128 3397 in
2155 3343 2292 3398 aclis
2319 3354 2391 3397 est
2403 3359 2422 3410 ;
2443 3343 2492 3396 id
2511 3349 2612 3408 est,
2639 3349 2694 3394 ut
2725 3349 2872 3396 recte
2903 3337 3290 3409 interpretatur
3317 3336 3568 3393 Petavius

1970 3436 2074 3509 (De
2100 3435 2291 3507 Opiﬁc.
2332 3435 2421 3490 lib.
2453 3451 2512 3500 tt,
2543 3434 2598 3506 2,
2629 3433 2752 3507 10),
2784 3452 2803 3487 ι
2827 3433 3013 3490 utsitis
3034 3431 3242 3490 similes
3258 3431 3434 3488 Patris
3453 3444 3573 3487 ves-

1971 3532 2061 3600 tri,
2085 3532 2174 3604 qui
2200 3533 2252 3587 in
2276 3531 2428 3588 caelis
2445 3537 2547 3587 est.
2563 3549 2582 3583 ι

2043 3649 2109 3704 Ει
2137 3649 2190 3703 in
2217 3647 2355 3704 banc
2379 3647 2596 3720 quidem
2645 3647 2955 3719 opinionem
2984 3647 3020 3703 ii
3045 3662 3237 3704 omnes
3281 3645 3397 3704 fere
3433 3659 3568 3703 con-

1970 3744 2249 3809 sentiunt,
2279 3743 2373 3814 qui
2417 3742 2826 3799 similitudinem
2879 3743 2948 3798 ab
2987 3741 3222 3814 imagine
3269 3741 3362 3799 Dei
3413 3737 3571 3799 nobis

1971 3836 2233 3907 impressa
2255 3845 2531 3908 separant.

2044 3950 2132 4007 19.
2173 3951 2242 4006 Ut
2278 3951 2346 4005 ad
2394 3951 2683 4022 imaginem
2720 3949 2816 4005 Dei
2850 3947 3007 4005 nobis
3031 3948 3259 4005 inditam
3308 3951 3522 4007 veniam
3554 3992 3573 4018 ,

1971 4057 2068 4097 sex
2098 4056 2163 4097 ca
2191 4041 2260 4097 de
2290 4057 2351 4096 re
2381 4042 2698 4112 opinionum
2749 4055 2951 4112 genera
2983 4081 2998 4107 ,
3031 4051 3086 4097 et
3119 4041 3288 4098 veluti
3316 4056 3573 4114 suprema

1969 4135 2144 4205 capita
2170 4133 2343 4190 video.
2388 4133 2642 4189 Nonnulli
2691 4134 2901 4190 scilicet
2946 4134 3003 4189 in
3067 4149 3337 4205 corporeo
3383 4136 3568 4207 aliquo

1971 4239 2092 4281 eam
2149 4225 2436 4297 imaginem
2486 4223 2719 4296 positam
2773 4226 3011 4281 voluere.
3056 4227 3163 4282 Alii
3211 4228 3265 4282 in
3309 4227 3574 4285 attributa

1971 4319 2150 4390 aliquo
2171 4317 2438 4390 spirituali
2467 4358 2484 4386 ,
2513 4334 2621 4390 quo
2669 4318 2837 4376 homo
2858 4333 2980 4374 cum
3009 4319 3120 4375 Deo
3145 4322 3453 4389 conveniat,
3481 4335 3574 4378 ea-

1971 4428 2076 4485 que
2102 4413 2168 4468 de
2219 4407 2381 4468 eausa
2431 4411 2498 4467 ad
2527 4412 2818 4483 imaginem
2870 4411 3016 4468 illius
3043 4413 3133 4467 sit.
3181 4411 3240 4469 Id
3283 4412 3572 4484 designare

1971 4507 2099 4563 dum
2133 4508 2400 4574 student,
2448 4508 2831 4578 explicareque
2859 4549 2875 4577 ,
2932 4508 2987 4564 in
3041 4511 3218 4565 varias
3271 4511 3574 4566 sententias

1972 4603 2209 4670 abeunt,
2264 4617 2295 4658 e
2339 4601 2538 4673 quibus
2564 4602 2874 4674 potissimas
2927 4601 3188 4674 deinceps
3241 4603 3566 4676 expendam.

264 4714 362 4781 vit,
398 4729 466 4770 ne
505 4724 627 4786 post
656 4715 864 4786 lapsum
921 4730 1270 4786 permanercs
1316 4730 1504 4772 exsors
1537 4718 1720 4787 patriae
1754 4761 1768 4784 ,
1816 4729 1870 4773 et
1896 4743 1951 4803 Ι)
1976 4698 2079 4802 Alii
2114 4698 2164 4754 in
2195 4697 2548 4803 similitudine
2567 4699 2898 4803 expresslpri
2947 4700 3215 4755 collocant
3233 4741 3255 4803 ,.
3279 4715 3440 4772 quam
3471 4702 3575 4757 ho-

265 4819 456 4863 cxsors
487 4807 753 4864 felicitatis
789 4817 1034 4864 aeternae:
1058 4811 1264 4865 creavit
1293 4819 1344 4866 te
1375 4809 1442 4865 ad
1473 4812 1779 4883 imaginem,
1815 4823 1869 4868 et

262 4903 673 4960 similitudinem
704 4920 887 4971 suam;
913 4905 978 4959 ad
1003 4906 1311 4976 imaginem,
1329 4905 1617 4964 conferens
1643 4908 1732 4964 tibi
1768 4924 1863 4963 ua-

266 4995 494 5063 turalia;
523 4995 588 5051 ad
610 4996 1046 5061 similitudinem,
1076 4998 1309 5068 largiens
1330 5001 1586 5070 gratuita,
1605 5011 1662 5055 ut
1688 5011 1869 5057 mente

263 5087 584 5155 excelleres,
615 5099 666 5144 et
697 5090 877 5144 omnia
905 5090 1233 5145 irrationalia
1261 5093 1468 5148 ratione
1498 5093 1748 5150 vinceres
1778 5112 1791 5149 :

360 5234 634 5302 frenaque
648 5241 1013 5302 cum__specten_t
1028 5237 1295 5302 animantia
1313 5246 1494 5302 caetera
1519 5247 1722 5302 terram,

363 5297 431 5364 (_)s
456 5295 637 5364 homini
660 5295 872 5348 sublime
895 5299 1052 5364 dedit,
1075 5295 1352 5364 caelumque
1379 5301 1550 5364 videre

363 5360 536 5423 Jusslt,
567 5368 620 5412 et.
638 5366 839 5412 erectos
863 5361 921 5411 ad
945 5360 1110 5414 sidera
1130 5360 1309 5413 tollere
1332 5363 1524 5428 vultus;

342 5497 420 5625 ςῖ)
454 5497 646 5554 Alfeni
677 5499 816 5556 solet
857 5500 1011 5558 Plato
1039 5502 1102 5557 de
1129 5503 1323 5574 legibus
1355 5514 1476 5574 post
1501 5505 1737 5564 medium
1764 5547 1780 5574 ,
1813 5515 1871 5563 et

266 5569 322 5624 in
405 5571 653 5625 ltemteto.
684 5569 819 5625 Vide
845 5573 961 5625 eius
1019 5575 1134 5625 loca
1164 5576 1304 5625 apud
1337 5576 1616 5625 i'etavinm
1647 5579 1716 5625 de.
1745 5579 1871 5625 Oni-

266 5569 322 5624 in
354 5569 653 5651 Theaeteto.
684 5569 819 5628 Vide
845 5573 961 5644 ejds
1019 5575 1134 5629 loca
1164 5569 1304 5646 apud
1336 5569 1616 5634 Petavium
1647 5579 1716 5635 de
1745 5569 1873 5651 Opi-

270 5641 360 5696 ﬁc.
396 5642 490 5696 ιιι).
527 5659 582 5698 tl.
613 5642 669 5698 2.
707 5643 795 5698 10.
1027 5694 1031 5698 .

345 5685 421 5784 ibi
439 5685 982 5790 .i’milin-tis-i‘V'olanus
1007 5694 1185 5780 sane.
1217 5730 1270 5772 ut
1299 5719 1539 5788 reliquos
1582 5721 1825 5777 omittam
1859 5765 1876 5790 ,

270 5786 341 5860 in
372 5788 770 5860 supernaturali
826 5789 1030 5844 virtute
1085 5789 1316 5845 collocat
1368 5786 1528 5860 epist.
1572 5794 1639 5849 ad
1688 5786 1877 5852 Sever.

270 5856 400 5912 olim
428 5864 484 5922 2,
521 5874 662 5914 nunc
695 5857 788 5924 24,
820 5876 872 5914 n.
907 5865 960 5927 9,
989 5879 1109 5916 nam
1128 5862 1344 5928 idcirco,
1373 5856 1478 5918 etc.

347 5930 418 6002 (Γ)
450 5929 685 5998 Numero
719 5931 752 5988 5
785 5931 1022 5992 homilia:
1049 5934 1102 5995 in
1132 5934 1286 5994 illud:
1335 5933 1572 6005 Domine,
1598 5953 1702 5994 non
1732 5948 1803 5996 est
1831 5940 1884 5997 in

1979 4793 2183 4848 minem
2215 4793 2373 4858 inter,
2404 4800 2458 4848 et
2489 4792 2655 4848 Deum
2682 4793 2796 4848 sive
2823 4792 2876 4848 in
2905 4809 3002 4848 sua
3025 4805 3213 4850 natura
3243 4795 3572 4866 inspecmm,

1976 4886 2094 4940 sive
2112 4895 2376 4956 quatenus
2409 4887 2580 4940 trinus
2607 4895 2712 4952 est,
2737 4897 2829 4940 aut
2849 4897 3116 4957 quatenus
3142 4903 3337 4960 expers
3368 4889 3578 4960 peccati

1978 4991 2085 5046 est,
2117 4991 2208 5035 aut
2233 4980 2449 5035 demum
2497 4989 2766 5050 quatenus
2787 4979 2975 5037 beatus
3016 4992 3100 5038 est
3122 5024 3137 5052 ,
3170 4992 3434 5041 statuunt.
3466 4983 3575 5039 Alii

1981 5075 2033 5129 in
2065 5088 2148 5140 co,
2180 5073 2323 5144 quod
2359 5072 2498 5128 sicut
2529 5073 2669 5129 Deus
2704 5073 3160 5144 perfectissimum
3188 5091 3287 5132 ens
3338 5087 3422 5132 est
3452 5117 3468 5144 ,
3503 5078 3578 5134 ita

1982 5170 2145 5225 homo
2192 5169 2582 5239 perfectissima
2641 5181 2906 5226 creatura.
2953 5172 3057 5226 Alii
3104 5173 3391 5243 imaginem
3435 5173 3577 5230 hanc

1980 5265 2032 5320 in
2073 5265 2290 5322 Christo
2329 5267 2684 5337 perquirunt;
2730 5276 3060 5340 monentque
3085 5311 3100 5337 ,
3142 5269 3264 5325 ideo
3307 5268 3578 5329 Adamuin

1981 5359 2094 5416 Deo
2121 5359 2376 5428 similem,
2409 5369 2464 5415 et
2511 5361 2578 5414 ad
2625 5360 2770 5415 illius
2799 5361 3075 5433 imaginem
3119 5361 3287 5418 fuisse
3330 5362 3532 5420 dictum
3560 5404 3581 5434 ,

1983 5508 2210 5577 homine,
2242 5517 2372 5564 tom.
2399 5525 2448 5563 vt
2472 5507 2728 5564 editionis
2750 5505 3068 5575 Montlauc.,
3099 5521 3220 5578 pag,
3254 5507 3379 5563 165.

2056 5581 2136 5654 (d)
2170 5573 2460 5654 Demundi
2503 5578 2791 5636 Creationc
2820 5578 2966 5633 hom.
3022 5573 3074 5647 ν’,
3100 5573 3226 5633 ιιῘΔρ
3252 5620 3267 5646 ,
3303 5595 3424 5651 pag.
3476 5575 3588 5638 484

1992 5653 2123 5710 tom.
2157 5669 2208 5708 ιι
2228 5653 2508 5724 Cbrysost.

2062 5729 2136 5797 (ε)
2167 5725 2312 5779 Part.
2341 5721 2384 5790 ι,
2418 5740 2538 5797 cap.
2570 5724 2624 5789 1,
2653 5737 2774 5797 pag.
2797 5721 2907 5797 585
2921 5721 3055 5797 tanti
3086 5737 3144 5776 ιιι
3173 5721 3436 5779 Editionis
3464 5723 3586 5782 Ve-

1992 5793 2130 5853 ncia‘
2162 5797 2322 5862 Oper.
2356 5797 2412 5851 S.
2451 5796 2706 5849 liernardi
2734 5796 2857 5848 anni
2886 5793 3044 5848 i727.

2066 5869 2143 5939 (f)
2175 5861 2414 5942 Meditat.
2443 5870 2517 5942 de
2537 5861 3088 5942 cognitione/tumenti
3119 5866 3425 5942 conditionis
3463 5882 3586 5942 cap.

1994 5941 2049 6008 6,
2077 5936 2211 6011 pag.
2243 5941 2342 5997 57-1
2390 5939 2522 5996 tomi
2549 5954 2586 5995 ιι
2615 5937 2866 5996 editionis
2893 5936 3030 5994 Ven.
3053 5939 3179 5995 anni
3206 5939 3362 5994 i727.
