4066 6424
595 321 700 373 8ῗί⁹ἱ
1264 319 1335 378 ΙΝ
1373 318 1637 376 HlLARll
1677 319 1897 376 RPIST.
1941 320 2074 376 εει]
2119 321 2340 378 LIBEL.
2387 321 2845 380 DISSERTATIO
2881 322 3221 383 SECUNDA.
3750 333 3830 385 Ψ.ιῖ

592 440 716 510 quia
743 437 997 494 conditus
1021 446 1107 492 est
1136 435 1332 492 similis
1374 436 1590 493 Christo
1616 477 1632 504 ,
1661 436 1893 508 ideoque
1924 436 2036 492 Deo
2084 452 2190 492 non
2219 439 2267 499 Α
2296 437 2558 494 adducam
2583 441 2661 513 (η.
2686 438 2816 510 47),
2863 456 2926 496 ac
2953 441 3341 500 Damascenum
3375 443 3573 517 (Eclog.
3622 445 3755 502 litter.
3778 453 3828 517 Α,

590 533 648 587 in
679 547 774 588 sua
797 540 988 586 natura
1017 530 1282 601 spirituali
1309 530 1555 601 inspecto
1583 572 1601 598 ,
1633 531 1728 588 sed
1775 541 2041 602 quatenus
2072 545 2194 586 car-

590 640 718 681 nem
747 624 1041 694 assumpsit
1069 666 1084 690 .
1112 632 1208 679 aut
1261 633 1612 694 apparentem
1641 664 1658 686 .
1712 640 1878 695 quum
1917 624 2192 680 hominem

591 717 856 774 condidit.
891 715 1078 786 illique
1107 719 1392 786 deinceps,
1422 727 1475 770 et
1507 715 1852 784 Patriarchis,
1881 726 1934 772 et
1960 717 2192 788 pruphe-

595 811 663 865 tis
699 809 987 880 apparuit;
1015 818 1108 863 aut
1131 809 1334 864 realem
1364 850 1379 872 ,
1410 823 1474 864 ac
1517 809 1954 876 substantialem,
1982 824 2105 864 cum
2137 810 2189 863 in

592 901 1095 973 purissimoMarim
1150 901 1386 973 Virginis
1414 912 1567 958 utero
1593 904 1890 956 incarnatus
1937 912 2030 956 est.
2087 901 2190 956 Alii

591 998 811 1054 demum
845 999 982 1052 hanc
1013 995 1304 1066 imaginem
1362 995 1596 1051 fatentur
1637 995 1856 1065 quidem
1890 994 1940 1049 in
1972 993 2190 1049 homine

591 1104 714 1146 esse
739 1133 754 1152 ,
785 1090 879 1146 sed
922 1091 974 1144 in
1002 1104 1109 1160 quo
1133 1089 1305 1160 posita
1327 1091 1401 1144 sit
1421 1131 1436 1156 ,
1473 1105 1532 1144 se
1561 1089 1811 1183 ignotam
1839 1097 2114 1143 asserunt.

667 1206 757 1263 ‘20.
793 1205 864 1260 Ut
907 1220 936 1258 a
980 1205 1155 1274 primo
1185 1202 1784 1272 sententiarum'capite
1812 1202 2186 1268 exordiantur,

591 1302 819 1357 Audiani
847 1344 863 1368 ,
920 1299 1193 1355 referente
1240 1297 1543 1366 Epiphanio
1572 1296 1806 1370 (Haeres.
1833 1297 1904 1352 70
1933 1314 2074 1350 num.
2108 1296 2188 1369 2),

594 1396 765 1467 «ψιοὰ
812 1395 878 1449 ad
924 1394 1214 1465 imaginem
1275 1392 1370 1446 Dei
1411 1403 1627 1447 creatus
1673 1390 1912 1446 Adamus
1967 1390 2184 1456 dicitur,

587 1487 874 1557 praefracte
896 1485 1245 1541 referendum
1278 1483 1343 1538 ad
1374 1497 1571 1554 corpus
1596 1482 2001 1537 existimabant.
2055 1481 2188 1536 Cum

590 1580 736 1634 enim
765 1580 1028 1649 scriptum
1061 1578 1132 1631 sit
1158 1595 1170 1630 :
1205 1575 1490 1631 Faciamus
1509 1574 1783 1630 hominem
1803 1574 1868 1629 ad
1900 1575 2187 1644 imaginem

585 1685 830 1727 noswam
859 1712 872 1736 ,
901 1681 956 1724 et
986 1667 1395 1724 similitudinem
1424 1709 1439 1734 ,
1470 1667 1649 1722 statim
1698 1666 1829 1720 illud
1861 1666 2148 1734 subjicitur
2173 1684 2184 1718 :

587 1765 761 1820 Deum
788 1773 1002 1835 sumpto
1025 1764 1093 1819 de
1133 1773 1276 1818 terra
1301 1763 1522 1833 pulvere
1554 1761 1826 1817 hominem
1871 1760 2186 1816 fabricasse.

2297 550 2351 587 η.
2385 532 2497 605 72).

2367 627 2456 682 22.
2492 627 2564 685 Ut
2592 627 2656 683 ad
2680 643 2774 684 eos
2800 629 3024 700 gradum
3052 630 3245 687 faciam
3271 673 3288 700 ,
3333 632 3421 704 qui
3467 634 3688 690 eamdem
3722 637 3829 692 ima-

2295 719 2472 789 ginem
2505 720 2560 774 in
2590 720 2849 776 attribqu
2869 724 3053 790 aliquo
3082 723 3346 792 spirituali
3372 766 3386 790 ,
3437 741 3538 793 quo
3572 725 3714 782 homo
3735 744 3828 785 cum

2295 813 2408 870 Deo
2431 815 2737 880 conveniat,
2767 830 2938 885 eaque
2969 815 3038 872 de
3061 831 3224 872 causa
3249 817 3324 872 illi
3353 818 3540 872 similis
3567 821 3626 874 sit
3653 863 3666 886 ,
3707 823 3827 878 sitam

2297 907 2502 970 volunt.
2534 924 2654 963 eam
2683 909 2735 964 in
2767 909 2967 966 virtute
2990 926 3095 965 non
3128 911 3283 980 pauci
3314 912 3574 966 collocant
3595 956 3608 978 ,
3635 918 3828 983 atquein

2297 999 2434 1056 hanc
2459 1001 2765 1070 opinionem
2800 1001 2959 1057 facile
2984 1017 3080 1056 eos
3102 1003 3340 1059 deduces
3363 1005 3561 1069 Patres,
3593 1021 3713 1075 quos
3729 1008 3830 1065 alle-

2291 1103 2384 1166 gat
2413 1095 2682 1161 Petavius,
2710 1111 2938 1150 numero
2966 1097 3032 1153 10
3054 1106 3109 1151 et
3136 1097 3198 1151 li
3233 1097 3424 1166 capitis
3450 1100 3485 1154 2
3509 1098 3620 1152 libri
3642 1115 3672 1152 ιι
3686 1099 3830 1171 άεορὶ.

2295 1187 2415 1255 ﬁcio
2435 1203 2524 1240 rex
2543 1186 2764 1243 dierum.
2801 1188 2940 1244 Sunt
2964 1203 3126 1258 porro
3149 1188 3465 1245 Ambrosius
3484 1189 3578 1263 (De
3604 1192 3830 1247 bonomor-

2294 1281 2359 1334 tis
2391 1298 2506 1352 cap.
2541 1280 2598 1347 5,
2627 1299 2680 1336 n.
2717 1281 2806 1353 17)
2865 1293 2974 1337 tum
3007 1284 3059 1338 in
3089 1299 3154 1338 eo
3187 1325 3200 1348 ,
3240 1300 3398 1355 quem
3419 1284 3525 1354 jam
3555 1285 3828 1358 allegavi(n.

2294 1374 2362 1429 15
2391 1374 2408 1445 )
2441 1415 2456 1440 ,
2491 1374 2611 1429 loco
2633 1416 2647 1441 ,
2678 1384 2787 1429 tum
2819 1375 2982 1431 etiam
3007 1375 3135 1430 alibi
3167 1376 3282 1433 haec
3306 1377 3523 1433 tradens
3552 1377 3635 1452 (In
3655 1397 3751 1449 cap.
3777 1397 3828 1436 xu

2292 1467 2448 1524 Luca:
2477 1469 2568 1524 lib.
2618 1467 2676 1542 ι)
2702 1487 2716 1524 ε
2778 1471 2971 1528 «Solus
2993 1473 3136 1527 enim
3166 1471 3416 1528 Christus
3442 1484 3521 1529 est
3543 1475 3830 1545 pleuaimago

2292 1565 2430 1631 Dei,
2482 1574 2703 1637 propter
2753 1582 3067 1636 eapressam
3099 1570 3153 1624 in
3187 1586 3247 1626 se
3277 1581 3514 1640 paternae
3552 1569 3829 1625 claritudinis

2293 1659 2575 1716 unitatem.
2617 1659 2807 1715 Justus
2831 1672 3008 1716 autem
3043 1660 3207 1717 homo
3239 1662 3308 1716 ad
3352 1662 3630 1734 imaginem
3650 1662 3728 1716 Dei
3753 1673 3828 1724 est,

2295 1752 2339 1806 si
2372 1760 2594 1822 propter
2616 1752 2931 1809 imitandam
2959 1753 3162 1810 divinae
3187 1755 3610 1811 conversationis
3628 1755 3828 1809 similitu.

583 1858 719 1912 Cum
753 1856 915 1928 igitur
941 1857 1216 1912 hominem
1249 1855 1316 1911 de
1350 1866 1488 1911 terra
1518 1854 1806 1910 formatum
1837 1863 2081 1915 asserat.
2111 1854 2190 1908 vi-
2221 1837 2270 1896 Β
2295 1846 2476 1901 dinem
2499 1889 2514 1911 .
2575 1847 2834 1902 mundum
2883 1847 3026 1902 hunc
3058 1848 3150 1902 Dei
3197 1848 3505 1919 cognitione
3534 1857 3826 1912 contemnat:

587 1949 685 2006 des
712 1961 881 2004 totum
913 1950 1042 2005 illud
1071 1965 1102 2006 e
1129 1959 1270 2010 terra
1295 1947 1587 2003 conﬂatum
1607 1948 1887 2003 verissime
1913 1949 2187 2004 hominem

585 2045 789 2099 vocari.
859 2042 940 2098 Ex
968 2057 1076 2114 quo
1101 2043 1348 2113 sequitur
1375 2041 1442 2097 de
1470 2048 1690 2097 terreno
1713 2041 1808 2095 illo
1837 2039 2186 2110 prtcdictum,

589 2137 727 2206 fore,
761 2147 816 2192 ut
837 2139 903 2193 ad
935 2136 1225 2208 imaginem
1255 2137 1349 2193 Dei
1381 2136 1728 2193 conderetur.

659 2229 936 2287 Audianos
963 2231 1065 2287 hac
1092 2231 1145 2285 in
1177 2245 1235 2286 re
1275 2229 1448 2285 secuti
1495 2237 1622 2285 sunt
1652 2229 2188 2301 Anthropomorpbi-

590 2338 660 2384 tat
688 2343 752 2384 ea
779 2326 1136 2383 similitudine
1164 2324 1355 2390 innixi,
1380 2339 1542 2397 quam
1562 2325 1804 2381 divinum
1827 2327 1987 2392 inter,
2011 2335 2065 2382 et
2085 2326 2185 2381 hu-

582 2436 802 2476 manum
831 2435 1025 2490 corpus
1052 2420 1233 2474 inesse
1263 2419 1560 2490 ﬁngebant.

652 2514 744 2570 2t.
771 2515 879 2571 Sed
908 2514 1025 2569 haec
1055 2515 1176 2584 quis
1203 2512 1377 2568 ferat?
1428 2514 1512 2569 An
1538 2514 1677 2569 Deus
1707 2514 1761 2568 in
1790 2512 2028 2568 humano
2066 2527 2187 2568 cor-

582 2623 715 2680 pore
737 2608 820 2662 sui
853 2607 1140 2676 imaginem
1174 2607 1446 2676 imprimet
1471 2647 1486 2671 ,
1517 2606 1606 2676 qui
1634 2620 1857 2676 prorsus
1887 2606 2185 2676 spiritualis

589 2711 698 2769 est,
732 2710 789 2757 et
812 2716 1075 2770 corporea
1099 2701 1288 2770 quavis
1317 2699 1461 2755 mole
1486 2701 1722 2755 carens?
1751 2700 1824 2754 Ea
1847 2717 1966 2772 qua:
1996 2701 2190 2756 adver-

583 2813 676 2854 sus
701 2793 1291 2866 Anthropomorphitas
1314 2793 1575 2866 Theologi
1599 2794 1916 2865 disputant,
1963 2804 2184 2850 senten-

589 2892 719 2946 tiam
752 2889 891 2944 hanc
915 2901 1022 2943 tam
1052 2887 1400 2943 vehementer
1422 2896 1708 2953 evertunt,
1765 2896 1823 2942 ut
1850 2887 1901 2941 in
1931 2902 1992 2942 ea
2022 2888 2183 2944 refel-

579 2983 739 3038 lenda
762 2981 1063 3037 consistere
1091 2996 1198 3035 non
1231 2979 1301 3034 sit
1345 2992 1508 3048 opus.
1553 2978 1951 3034 Tantummodo
2001 2978 2187 3051 itaque

580 3074 671 3131 hic
692 3075 1052 3145 Augustinum
1077 3072 1300 3129 aii'eram
1327 3114 1342 3140 ,
1401 3088 1468 3127 ne
1496 3071 1680 3127 videar
1705 3072 1910 3143 Optimi
1938 3072 2186 3129 Doctoris

583 3169 963 3224 auctoritatem
984 3177 1372 3222 contemnere:
1399 3165 1541 3221 «Vos
1569 3174 1748 3220 autem
1771 3164 1986 3229 fratres,
2011 3165 2186 3237 inquit

2296 1939 2712 2011 voluntatesque
2736 1951 2978 1996 terrenas
3009 1941 3161 1995 verbi
3211 1942 3554 2011 perceptione
3596 1941 3822 2011 de~piciat,

2300 2049 2409 2104 quo
2437 2033 2633 2089 alimur
2657 2033 2709 2088 in
2734 2035 2895 2089 vitam
2921 2051 2935 2099 ;
2969 2034 3108 2089 unde
3130 2044 3182 2088 et
3205 2049 3403 2104 corpus
3435 2035 3623 2089 Christi
3647 2034 3825 2096 edimus,

2295 2137 2352 2181 ut
2382 2127 2507 2181 vita:
2536 2136 2753 2182 aeterna:
2804 2127 3071 2196 possimus
3099 2141 3220 2182 esse
3251 2127 3538 2197 participes
3564 2145 3575 2181 :
3607 2146 3623 2178 ι
3649 2122 3827 2198 Chryso-

2292 2228 2500 2274 stomus
2527 2262 2544 2286 ,
2574 2217 2916 2285 Severianus
2959 2218 3312 2276 Gabalitanus
3370 2220 3546 2293 (Orat.
3573 2235 3600 2269 v
3627 2218 3682 2272 de
3697 2218 3827 2270 mundi

2292 2312 2548 2367 creatione
2571 2329 2624 2366 η.
2647 2312 2706 2377 4,
2732 2329 2856 2385 pag.
2879 2311 2986 2368 484
3007 2323 3129 2366 tom.
3156 2329 3206 2368 vt
3233 2313 3450 2368 edition.
3478 2311 3529 2366 Μ
3539 2312 3824 2383 ontfaucon.),

2291 2414 2483 2460 auctor
2504 2404 2765 2469 homiliae,
2797 2420 2918 2475 quze
2943 2404 3021 2460 sic
3042 2405 3358 2461 inscribitur
3385 2424 3398 2459 :
3431 2406 3563 2471 quod
3585 2405 3715 2457 homo
3736 2407 3828 2455 nna-

2292 2499 2462 2570 ginem
2495 2497 2590 2552 Dei
2612 2514 2702 2569 per
2720 2507 2979 2566 peccatum
3000 2499 3207 2569 abjecit,
3227 2496 3466 2571 Cyrillus
3477 2497 3824 2560 Alexandrinus,

2293 2600 2349 2648 et
2368 2590 2622 2647 Gelasius
2666 2591 2904 2646 historiae
2928 2590 3128 2646 Nicaani
3151 2590 3384 2646 Concilii
3412 2600 3600 2646 auctor
3621 2586 3705 2662 (a).
3733 2587 3828 2642 Dili-

2291 2683 2607 2753 gentissime
2639 2699 2819 2754 porro.
2850 2695 2905 2739 et
2930 2685 3150 2756 copiose
3173 2683 3421 2741 eamdem
3451 2686 3739 2740 sententiam
3756 2696 3827 2736 ex-

2290 2777 2481 2849 ponit,
2532 2787 2590 2834 et
2611 2778 2872 2849 approbat
2897 2778 3304 2850 Theodoretus,
3361 2794 3521 2850 quem
3577 2778 3702 2848 legas
3724 2783 3818 2843 Opto

2297 2870 2524 2944 (Quwst.
2552 2887 2628 2949 xx,
2649 2872 2704 2925 in
2734 2869 3016 2943 Cenesim).

2362 2986 2452 3042 23.
2506 2986 2600 3041 i-lis
2648 2987 2878 3056 adiunge
2917 2985 3305 3060 Hieronymum
3341 2987 3658 3051 Aretinum,
3705 2997 3823 3054 quem

2291 3090 2449 3136 antea
2472 3081 2634 3136 etiam
2663 3081 2914 3152 allegavi.
2959 3081 3041 3138 Eu
3074 3097 3202 3137 vero
3221 3097 3344 3153 quae.
3377 3081 3538 3137 tradit
3557 3081 3625 3153 (b)
3661 3079 3733 3134 hic
3753 3093 3824 3131 au-

2293 3183 2432 3237 ctor.
2459 3182 2516 3229 ut
2541 3174 2698 3231 nobis
2723 3174 3066 3246 persuadeat,
3094 3176 3387 3246 imaginem
3406 3176 3559 3231 Deiin
3586 3173 3825 3230 remotione

579 3260 674 3317 ille
704 3260 978 3336 (Enarrat.
994 3261 1048 3314 in
1061 3277 1141 3333 ps.
1177 3275 1368 3325 XLVIII,
1392 3276 1446 3313 ιι.
1479 3257 1592 3332 11),
1615 3259 1959 3315 considerate
1976 3260 2188 3316 VOSIIO-
2217 3234 2262 3298 C
2296 3285 2326 3323 τι
2352 3270 2604 3341 peccatis,
2636 3279 2721 3336 et,
2760 3279 2813 3326 ιιι
2859 3271 2988 3340 ipsis
3016 3269 3241 3341 hujusce
3267 3271 3506 3327 auctoris
3538 3270 3697 3326 verbis
3721 3277 3822 3329 ulal',

582 3355 759 3409 mines
801 3353 970 3408 iactos
1014 3353 1080 3407 ad
1120 3353 1447 3422 imaginem,
1497 3360 1553 3406 et
1605 3351 2014 3406 similitudinem
2069 3353 2182 3408 Dei.

581 3448 763 3518 Imago
791 3448 886 3502 Dei
917 3447 1062 3501 intus
1082 3456 1167 3502 est
1193 3489 1207 3513 ,
1243 3460 1349 3500 non
1381 3455 1465 3500 est
1495 3446 1547 3499 in
1571 3459 1801 3516 corpore
1828 3454 1847 3510 ,·
1875 3461 1983 3500 non
2015 3455 2100 3500 cst
2131 3446 2184 3500 in

584 3540 812 3595 auribus
842 3538 983 3605 istis,
1011 3553 1146 3610 quas
1171 3539 1396 3600 videtis.
1421 3546 1478 3594 et
1505 3537 1699 3604 oculis,
1733 3546 1790 3592 et
1816 3538 2038 3592 naribus
2068 3578 2084 3602 ,
2129 3547 2186 3593 et

588 3633 791 3704 palato,
823 3641 878 3686 et
907 3631 1266 3696 manibus,’et
1284 3628 1512 3699 pedibus
1536 3644 1551 3694 ;
1575 3629 1670 3684 sed
1701 3638 1785 3684 est
1816 3628 1954 3683 facta
1978 3637 2180 3695 tamen;

559 3725 676 3782 ~ubi
714 3734 800 3781 est
827 3724 1133 3780 intellectus
1160 3766 1175 3790 ,
1215 3723 1302 3778 ubi
1333 3735 1414 3778 εει
1442 3737 1594 3777 mens
1617 3763 1633 3788 ,
1689 3721 1778 3776 ubi
1802 3723 1938 3777 ratio
1966 3723 2187 3778 investi-

580 3818 773 3892 gandae
802 3817 1046 3875 veritatis
1067 3859 1084 3886 ,
1135 3818 1223 3872 ubi
1262 3828 1346 3873 est
1373 3815 1507 3872 lides
1529 3857 1546 3883 ,
1592 3815 1684 3871 ubi
1707 3825 1790 3872 est
1828 3830 1955 3886 spes
1981 3823 2180 3882 vestra,

579 3913 672 3969 ubi
703 3912 939 3968 charitas
969 3921 1170 3978 vestra,
1194 3910 1269 3967 ibi
1298 3909 1458 3965 habet
1487 3910 1627 3965 Deus
1657 3909 1940 3981 imaginem
1967 3923 2176 3965 suam.»

658 4008 729 4063 Et
756 4005 886 4062 alibi
935 4003 1208 4080 (Enarrat.
1231 4007 1285 4060 in
1313 4022 1392 4075 ps.
1420 4021 1530 4070 Liv,
1558 4021 1611 4058 η.
1636 4003 1694 4075 5)
1716 4021 1728 4056 :
1753 4002 1954 4058 «Porro
1976 4013 2181 4070 autem,

579 4101 924 4166 Cbarissimi,
941 4102 1252 4157 meminisse
1266 4099 1544 4165 debemus,
1561 4099 1630 4154 ad
1652 4098 1940 4170 imaginem
1963 4099 2058 4155 Dei
2082 4114 2180 4155 nos

578 4209 702 4249 esse
727 4193 900 4249 factos
931 4235 946 4256 .
982 4207 1082 4248 nec
1121 4191 1245 4248 alibi
1273 4207 1434 4262 quam
1469 4190 1525 4245 in
1556 4191 1676 4261 ipso
1698 4189 2000 4246 intellectu.
2042 4189 2178 4246 Nam

573 4287 627 4341 in
651 4286 833 4341 multis
857 4285 1021 4341 rebus
1051 4300 1080 4339 a
1104 4285 1294 4340 bestiis
1322 4299 1641 4355 superamur
1659 4271 1787 4340 :‘ubi
1812 4297 1992 4341 autem
2016 4285 2180 4341 homo

577 4378 645 4434 ad
687 4378 974 4449 hnaginem
1008 4379 1104 4435 Dei
1144 4378 1343 4434 factum
1386 4395 1445 4434 se
1494 4379 1643 4434 novit
1675 4421 1688 4446 ,
1719 4378 2021 4450 ihialiquid
2047 4380 2179 4434 inse

572 4472 820 4543 agnoscit
846 4471 1077 4541 amplius
1098 4485 1219 4526 esse
1247 4513 1263 4538 ,
1315 4486 1476 4541 quam
1516 4471 1700 4526 datum
1749 4481 1830 4525 est
1861 4469 2176 4542 pecoribus.

571 4563 944 4620 Consideratis
977 4577 1108 4617 vero
1131 4563 1384 4617 omnibus
1407 4563 1601 4631 rebus,
1633 4576 1769 4633 quas
1797 4563 1960 4619 habet
1989 4563 2175 4630 homo,

575 4658 781 4713 invenit
808 4671 870 4713 se
894 4671 962 4713 eo
994 4657 1212 4727 proprie
1237 4655 1530 4712 discretum
1560 4629 1594 4710 ai
1621 4629 1837 4727 pecore,
1883 4657 2027 4729 quod
2060 4657 2176 4727 ipse
2205 4629 2258 4689 Β

575 4751 774 4807 habeat
805 4751 1157 4808 intellectum.
1183 4771 1204 4804 ι
1237 4751 1343 4807 Sed
1391 4761 1443 4807 et
1473 4751 1618 4806 illam
1643 4751 1954 4822 opinionem
1979 4750 2175 4805 adver-

571 4861 664 4901 sus
695 4846 971 4901 Audianos
990 4845 1266 4902 disserens
1285 4846 1615 4917 Epiphanius
1647 4863 1677 4901 a
1705 4845 2176 4902 verisimilitudine

570 4939 992 4994 remotissimam
1021 4938 1258 4993 ostendit
1284 4937 1510 5012 (Ilwres.
1539 4939 1630 5004 70,
1665 4956 1717 4993 η.
1767 4936 1847 5007 ‘2).
1880 4937 1934 4992 Id
1960 4952 2175 5009 qu0que

572 5031 781 5102 peragit
811 5029 1183 5086 Theodoretus
1211 5029 1434 5101 (Qucest.
1462 5029 1533 5085 20
1583 5033 1636 5086 in
1665 5029 1924 5099 Gencs.),
1961 5041 2015 5084 et
2047 5031 2167 5084 bre-

569 5124 790 5179 vissime
838 5123 983 5178 Zeno
1034 5123 1149 5197 (lib.
1214 5138 1273 5187 tt,
1329 5133 1478 5177 tract.
1534 5124 1642 5190 19,
1691 5123 1784 5189 20,
1846 5141 1968 5194 pag.
2020 5123 2168 5188 206,

568 5214 675 5271 207
717 5215 864 5271 Edit.
929 5215 1120 5273 Veron.
1173 5214 1476 5288 Ballerin.)
1549 5216 1715 5272 Posse
1759 5225 1937 5271 tamen
1990 5217 2173 5287 aliquo

565 5307 730 5363 modo
783 5309 946 5364 etiam
987 5324 1182 5380 corpus
1211 5308 1504 5363 humanum
1551 5309 1617 5364 ad
1647 5310 1934 5379 imaginem
1963 5309 2057 5365 Dei
2091 5308 2172 5362 fa-

567 5409 716 5455 ctum
743 5399 914 5456 videri
942 5440 956 5465 ,
1003 5400 1160 5456 docet
1184 5400 1437 5457 Petavius
1459 5399 1562 5472 (De
1594 5398 1738 5471 Opif.
1773 5401 1864 5455 tib.
1891 5417 1951 5466 ιι,
1993 5400 2052 5468 2,
2082 5399 2163 5471 5),

567 5501 623 5550 ct
650 5493 841 5550 vadem
871 5494 1227 5565 AuguStinum
1250 5492 1441 5560 affert,
1496 5493 1651 5562 cuius
1692 5493 1856 5548 verba
1898 5494 2161 5566 deinceps

627 5693 704 5768 (α)
749 5693 806 5768 In
844 5693 986 5768 locis
1027 5693 1094 5747 ab
1133 5693 1333 5768 eodem
1371 5691 1595 5748 Petavio
1625 5690 1867 5762 allegatis
1897 5731 1914 5757 ,
1963 5705 2085 5763 cap.
2111 5693 2149 5746 2

553 5764 649 5820 libi
679 5781 715 5817 ιι
741 5765 804 5818 de
831 5764 1048 5833 Opi/ia,
1079 5779 1132 5817 ιι.
1164 5765 1250 5828 10,
1280 5764 1368 5817 Η.

549 5852 576 5905 ἡ.
624 5836 700 5900 (b)
725 5834 781 5888 ln
814 5831 1078 5890 Sermone
1105 5835 1508 5904 infestivitalem
1533 5834 1767 5888 omnium
1797 5831 2141 5892 Sanctorum.

2290 3363 2344 3418 in
2370 3363 2626 3418 munditia
2655 3377 2775 3420 esse
2803 3365 3054 3434 positam.
3099 3363 3390 3435 Explicatis
3421 3365 3579 3420 verba
3609 3363 3685 3417 illa
3710 3359 3826 3416 Chri-

2288 3457 2356 3512 sti
2380 3475 2393 3511 :
2430 3457 2563 3513 beati
2590 3457 2768 3512 mundi
2793 3458 2947 3512 corde
2972 3499 2988 3525 ,
3014 3447 3256 3527 quoniam
3278 3459 3383 3529 ipsi
3411 3457 3573 3513 Deum
3591 3455 3817 3510 videbunt:

2289 3549 2404 3605 lucc
2437 3549 2506 3604 de
2551 3550 2784 3621 imagine
2810 3551 2902 3606 Dei
2931 3550 3133 3606 homini
3177 3550 3444 3621 impressa
3468 3550 3656 3606 docet:
3687 3545 3825 3600 diua.

2287 3641 2419 3697 ditia
2450 3642 2632 3698 cordis
2658 3651 2816 3698 sexto
2840 3642 2958 3698 loco
2991 3644 3205 3714 ponitur
3227 3686 3240 3708 ,
3268 3645 3396 3714 quia
3421 3653 3577 3700 sexto
3603 3641 3680 3698 die
3702 3639 3824 3695 homo

2286 3733 2535 3790 conditus
2561 3735 2735 3791 estad
2761 3736 3045 3808 imaginem
3079 3737 3215 3803 Dei;
3266 3737 3384 3794 haec
3433 3739 3574 3794 enim
3619 3730 3822 3790 munditia

2287 3839 2372 3885 est
2392 3829 2570 3901 imago
2595 3830 2728 3898 Dei,
2772 3847 2876 3902 qua
2921 3833 3067 3888 clare
3097 3833 3262 3886 Deum
3314 3832 3566 3888 omnibus
3587 3827 3823 3901 perturba-

2288 3921 2523 3978 tionibus
2551 3924 2807 3990 remotis,
2839 3933 2896 3980 et
2943 3924 3090 3979 omni
3129 3924 3360 3997 caligine
3389 3925 3632 3980 vitiorum
3659 3925 3820 3976 remota

2286 4015 2572 4083 videmus;
2617 4016 2873 4088 quoniam
2924 4019 2999 4073 illi
3031 4019 3286 4074 dicuntur
3314 4018 3515 4075 mundo
3539 4016 3719 4080 corde,
3755 4009 3820 4082 qui

2285 4111 2464 4164 exutis
2503 4111 2755 4166 omnibus
2777 4112 3028 4168 medullis
3055 4111 3131 4186 (ε)
3174 4113 3498 4168 secularium
3533 4125 3696 4168 rerum
3717 4148 3730 4172 ,
3764 4105 3823 4159 in'

2287 4201 2478 4257 tuitum
2507 4203 2702 4258 mentis
2726 4204 2780 4258 in
2811 4205 2928 4260 solo
2959 4205 3067 4260 Deo
3097 4206 3516 4277 eoutemplaudo
3536 4204 3702 4276 ﬁgunt.
3731 4198 3822 4254 Haec

2286 4295 2464 4365 imago
2491 4295 2838 4352 obtenebrata
2867 4307 2986 4353 erat
3029 4299 3080 4352 in
3107 4299 3324 4355 homine
3352 4315 3448 4370 per
3475 4299 3703 4368 culpam,
3748 4289 3816 4345 sed

2285 4387 2449 4443 modo
2473 4390 2761 4444 reformata
2787 4399 2871 4448 est
2890 4406 2985 4462 per
3005 4392 3231 4463 gratiam
3259 4393 3372 4448 Dei.
3420 4394 3485 4448 Et
3501 4408 3632 4448 nunc
3648 4391 3821 4444 inserta

2284 4481 2371 4534 die
2395 4523 2408 4543 .
2453 4481 2504 4536 id
2529 4489 2613 4537 est
2639 4484 2690 4536 in
2723 4493 2873 4538 sexta
2898 4493 3057 4540 tetate
3085 4485 3277 4540 iterum
3309 4486 3479 4542 factus
3499 4494 3581 4542 est
3609 4485 3747 4537 homo
3769 4477 3817 4532 ad

2286 4575 2571 4644 imaginem
2615 4575 2729 4630 Dei.
2773 4576 2900 4632 Haec
2953 4581 3372 4650 contemplatio,
3427 4581 3518 4636 Dei
3559 4579 3714 4648 imago
3743 4580 3818 4632 est.

2283 4669 2407 4738 quia
2432 4684 2526 4739 per
2555 4685 2674 4724 eam
2706 4671 2861 4726 nobis
2893 4672 3059 4727 Deum
3097 4673 3474 4745 imaginamur,
3508 4683 3560 4730 et
3587 4669 3720 4742 quasi
3745 4679 3817 4737 per

2281 4760 2567 4832 imaginem
2595 4763 2838 4819 videmus
2862 4766 3027 4820 Deum
3061 4809 3076 4835 ,
3128 4767 3346 4839 quando
3369 4770 3558 4824 merito
3587 4765 3694 4836 plus
3725 4758 3818 4815 aliis

2283 4853 2592 4923 sequimur;
2617 4857 2740 4926 quia
2761 4857 2858 4911 nisi
2883 4859 3150 4930 praecedat
3169 4861 3426 4915 tuundum
3450 4875 3544 4916 cor
3565 4863 3613 4914 in
3629 4853 3818 4912 homine.

2281 4963 2388 5002 non
2419 4961 2636 5004 creatur
2679 4952 2920 5024 (imago).
2959 4972 2978 5006 ι
3005 4953 3340 5010 Sententiam
3368 4954 3505 5010 hanc
3528 4952 3725 5008 minime
3749 4947 3820 4999 im-

2282 5040 2451 5111 probo
2481 5059 2494 5096 :
2526 5045 2723 5097 etenim
2757 5044 2806 5098 in
2837 5046 2901 5100 iis
2923 5047 3331 5115 quaestionibus,
3354 5049 3404 5102 in
3437 5047 3620 5118 quibus
3641 5041 3818 5096 multum

2281 5134 2642 5205 ambiguitatis
2673 5137 2724 5190 in
2741 5152 2875 5193 voce
2895 5138 3028 5206 ipsa,
3060 5139 3311 5210 illiusque
3341 5138 3673 5209 usurpatione
3689 5135 3817 5192 inest.

2281 5225 2699 5295 signiﬁcationes
2730 5228 2886 5285 valde
2905 5230 3124 5287 dissitas
3146 5232 3321 5288 eidem
3345 5234 3462 5286 voci
3491 5230 3703 5287 tribuere
3722 5235 3817 5294 p05;

2281 5330 2485 5373 sumus.
2528 5319 2643 5376 Hoc
2667 5327 2846 5377 tamen
2878 5323 3091 5379 videtur
3120 5309 3409 5396 explicatio
3435 5325 3527 5381 illa
3564 5323 3736 5378 habere
3759 5317 3817 5369 iu-

2278 5411 2573 5479 commodi,
2605 5415 2746 5484 quod
2769 5416 2982 5488 imagini
3014 5419 3218 5486 tribuit,
3252 5423 3393 5490 quod
3425 5418 3533 5475 Viri
3555 5407 3816 5472 clarissimi.

2277 5499 2520 5574 adeoque
2551 5505 2668 5575 ipse
2698 5505 3060 5580 Hieronymus
3091 5511 3369 5578 Aretinus,
3399 5506 3722 5568 Similitudini
3744 5500 3815 5556 tri-

2329 5699 2402 5771 (c)
2424 5700 2478 5756 ln
2509 5700 2694 5780 codice
2720 5721 2733 5757 :
2759 5705 2988 5780 midull.,
3018 5722 3141 5780 quae
3169 5709 3384 5780 quidem
3404 5724 3506 5764 vox
3531 5704 3649 5778 quid
3673 5702 3809 5759 deno-

2257 5774 2350 5838 ιθῑν
2386 5788 2605 5842 prorsus
2630 5775 2818 5845 ignoro
2849 5795 2862 5832 :
2897 5779 2990 5834 sed
3009 5774 3242 5837 fortasse
3271 5786 3456 5839 sordes
3483 5774 3703 5836 denotat.
