4066 6424
259 326 365 380 8‘37

918 325 988 384 ΙΝ
1026 326 1284 385 HILARH
1322 326 1543 386 EPIST.
1587 326 1723 388 SEU
1762 328 1982 390 LIBEL.
2027 332 2480 394 DISSERTATIO
2517 333 2861 398 SECUNDA.

3456 337 3563 393 858

256 442 452 499 buunt.
497 441 564 499 Et
592 457 790 514 paucos
818 457 949 500 sane
989 444 1241 502 invenies
1269 487 1284 514 ,
1316 446 1410 516 qui
1443 445 1538 502 Dei
1569 447 1856 518 imaginem
1885 450 1941 513 Λ
1962 451 2087 523 gine
2118 452 2232 509 Dei.
2287 454 2388 514 llbi
2419 456 2596 529 imago
2629 455 2768 515 Dei?
2798 457 2853 513 lu
2878 464 3061 515 mente
3088 499 3111 525 ,
3135 456 3190 514 in
3224 454 3554 515 intellectu.»

254 542 326 599 ab
351 542 506 598 initio
534 541 740 598 homini
777 543 1130 612 impressam,
1164 557 1263 615 per
1294 552 1573 615 peccatum
1603 543 1858 601 abolitam

252 632 550 691 afﬁrmcnt.

2035 545 2126 603 26.
2153 546 2502 604 Prudentium
2530 589 2547 616 ,
2572 564 2736 622 quem
2756 548 3017 621 deinceps
3046 548 3400 623 allegabimus
3431 592 3446 617 ,
3505 548 3560 607 in

1962 639 2207 696 eamdem
2240 643 2561 699 sententiam
2604 644 2802 700 merito
2845 642 3110 710 adduces;
3160 643 3560 702 Theodoretum

328 726 467 783 Hinc
492 728 828 799 Augustinus
865 730 1008 801 quod
1056 730 1112 786 in
1161 730 1338 802 capite
1361 730 1431 787 ‘27
1473 738 1531 787 et
1572 730 1645 786 28
1675 730 1769 788 lib.
1800 746 1856 788 vt
1961 747 2197 803 quoque,
2226 749 2345 803 seu,
2372 746 2430 792 ut
2452 741 2630 807 aptius
2656 736 2881 807 loquar,
2913 749 3009 794 eos
3032 780 3047 805 ,
3076 751 3216 808 quos
3243 736 3561 794 Theodore-

250 819 320 875 de
346 817 529 876 Genesi
557 822 626 876 ad
655 822 874 879 litteram
912 824 981 881 de
1029 825 1261 896 imagine
1289 825 1383 881 Dei
1431 840 1529 896 per
1574 834 1853 895 peccatum

247 915 534 988 deperdita
562 919 793 986 dixerat,
816 919 885 976 ad
910 919 1055 977 hunc
1068 920 1286 976 modum
1306 921 1590 988 imminuit,
1613 929 1668 976 et
1686 920 1852 976 veluti

245 1012 510 1068 emendat
553 1013 668 1088 (lib.
722 1029 760 1069 ιι
808 1022 1027 1071 retract.
1077 1031 1124 1069 c.
1176 1011 1277 1088 24)
1315 1031 1327 1069 :
1376 1032 1397 1068 ι
1429 1012 1487 1069 1η
1513 1022 1674 1070 sexto
1715 1012 1852 1069 libro

244 1104 397 1177 quod
416 1104 559 1173 dixi,
582 1105 750 1161 Adam
776 1107 1047 1180 imaginem
1065 1106 1186 1175 Dei,
1206 1107 1487 1164 secundum
1506 1122 1659 1178 quam
1676 1106 1852 1177 {actus

242 1210 344 1267 est,
367 1200 656 1271 perdidisse
682 1212 910 1272 peccato,
963 1218 1069 1259 non
1092 1203 1170 1259 sic
1189 1202 1559 1273 accipiendum
1581 1211 1693 1267 est,
1726 1212 1847 1257 tan-

239 1293 411 1365 qua’m
435 1295 488 1349 in
527 1308 594 1350 eo
627 1295 773 1350 nulla
798 1276 1121 1352 remanserit
1143 1336 1158 1358 ,
1204 1296 1303 1352 sed
1347 1294 1491 1367 quod
1524 1304 1631 1351 tam
1667 1292 1844 1350 defor-

242 1385 355 1441 mis
380 1394 440 1443 ut
463 1387 848 1443 reformatione
872 1402 1009 1459 opus
1024 1388 1268 1446 haberet.
1317 1406 1338 1441 »
1478 1458 1479 1461 η

321 1480 603 1536 Rationem
635 1495 763 1537 vero
790 1480 1015 1552 hujusce
1042 1497 1154 1538 sua:
1199 1481 1562 1552 persuasionis
1605 1481 1840 1550 adducit,

234 1589 367 1631 cum
391 1584 581 1632 monet
622 1577 677 1632 in
702 1577 887 1648 aliquo
913 1578 1184 1649 perenni,
1228 1590 1284 1635 et
1328 1594 1546 1649 semper
1585 1578 1844 1635 duraturo

234 1686 362 1727 eam
391 1713 408 1739 ,
450 1671 519 1729 de
567 1687 672 1742 qua
697 1675 905 1744 agimus
929 1716 944 1740 ,
996 1673 1283 1745 imaginem
1310 1689 1434 1730 esse
1464 1673 1839 1730 collocaudam

233 1765 368 1839 (lib.
396 1782 487 1822 XIV
506 1766 575 1823 de
588 1766 780 1823 Trinit.
809 1785 926 1839 cap.
947 1769 1003 1835 5,
1021 1786 1162 1823 num.
1183 1771 1218 1825 4
1237 1768 1287 1841 ):
1314 1787 1335 1822 ι
1359 1769 1510 1825 Absit
1530 1777 1732 1836 autem,
1758 1771 1840 1825 itt-

1960 832 2047 881 tus
2070 826 2288 898 allegat,
2317 828 2410 898 qui
2435 828 2774 886 collocabant
2797 830 2852 886 in
2879 838 3128 900 potestate
3150 830 3431 906 judieaudi
3461 832 3558 887 bo-

1959 920 2089 975 mini
2124 919 2323 977 tributa
2347 965 2362 988 ,
2391 937 2511 978 eam
2543 964 2559 991 ,
2616 923 2684 979 de
2716 939 2822 996 qua
2853 925 3210 997 disputamus,
3242 925 3553 997 imaginem.

1954 1013 2218 1071 Nimirum
2244 1016 2289 1071 si
2319 1018 2533 1086 penitus
2558 1032 2746 1074 eorum
2794 1033 2952 1074 sensa
2994 1018 3300 1091 perpendas
3324 1061 3339 1087 ,
3394 1018 3556 1077 facile

1953 1107 2020 1163 ad
2045 1108 2480 1181 intelligentiam,
2507 1124 2603 1167 seu
2628 1111 2696 1168 ad
2720 1111 3075 1185 intelligendi,
3095 1113 3552 1186 discernendique

1953 1211 2276 1275 potestatem
2302 1220 2368 1261 ac
2394 1205 2500 1262 vim
2530 1208 2716 1279 opinio
2741 1223 2807 1264 ea
2832 1207 3134 1265 deducitur.
3179 1210 3332 1280 Quod
3354 1209 3402 1268 si
3431 1225 3552 1281 pro-

1955 1298 2172 1356 nuntiat
2199 1299 2609 1370 Theodoretus,
2658 1317 2764 1358 non
2804 1317 2927 1359 esse
2956 1303 3113 1373 plane
3135 1304 3369 1361 similem
3404 1304 3552 1362 Divi-

1950 1408 2034 1450 nae
2062 1393 2434 1466 intelligentiae
2468 1396 2758 1451 humanam
2807 1396 3217 1469 intelligentiam
3252 1395 3329 1470 (α)
3354 1439 3371 1465 ,
3426 1400 3547 1471 quis

1948 1503 2011 1544 ea
2040 1487 2109 1544 de
2134 1503 2194 1544 re
2224 1488 2507 1561 ambigat?
2550 1487 2656 1546 Sed
2683 1489 2827 1545 aliud
2857 1499 2940 1544 est
2967 1506 3087 1547 esse
3113 1498 3405 1561 utcumque
3432 1491 3543 1547 Deo

1949 1582 2179 1639 similem
2224 1583 2279 1640 in
2319 1583 2675 1656 intelligentia
2719 1585 2833 1653 ipsa
2877 1584 3185 1651 hominem,
3230 1583 3378 1642 aliud
3425 1600 3548 1643 esse

1948 1689 2170 1744 prorsus
2200 1675 2451 1732 similem.
2472 1677 2812 1733 Postremum
2834 1677 2955 1745 hoc,
2979 1678 3122 1749 quod
3153 1680 3351 1736 merito
3370 1681 3548 1751 rcjicit

1946 1766 2343 1836 Theodoretus,
2375 1778 2431 1826 et
2444 1786 2542 1825 nos
2558 1770 2831 1843 rejicimns
2848 1789 2862 1839 ;
2880 1771 3110 1841 primum
3136 1773 3293 1829 facile
3309 1772 3548 1830 admitti-

229 1860 353 1931 quit
372 1902 388 1927 ,
435 1870 490 1916 ut
534 1874 656 1917 cum
688 1861 885 1918 anima:
912 1873 1102 1919 natura
1133 1863 1203 1919 sit
1236 1863 1591 1931 immortalis,
1642 1879 1744 1920 nec
1763 1864 1833 1920 ab
1861 1865 1910 1926 B
1937 1876 2078 1917 mus.
2102 1861 2206 1918 Sed
2221 1877 2574 1933 quaecumque
2594 1862 3370 1933 senseritTheodnretus,eam
3390 1881 3542 1934 sane,

230 1950 393 2007 initio
421 1968 529 2023 quo
548 1963 731 2010 creata
755 1963 860 2021 est,
891 1970 1126 2025 unquam
1148 1956 1408 2027 deinceps
1429 1972 1552 2012 esse
1580 1957 1831 2022 desistat,

227 2045 286 2099 id
314 2060 426 2117 quo
446 2045 582 2102 nihil
612 2047 806 2104 melius
839 2048 1035 2116 habet,
1084 2064 1189 2105 non
1217 2064 1341 2106 cum
1372 2052 1492 2120 ejus
1517 2052 1834 2109 immortali-

227 2147 344 2195 tate
372 2139 651 2211 perduret.
693 2140 829 2210 Quid
861 2156 992 2198 vero
1016 2142 1211 2198 melius
1230 2142 1285 2199 in
1309 2143 1430 2213 ejus
1456 2151 1644 2200 natura
1674 2160 1832 2200 crea-

224 2242 343 2287 tum
368 2240 472 2300 est,
503 2247 662 2303 quam
690 2232 834 2304 quod
864 2232 933 2289 ad
959 2232 1045 2290 sui
1069 2231 1346 2290 Creatoris
1376 2236 1662 2305 imaginem
1695 2236 1831 2292 facta

223 2324 351 2380 est?
400 2324 515 2380 Non
538 2324 700 2396 igitur
721 2328 775 2381 in
806 2325 934 2382 tidei
955 2328 1260 2383 retentione
1288 2368 1302 2391 ,
1341 2328 1827 2398 contemplatione,

222 2418 548 2487 dilectione,
571 2435 693 2490 qute
717 2435 822 2476 non
843 2420 945 2476 erit
977 2435 1215 2491 semper,
1241 2422 1335 2476 sed
1365 2422 1417 2477 in
1433 2438 1498 2478 eo
1522 2422 1665 2493 quod
1688 2439 1829 2479 sem-

220 2528 326 2585 per
354 2511 482 2579 erit,
516 2512 838 2570 invenienda
869 2522 973 2579 est,
1005 2530 1167 2586 quam
1194 2513 1298 2570 dici
1322 2525 1608 2586 oporteat,
1641 2516 1833 2587 imagi-

219 2621 346 2664 nem
379 2606 528 2663 Dei.»
668 2623 673 2631 ’
864 2642 867 2645 -
1019 2632 1043 2649 ιο
1385 2636 1388 2639 λ

294 2721 391 2778 24.
424 2721 531 2777 Sed
559 2721 647 2778 alii
676 2738 783 2779 non
809 2724 860 2778 in
884 2722 1329 2790 accidentalibus,
1362 2735 1419 2781 ut
1441 2727 1513 2781 ita
1535 2726 1827 2796 appellem,

215 2816 577 2888 qualitatibus
608 2816 692 2872 his
721 2817 1017 2883 collocant,
1043 2818 1137 2874 sed
1159 2818 1212 2874 in
1237 2819 1620 2874 essentialibus
1638 2836 1652 2883 ;
1671 2818 1830 2875 dilfe—

213 2918 351 2964 runt
379 2919 581 2975 autem,
606 2908 732 2964 dum
766 2909 869 2966 hoc
895 2911 1070 2981 ipsum
1098 2912 1325 2967 delinire
1346 2913 1559 2968 student
1585 2953 1601 2980 ,
1628 2922 1682 2968 et
1712 2920 1825 2968 sta-

215 3002 403 3057 bilire.
446 3002 621 3073 Atque
652 3005 704 3058 in
726 3004 919 3075 spiritu
949 3004 1067 3076 ipso
1093 3047 1106 3071 ,
1131 3020 1226 3060 seu
1252 3005 1431 3060 anima
1462 3006 1694 3060 hominis
1718 3019 1826 3060 non

214 3096 381 3168 pauci
425 3110 545 3152 eam
576 3098 862 3167 imaginem
907 3107 1173 3155 statuunt.
1224 3099 1297 3154 At
1351 3100 1575 3154 minime
1618 3115 1822 3154 conve-

214 3190 400 3256 niunt,
433 3204 559 3245 num
591 3192 643 3245 in
678 3190 1055 3261 intelligentia,
1078 3207 1204 3246 num
1224 3194 1278 3247 in
1304 3190 1603 3260 voluntate,
1623 3206 1748 3246 num
1770 3193 1822 3248 in

213 3295 454 3355 utroque
483 3284 671 3341 eadem
701 3286 878 3358 imago
904 3286 975 3341 sit
998 3286 1336 3342 collocanda.

295 3382 421 3437 Haec
449 3381 607 3437 docet
632 3423 647 3446 ,
709 3382 937 3438 Gelenio
958 3381 1256 3448 interprete
1276 3424 1291 3450 ,
1326 3381 1483 3436 Philo
1512 3381 1615 3455 (De
1644 3383 1820 3453 api/ie.

210 3492 342 3551 pag.
369 3476 437 3531 15
484 3475 608 3530 edit.
640 3473 883 3546 Lugdun.
925 3476 1052 3529 anni
1082 3473 1245 3548 1561)
1297 3491 1310 3528 :
1359 3475 1600 3530 «Dicitur
1638 3475 1820 3547 imago

204 3571 367 3641 juxta
399 3578 634 3625 mentem
673 3570 957 3625 rectriccm
996 3569 1230 3623 animm:
1277 3567 1344 3623 ad
1383 3568 1511 3624 illud
1543 3569 1686 3623 enim
1712 3570 1822 3625 sin-

209 3662 424 3734 gulare,
444 3676 543 3718 ceu
569 3661 919 3733 archetypum
954 3661 1004 3715 in
1026 3675 1354 3733 unoquoque
1383 3675 1537 3717 mens
1562 3660 1817 3732 effigiata,

210 3768 305 3817 est
334 3754 730 3826 quodammodo
758 3756 897 3810 Dens
925 3756 1044 3825 ejus
1074 3797 1089 3823 ,
1119 3756 1206 3826 qui
1242 3757 1412 3825 ipsam
1445 3756 1777 3812 circumfert.
1796 3774 1816 3808 »

212 3850 499 3908 Philonem
546 3849 696 3920 sequi
744 3848 956 3903 videtur
984 3848 1241 3903 Clemens
1269 3848 1666 3902 Alexandrinus
1697 3846 1814 3919 (lib.

210 3962 271 4002 vr
320 3944 544 4017 Strom.)
581 3943 886 3999 «hominem
920 3957 1147 3998 monens
1168 3941 1233 3996 ad
1260 3941 1351 3996 Dei
1379 3941 1665 4011 imaginem
1696 3955 1819 3996 esse

211 4038 442 4101 factum,
476 4052 582 4093 non
609 4046 830 4108 propter
855 4045 1142 4091 structura.-
1166 4050 1276 4090 sum
1295 4033 1539 4105 figuram,
1562 4033 1655 4089 sed
1678 4048 1817 4105 quo-

209 4132 363 4188 niam
386 4131 459 4186 uti
487 4130 628 4186 Deus
654 4130 865 4185 ratione
896 4128 1114 4184 molitur
1145 4128 1324 4184 omnia
1350 4169 1365 4192 ,
1415 4128 1495 4183 sic
1525 4127 1690 4183 homo
1723 4126 1815 4199 qui

211 4221 453 4296 perfecta
475 4221 804 4294 cogitatione
825 4220 1084 4293 praeditus
1111 4229 1216 4288 est,
1258 4235 1324 4277 ex
1357 4220 1605 4275 rationali
1641 4220 1811 4276 facul-

212 4325 330 4373 tate
356 4316 549 4385 bouas,
574 4324 631 4372 et
660 4314 917 4371 honestas
946 4318 1189 4371 actiones
1217 4308 1586 4385 exsequitur.»
1622 4314 1815 4371 Allinia

218 4409 390 4465 tradit
414 4408 563 4465 Zeno
589 4406 705 4482 (lib.
733 4426 792 4473 ll,
826 4419 925 4463 Ira.
953 4408 1041 4474 l9,
1085 4408 1201 4480 20).

286 4523 382 4581 25.
414 4523 601 4580 Eidem
632 4525 874 4595 opinioni
917 4524 1126 4580 accedit
1148 4523 1480 4594 Augustinus
1511 4523 1624 4598 (lib.
1647 4539 1721 4578 χιι
1745 4524 1814 4580 de

209 4617 447 4674 Civitale
480 4609 624 4689 cap.
656 4616 787 4690 25);
836 4618 1038 4688 quippe
1092 4628 1372 4689 postquam
1420 4616 1605 4672 retulit
1650 4616 1811 4672 verba

213 4710 349 4766 illa:
388 4708 550 4765 «fecit
574 4725 704 4781 ergo
748 4711 886 4765 Deus
912 4709 1183 4765 hominem
1214 4709 1280 4764 ad
1299 4710 1608 4780 imaginem,
1662 4721 1714 4765 et
1740 4710 1814 4763 si—

213 4801 576 4858 militudinem
599 4818 806 4869 suam,»
842 4801 959 4857 hinc
985 4802 1192 4871 subjicit
1226 4820 1238 4856 :
1278 4821 1296 4854 ‹
1322 4801 1816 4875 ιθιεηίψιῑιιρείηἰ

213 4894 454 4950 animam
484 4896 687 4950 creavit
714 4936 729 4961 ,
780 4910 885 4965 qua
915 4909 1010 4966 per
1039 4895 1305 4951 rationem
1328 4905 1489 4966 atque
1512 4897 1816 4967 intelligen-

215 4991 346 5044 tiam
377 4990 631 5045 onmibus
652 4998 799 5046 esset
828 4992 1175 5061 praestantior
1196 4990 1522 5047 animalibus
1547 4991 1814 5047 terreSIri-
1905 5044 1915 5048 ,

209 5081 341 5145 bus.
375 5091 429 5138 et
458 5082 786 5150 nalatilibus,
816 5094 872 5138 et
893 5083 1202 5140 volatilibus
1231 5125 1247 5151 ,
1277 5098 1395 5155 (ιιιςε
1443 5093 1681 5142 mentem
1708 5084 1809 5140 ltu-

204 5174 445 5247 jusmodi
478 5189 583 5230 non
610 5174 894 5231 baberent.

286 5269 431 5326 Alibi
453 5270 669 5327 brevius
691 5312 707 5339 ,
751 5270 847 5327 sed
888 5285 995 5326 non
1026 5269 1204 5325 minus
1232 5284 1491 5341 expresse
1520 5269 1716 5342 (Tract.
1753 5286 1809 5326 ιιι

208 5365 267 5418 in
287 5361 513 5433 Imm):
552 5363 697 5418 «Non
724 5362 895 5420 distas
915 5378 945 5419 a
971 5378 1189 5434 pecore,
1222 5363 1326 5419 nisi
1352 5363 1659 5420 intellectu:
1695 5365 1809 5421 noli

208 5456 431 5512 aliunde
452 5455 695 5528 gloriari.
716 5498 730 5511 .
750 5496 766 5513 .
791 5495 804 5511 .
853 5455 1011 5515 Unde
1052 5472 1183 5529 ergo
1209 5458 1402 5514 melior
1422 5458 1519 5513 es?
1565 5458 1644 5514 Ex
1668 5458 1806 5515 ima-

176 5656 183 5663 ·
281 5641 361 5714 (a)
392 5638 906 5714 Rursumadinstar
933 5638 1027 5695 Dei
1053 5638 1294 5714 omnium
1320 5639 1637 5714 conditoris.
1669 5653 1796 5711 reg-

205 5710 305 5771 nat
326 5712 510 5778 homo,
537 5722 595 5766 et
610 5710 835 5781 judicat.
868 5710 1063 5768 Verum
1091 5712 1234 5767 Deus
1253 5712 1680 5775 accusatoribus,
1707 5710 1802 5768 aut

206 5786 439 5842 testibus
476 5781 698 5839 minime
726 5784 981 5854 indiget,
1015 5782 1231 5853 quando
1249 5783 1476 5854 judicat.
1536 5784 1628 5839 Sic
1653 5783 1800 5839 enim

205 5858 345 5915 Cain
382 5853 765 5913 condemnavit
803 5864 1054 5926 tanquam
1090 5853 1311 5914 sceleris
1334 5856 1453 5925 ejus
1497 5854 1791 5927 inapector.

1940 1970 2100 2026 quam
2116 1934 2214 2011 bic
2241 1956 2616 2026 proposuimus
2643 1956 2950 2026 Opinionem
2974 1957 3019 2011 si
3037 1957 3159 2028 quis
3180 1955 3421 2024 alterius,
3446 1972 3545 2015 nec

1944 2049 2320 2118 recentis,nec
2342 2050 2725 2106 contemnendi
2750 2049 3044 2119 Scriptoris
3072 2050 3395 2105 auctoritate
3415 2064 3544 2105 con-

1942 2143 2159 2198 firmare
2183 2143 2387 2214 cupiat,
2415 2152 2577 2214 atque
2608 2145 2902 2209 illustrare,
2936 2143 3116 2212 adeat,
3140 2142 3393 2209 obsecro,
3422 2158 3542 2213 quae

1944 2248 2140 2293 auctor
2170 2236 2289 2293 libri
2315 2237 2378 2292 de
2404 2237 2630 2309 Spiritu,
2660 2247 2706 2292 et
2728 2237 2914 2292 Anima
2939 2252 2998 2291 ea
3030 2236 3098 2293 de
3124 2251 3184 2291 re
3204 2236 3366 2291 tradit
3393 2237 3536 2307 (cap.

1936 2330 2054 2402 56).
2098 2327 2358 2386 Consulat
2379 2342 2562 2387 autem
2583 2345 2715 2401 rogo
2733 2330 3028 2387 editionem
3051 2328 3272 2385 Patrum
3295 2326 3353 2385 S.
3369 2326 3539 2384 Mauri

1937 2424 1956 2498 (
1979 2423 2045 2478 In
2078 2422 2300 2495 nppend.
2326 2425 2449 2479 tanti
2487 2440 2540 2479 γι
2566 2423 2840 2496 Augustin.
2870 2439 2991 2496 pag.
3012 2420 3106 2495 55)
3129 2438 3145 2487 ;
3175 2434 3299 2478 nam
3317 2421 3370 2477 in
3396 2436 3539 2476 mar-

1934 2519 2061 2589 gine
2106 2519 2297 2588 capitis
2349 2519 2441 2583 '56,
2497 2519 2643 2589 quod
2700 2516 2900 2588 allego,
2932 2517 3095 2571 citata
3126 2514 3366 2571 inveniet
3392 2528 3534 2569 non~

1933 2613 2084 2669 nulla
2114 2611 2370 2669 Bernardi
2403 2612 2541 2677 loca,
2562 2628 2629 2668 ex
2659 2611 2856 2680 quibus
2882 2609 3127 2680 Scriptor
3150 2609 3253 2666 iste
3282 2608 3532 2680 exscrip-

1933 2704 2073 2761 sisse
2101 2704 2310 2761 videtur
2341 2722 2459 2776 qua:
2485 2721 2547 2762 ea
2581 2704 2648 2761 de
2672 2720 2729 2759 re
2762 2703 2940 2758 docet.
3520 2716 3524 2721 ·

2002 2823 2094 2878 27.
2126 2820 2184 2876 lu
2207 2821 2503 2878 Voluntate
2527 2835 2688 2888 porro
2713 2819 3047 2875 constituunt
3069 2815 3317 2873 eamdem
3345 2815 3537 2887 imagi-

1931 2930 2055 2971 nem
2081 2914 2172 2985 qni
2204 2914 2258 2968 in
2283 2913 2535 2968 libertate
2564 2911 2858 2968 collocant.
2897 2916 3072 2981 Atque
3112 2909 3199 2965 bis
3231 2909 3373 2966 favet
3397 2908 3534 2965 Ter-
3605 2953 3614 2961 .

1931 3007 2188 3065 tullianus
2216 3008 2333 3063 hac
2351 3006 2556 3062 docens
2581 3004 2698 3075 (lib.
2721 3020 2761 3059 ιι
2782 3014 2969 3058 contra
2987 3001 3247 3058 Marcion.
3271 3019 3388 3072 cap.
3422 3001 3494 3074 5)
3517 3018 3530 3053 :

1935 3122 1956 3156 ι
1988 3102 2266 3169 Liberum,
2293 3108 2351 3157 et
2376 3099 2461 3155 sui
2487 3097 2738 3163 arbitrii,
2770 3107 2826 3153 et
2856 3112 2970 3152 sua:
3001 3096 3283 3164 potestatis
3315 3094 3533 3150 invenio

1929 3198 2203 3255 hominem
2232 3211 2262 3251 a
2285 3196 2393 3252 Deo
2409 3193 2718 3248 institutum
2743 3208 2756 3247 :
2788 3190 2990 3248 nullam
3018 3189 3188 3261 magis
3215 3188 3529 3260 imaginem,

1849 3260 1896 3324 Ο
1927 3301 1984 3351 ει
2007 3288 2420 3349 similitudinem
2456 3285 2549 3343 Dei
2602 3286 2657 3340 in
2703 3284 2797 3340 illo
2823 3260 3265 3339 animadvertens
3290 3321 3306 3346 ,
3366 3295 3528 3352 quam

1928 3382 2377 3457 ejusmodistatus
2398 3378 2683 3435 formam.»
2706 3376 2772 3434 Et
2788 3376 3044 3444 deinceps
3064 3375 3206 3449 (cap.
3233 3373 3312 3446 6):
3326 3372 3527 3443 tOpor-

1930 3479 2078 3534 tebat
2102 3475 2394 3547 imaginem
2421 3515 2437 3542 ,
2466 3481 2521 3530 et
2554 3470 2959 3528 similitudinem
2992 3468 3085 3523 Dei
3112 3466 3266 3524 liberi
3288 3464 3524 3531 arbitrii,

1925 3581 1982 3629 et
2010 3586 2123 3626 suae
2146 3568 2426 3642 potestatis
2456 3565 2667 3622 institui
2694 3606 2709 3631 ,
2763 3565 2817 3619 in
2848 3577 2951 3634 qua
2993 3560 3096 3616 hoc
3122 3559 3296 3632 ipsum
3320 3559 3519 3629 imago,

1925 3677 1981 3724 et
2008 3664 2305 3723 similitudo
2335 3664 2427 3719 Dei
2458 3661 2848 3732 deputaretur;
2888 3655 3096 3713 arbitrii
3124 3654 3336 3711 scilicet
3365 3652 3528 3709 liber-

1927 3770 2009 3817 tas
2033 3802 2050 3827 ,
2084 3770 2138 3815 et
2168 3767 2462 3830 potestas.»

1992 3853 2085 3910 28.
2116 3852 2477 3923 Hieronymus
2507 3860 2720 3919 quoque
2748 3844 2866 3900 haec
2885 3843 3130 3899 scribens
3153 3841 3232 3912 (b)
3258 3857 3273 3896 :
3323 3839 3517 3896 «Solus

1924 3945 2067 4001 Deus
2090 3954 2174 4000 est
2202 3984 2218 4009 ,
2250 3948 2304 3997 in
2332 3957 2490 4013 quem
2521 3949 2798 4009 peccatum
2825 3951 2931 3991 non
2960 3935 3122 3990 cadit.
3151 3937 3358 3989 tjietera
3390 3947 3515 3988 cum

1921 4037 2031 4093 sint
2058 4035 2213 4091 liberi
2231 4033 2440 4089 arbitrii
2466 4032 2636 4105 (juxIa
2666 4029 2807 4100 quod
2833 4037 2889 4085 et
2917 4028 3077 4085 homo
3101 4026 3168 4082 ad
3196 4026 3511 4097 imaginem.

1921 4140 1975 4187 et
2000 4127 2407 4184 similitudinem
2435 4126 2527 4180 Dei
2554 4124 2723 4179 laetus
2745 4121 2873 4193 est),
2905 4121 2957 4176 in
2975 4130 3259 4191 utramque
3289 4128 3518 4191 partem,

1921 4240 2073 4280 suam
2107 4225 2334 4294 possunt
2362 4219 2583 4276 ﬂectere
2610 4218 2994 4272 voluntatem.»

1992 4340 2146 4397 Titus
2175 4335 2483 4393 Bostrensis
2507 4332 2755 4389 similiter
2776 4331 2893 4386 lure
2923 4329 3166 4384 elocutus
3198 4326 3313 4400 (lib.
3332 4341 3372 4382 ιι
3398 4342 3523 4381 con-

1920 4448 2000 4491 tra
2033 4432 2326 4503 Manich.):
2363 4428 2679 4485 «Hominem
2713 4426 2853 4480 Deus
2876 4422 3163 4479 honoravit
3187 4464 3202 4488 ,
3247 4419 3520 4477 fabricatis

1919 4545 2042 4585 eum
2083 4527 2148 4582 ad
2189 4525 2478 4598 imaginem
2521 4537 2708 4576 Silam:
2745 4529 2801 4573 nt
2832 4518 2972 4574 sicut
3003 4517 3118 4588 ipse
3148 4515 3402 4571 libertate
3428 4529 3525 4570 na-

1921 4633 2054 4678 turac
2079 4620 2248 4677 bonus
2269 4628 2373 4682 est,
2403 4617 2482 4672 sic
2525 4616 2686 4669 homo
2716 4612 2963 4667 libertate
2994 4608 3256 4681 propositi
3286 4608 3524 4663 imitator

1926 4715 2020 4771 Dei
2042 4722 2211 4779 esset,
2240 4726 2348 4767 non
2371 4709 2652 4764 abstinens
2672 4721 2702 4760 a
2732 4712 2975 4774 peccato,
3000 4703 3122 4770 quia
3148 4700 3288 4755 desit
3315 4707 3520 4754 natura:

1923 4808 2023 4878 ipsi
2055 4815 2291 4876 potestas
2316 4846 2331 4872 ,
2372 4802 2467 4860 sed
2506 4802 2757 4856 libertate
2787 4795 3045 4868 propositi
3067 4796 3319 4850 virtutem
3351 4793 3522 4849 bono-

1920 4916 2070 4956 rans.
2096 4919 2115 4951 ι

1990 4993 2081 5049 29.
2107 4991 2188 5046 An
2217 5005 2323 5046 non
2349 5003 2482 5043 vero
2508 4987 2796 5057 imaginem
2826 4985 2943 5051 Dei,
2961 4984 3028 5039 dc
3050 4999 3148 5053 qua
3173 4981 3515 5045 disserimus,

1919 5088 1973 5142 in
1994 5085 2240 5141 libertate
2258 5082 2440 5137 statuit
2460 5081 2744 5146 Macarius,
2772 5078 2987 5149 quando
3015 5076 3130 5133 haec
3151 5074 3310 5131 docet
3330 5070 3516 5146 (Hom.

1919 5176 2056 5250 ιδῃ
2086 5196 2105 5230 t
2156 5176 2237 5232 'l‘u
2268 5191 2396 5231 vero
2431 5183 2792 5243 promere-aes
2814 5172 2879 5228 ad
2909 5171 3221 5249 imaginem,
3252 5178 3305 5223 et
3326 5165 3520 5222 simili-

1919 5268 2157 5325 tudinem
2190 5268 2306 5334 Dei,
2333 5266 2587 5336 quoniam
2625 5266 2698 5319 uti
2730 5264 2868 5319 Deus
2896 5261 2979 5317 sui
2999 5259 3159 5331 juris,
3192 5273 3256 5313 ac
3283 5264 3520 5328 poteSta-

1919 5364 1985 5420 tis
2012 5372 2129 5428 est,
2165 5371 2221 5419 et
2254 5361 2396 5433 quod
2425 5361 2537 5417 vult
2562 5359 2692 5416 facit
2858 5359 2928 5413 ita
2957 5357 3120 5412 etiam
3151 5368 3204 5411 tu
3234 5354 3516 5427 putcSIatis

1915 5473 1978 5516 es
1998 5468 2126 5523 tua},
2156 5475 2175 5511 »
2208 5466 2316 5514 etc.
2410 5522 2417 5529 ο

1908 5638 2082 5696 Homo
2109 5653 2240 5695 vero
2269 5639 2321 5695 in
2343 5636 2637 5709 judicando
2660 5633 2886 5692 testibus
2905 5648 3041 5703 opus
3063 5631 3251 5699 habet,
3273 5640 3332 5686 et
3353 5645 3512 5687 accu-

1907 5711 2202 5777 satoribus,
2230 5725 2394 5781 quum
2424 5711 2635 5780 ignoret
2648 5722 2749 5781 ‘ea,
2768 5722 2890 5781 quae
2911 5712 3218 5781 perpetrata
3246 5713 3392 5781 sum.
3443 5738 3463 5781 _-

1979 5782 2058 5857 (b)
2082 5780 2139 5839 In
2168 5771 2327 5852 epist.
2347 5771 2478 5857 olim
2502 5780 2623 5836 H6.
2648 5778 2702 5834 In
2725 5771 2964 5835 editione
2992 5771 3286 5834 Veruncnsi
3311 5771 3394 5846 Ep
3412 5816 3424 5829 .
3441 5771 3506 5829 21

1872 5908 1887 5913 _
1907 5852 2295 5913 ad'Damasum
2315 5868 2374 5909 ιι.
2398 5852 2493 5908 40.
