4066 6424
640 332 745 391 8739

1320 335 1383 391 ΙΝ
1428 326 1683 396 uicani!
1722 337 1941 396 Ei‘lS’l‘.
1983 336 2119 397 SEU
2162 334 2386 399 [ωειλ.
2435 338 2887 398 lilSSEBTATIO
2927 336 3271 399 SECUNDA.
3764 352 3841 406 iit)

707 454 794 512 50.
826 453 1022 511 Marius
1049 452 1234 512 Victor
1260 454 1449 511 horum
1494 470 1719 513 numero
1762 456 2047 514 sociandus
2096 464 2217 514 est:
2248 459 2299 521 Α
2327 471 2476 512 suam
2499 455 2725 512 Creator
2754 442 2993 514 omnium
3023 472 3146 514 eum
3180 458 3406 525 crearit,
3435 459 3566 532 quod
3587 460 3698 519 nulli
3730 465 3849 524 alteri

636 554 835 625 quippe
863 551 979 608 hinc
1010 550 1180 609 Deum
1209 550 1518 625 loquentem
1548 551 1753 609 inducit
1779 569 1794 607 :

726 688 870 757 guno
889 688 1416 757 itomiugmiaciamus,
1436 691 1522 757 ait,
1544 692 1627 755 qui
1649 698 1831 755 regnet
1854 691 1903 741 in
1928 691 2074 757 orbe,

724 751 787 815 Et
806 754 870 803 sit
894 753 1054 815 imago
1070 751 1162 803 Dei
1187 765 1198 801 :
1219 751 1430 815 similem
1455 751 1605 803 decet
1628 751 1741 803 esse
1760 755 1951 803 creanti
2054 777 2057 779 ί

727 814 880 867 Liber
895 814 955 865 ad
980 814 1236 866 arbitrium
1254 814 1433 867 fruitur
1455 817 1541 880 qui
1565 824 1737 868 mente
1761 817 1959 868 creatis.

707 948 797 1006 5i.
849 946 959 1005 ilus
1002 960 1301 1021 sequuntur
1345 949 1755 1019 Damascenus,
1809 960 1863 1007 et
1902 946 2229 1009 Bernardus.

636 1042 837 1101 Horum
869 1045 1072 1114 primus
1106 1043 1221 1101 iith
1242 1047 1317 1101 ait
1346 1044 1487 1119 (Lib.
1539 1063 1595 1102 lli
1618 1046 1686 1102 de
1726 1046 1831 1102 [ide
1857 1045 2083 1109 Orthod.
2113 1064 2229 1118 cap.

639 1135 730 1211 ιιι)
757 1154 771 1193 :
800 1136 963 1194 «Cum
993 1121 1059 1193 ad
1094 1138 1383 1210 imaginem
1405 1140 1597 1210 beatis,
1624 1149 1679 1197 et
1700 1139 2234 1212 supersubstantialis

641 1230 936 1287 divinitatis
967 1230 1130 1286 homo
1156 1232 1226 1286 sit
1255 1230 1462 1299 factus,
1502 1234 1571 1288 sit
1610 1245 1788 1289 autem
1830 1232 2005 1290 divina
2045 1244 2236 1291 natura

639 1339 734 1395 per
768 1338 827 1378 se
869 1324 1037 1379 libera
1063 1366 1078 1391 ,
1126 1326 1316 1396 suique
1343 1325 1480 1396 juris
1507 1368 1521 1393 ,
1570 1340 1632 1382 ac
1660 1329 1936 1383 voluntate
1968 1327 2188 1399 prtedita
2216 1369 2234 1398 ,

639 1432 978 1490 consequens
1005 1419 1379 1476 esthomincm
1410 1421 1555 1478 velut
1584 1421 1750 1494 ipsius
1780 1421 2067 1496 imaginem
2101 1421 2238 1479 Iibe-

646 1530 765 1570 rum
782 1531 904 1570 esse
920 1524 1109 1571 natura
1134 1530 1250 1583 sua,
1274 1525 1327 1572 et
1352 1518 1625 1572 voluntate
1648 1517 1951 1587 praditum.
1969 1536 1987 1571 ι
2008 1516 2238 1573 Bernar-

640 1608 739 1665 dus
760 1626 888 1665 vero
917 1608 1023 1686 (de
1052 1609 1197 1665 Grat.
1223 1623 1271 1667 et
1299 1610 1410 1666 Lib.
1456 1611 1672 1667 arbitrio
1702 1630 1816 1683 cap.
1860 1613 1914 1676 9,
1965 1630 2108 1667 num.
2143 1609 2235 1684 18)

640 1714 821 1759 monet
853 1745 869 1774 ,
919 1703 971 1758 in
1016 1704 1252 1760 libertate
1276 1706 1474 1760 arbitrii
1514 1706 1791 1778 imaginem
1818 1703 1916 1761 Dei
1942 1721 2064 1762 esse
2088 1705 2237 1778 posi-

642 1807 773 1853 tam.
924 1864 927 1871 η

711 1893 801 1950 52.
847 1890 904 1947 in
937 1892 1286 1965 intelligentia
1314 1907 1476 1963 porro
1517 1892 1899 1965 potissimum;
1942 1891 2034 1949 sed
2082 1902 2135 1949 et
2181 1892 2235 1948 in

643 1988 896 2045 libertate
941 1991 1102 2044 etiam
1147 1986 1393 2043 eamdem
1439 1986 1726 2051 imaginem
1774 1992 1990 2058 ponere!
2030 1983 2239 2042 videtur

643 2084 960 2137 Ambrosius
995 2080 1110 2137 hinc
1158 2082 1374 2150 scriptis
1423 2079 1682 2135 mandans
1723 2076 1991 2154 (ﬂexam.
2023 2095 2132 2151 cap.
2171 2078 2239 2150 8,

641 2176 773 2230 alias
805 2192 860 2229 η.
893 2174 988 2247 45)
1025 2193 1038 2230 :
1067 2193 1086 2227 ι
1133 2173 1246 2229 Non
1276 2188 1403 2245 ergo
1441 2188 1568 2228 caro
1596 2180 1774 2244 potest
1803 2185 1924 2228 esse
1952 2171 2018 2226 ad
2050 2170 2240 2243 imagi-

645 2283 767 2325 nem
797 2268 910 2337 Dei,
942 2268 1038 2324 sed
1063 2267 1242 2323 anima
1285 2276 1488 2335 nostra,
1518 2282 1638 2337 quae
1670 2265 1837 2319 libera
1874 2275 1977 2327 est,
2010 2260 2242 2319 etdil'l‘u-

645 2364 719 2418 sis
745 2362 1184 2434 cogitationibus,
1214 2371 1376 2431 atque
1401 2358 1640 2435 consiliis
1670 2356 1777 2413 huc
1797 2363 1958 2427 atque
1989 2355 2116 2411 illuc
2152 2370 2243 2410 va-

643 2467 800 2531 gatur
823 2500 839 2527 ,
871 2473 992 2530 qum
1020 2454 1418 2512 considerando
1443 2442 1650 2525 spectat
1679 2452 1879 2508 omnia.
1923 2449 2065 2506 Ecce
2100 2463 2243 2505 nunc

646 2565 833 2607 sumus
857 2552 907 2605 in
938 2548 1089 2606 Italia
1110 2591 1124 2615 ,
1149 2556 1204 2604 et
1222 2549 1520 2617 cogitamus
1554 2561 1615 2601 ea
1633 2586 1649 2613 ,
1672 2560 1793 2617 qua:
1818 2542 1883 2598 ad
1914 2541 2241 2611 Orientales,

646 2655 739 2699 aut
779 2644 1153 2701 Occidentales
1179 2652 1355 2713 partes
1392 2651 1638 2712 spectare
1688 2638 1939 2695 videntur
1963 2679 1977 2704 ,
2026 2647 2079 2692 et
2119 2650 2241 2692 cum

648 2738 751 2794 illis
774 2736 979 2794 versari
1007 2735 1252 2791 videmur
1272 2777 1286 2801 ,
1319 2734 1407 2805 qui
1439 2734 1493 2789 in
1527 2730 1749 2789 Perside
1776 2738 1901 2787 sunt
1925 2730 2242 2799 constituti,

647 2835 704 2887 et
731 2828 850 2886 illos
879 2827 1148 2895 videmus,
1180 2827 1269 2897 qui
1292 2826 1491 2898 degunt
1521 2827 1571 2882 in
1603 2823 1806 2891 Africa,
1833 2824 1877 2879 sl
1906 2837 2040 2896 quos
2061 2824 2247 2895 cogni-

649 2931 734 2979 tos
762 2921 917 2979 nobis
941 2936 1003 2978 ea
1033 2929 1175 2977 terra
1200 2919 1500 2991 susceperit
1525 2937 1537 2975 :
1583 2919 1862 2992 sequimur
1893 2918 2243 2989 proﬁciscend-

652 3029 754 3086 tcs,
786 3016 1114 3073 inhaeremus
1138 3014 1627 3088 peregrinantibus,
1655 3013 1974 3086 copulamur
2006 3012 2248 3069 absenti-

649 3111 772 3181 bus,
805 3108 1130 3183 alloquimur
1158 3120 1459 3180 separatos,
1484 3106 1769 3165 defunctos
1797 3120 2009 3179 quoque
2037 3104 2103 3160 ad
2135 3105 2247 3160 col-'-

650 3204 891 3276 loquium
915 3203 1321 3270 resuscitamus,
1352 3212 1573 3275 eosque,
1596 3210 1659 3257 ut
1680 3202 1942 3268 virentes,
1974 3201 2247 3273 complec-

652 3297 813 3353 timur
835 3338 851 3367 ,
881 3306 935 3354 et
957 3306 1206 3353 tenemus
1230 3338 1246 3365 ,
1279 3304 1333 3352 et
1357 3295 1481 3350 vitae
1506 3292 1682 3351 officia
1714 3292 1797 3350 his
1820 3336 1835 3363 ,
1864 3308 2126 3366 usumque
2151 3294 2246 3350 de-

652 3392 893 3448 ferimus.
927 3391 1000 3446 Ea
1024 3390 1183 3463 igitur
1210 3399 1293 3447 est
1320 3389 1389 3443 ad
1414 3389 1687 3462 imaginem
1709 3386 1829 3457 Dei,
1854 3403 1972 3461 qua:
1996 3402 2100 3443 non
2125 3396 2245 3443 cor-

653 3502 820 3557 porco
846 3485 1176 3555 aestimatur,
1201 3483 1294 3540 sed
1318 3483 1515 3539 mentis
1556 3483 1779 3555 vigure:
1824 3498 1946 3553 qum
1992 3481 2246 3539 absentes

653 3578 802 3636 videt
828 3620 842 3642 ,
892 3577 1249 3633 transmarina
1288 3577 1404 3632 visu
1441 3576 1589 3639 obit,
1641 3577 1903 3647 percurrit
1946 3574 2242 3646 adspectu,

654 3681 927 3730 scrutatur
947 3672 1124 3728 abdita
1150 3712 1166 3740 ,
1203 3668 1326 3738 huc,
1356 3679 1515 3743 atque
1537 3670 1665 3728 illuc
1690 3684 1796 3726 uno
1826 3679 2100 3726 momento
2125 3685 2247 3726 scn-

654 3782 747 3824 sus
776 3783 904 3824 suos
930 3782 1026 3839 per
1050 3767 1213 3823 totius
1243 3766 1404 3822 Orbis
1430 3766 1588 3834 ﬁnes,
1613 3776 1668 3823 et
1694 3765 1877 3821 mundi
1906 3774 2111 3823 secreta
2142 3767 2248 3822 cir-

654 3860 918 3918 cumfert:
943 3877 1061 3933 qua:
1090 3861 1201 3917 Deo
1224 3856 1485 3933 jungilur,
1513 3858 1729 3917 Christo
1756 3856 2247 3929 adliterel,desceu-

652 3956 732 4013 dit
754 3957 804 4011 in
827 3954 1100 4012 Inl‘ernum
1122 3999 1137 4022 ,
1180 3964 1339 4027 atque
1364 3952 1678 4022 adscendit,
1721 3954 1892 4013 libeia
1916 3966 2160 4013 versatur
2192 3958 2245 4014 in

652 4049 814 4107 caelo.
849 4049 1090 4119 Denique
1112 4048 1236 4105 audi
1263 4047 1567 4107 dicentem:
1613 4060 1790 4106 nostra
1818 4030 2239 4107 autem'conver-

653 4144 785 4199 satio
812 4143 868 4197 in
896 4143 1037 4198 ccciis
1066 4151 1160 4197 est.
1192 4162 1212 4196 ι

724 4234 783 4291 In
819 4236 1064 4292 eamdem
1116 4235 1425 4307 opinionem
1478 4234 1633 4294 facile
1684 4235 1921 4295 dedoces
1969 4246 2246 4294 auctorem

654 4328 1013 4386 imiructionis
1048 4331 1356 4399 sacerdotis,
1402 4333 1515 4389 sive
1555 4332 1859 4390 Bernartius
1905 4336 1950 4390 is
1975 4334 2084 4403 sit,
2134 4336 2249 4391 sive

653 4423 789 4478 alius
810 4424 1097 4495 quiSpiam,
1131 4439 1291 4495 quem
1315 4438 1464 4480 num.
1491 4425 1560 4482 ili
1579 4427 1829 4499 allegavi.
1854 4428 1936 4484 Ad
1951 4429 2246 4501 imaginem,

655 4526 712 4573 ut
742 4516 952 4573 haberes
981 4519 1299 4584 memoriam,
1329 4527 1432 4575 etc.

727 4610 898 4719 33:.ln
925 4614 1118 4670 eximia
1145 4615 1438 4671 exsistendi
1485 4616 1536 4672 in
1563 4632 1820 4688 corpore.
1853 4619 2091 4690 illudque
2135 4619 2250 4675 ani-
2276 4656 2333 4719 Β

657 4706 861 4775 mandi,
885 4717 939 4762 et
970 4708 1383 4779 praeclarissime
1402 4708 1593 4781 agendi
1621 4712 1829 4769 ratione
1853 4713 2099 4769 eamdem
2121 4713 2255 4769 ima-

656 4801 835 4875 ginem
864 4801 1069 4857 invenit
1092 4811 1280 4859 auctor
1307 4802 1427 4859 libri
1461 4804 1525 4858 de
1550 4788 1795 4876 Spiritu,
1825 4814 1872 4859 et
1898 4805 2120 4873 Anima,
2160 4806 2252 4876 qui

658 4895 866 4968 pridem
894 4894 1194 4966 Augustino
1224 4896 1579 4954 tribuebatur.
1640 4903 1813 4971 Atque
1848 4900 1990 4956 illius
2033 4898 2249 4971 quidem

656 4988 933 5060 ingeniosa
958 4988 1158 5044 monita
1182 4987 1386 5046 referre
1409 4992 1602 5061 placet,
1629 5001 1685 5048 ut
1710 5007 1771 5049 ea
1807 4993 2017 5050 scilicet
2049 5009 2251 5065 expen-

657 5078 747 5138 dat
776 5081 966 5147 lector,
990 5080 1341 5153 conferatque
1369 5098 1490 5139 cum
1530 5083 1597 5140 iis
1622 5084 2004 5156 scriptoribus,
2033 5102 2169 5158 quos
2195 5087 2252 5144 in

660 5174 820 5247 hujus
836 5172 1078 5247 opusculi
1095 5176 1335 5248 margine
1350 5174 1456 5231 PP.
1474 5172 1706 5234 S.Mauri
1721 5178 1953 5250 allegant
1973 5179 2250 5254 (Cap.55).

664 5287 682 5320 ι
713 5266 825 5323 Nec
850 5267 918 5324 ob
942 5267 1043 5323 hoc
1064 5266 1240 5324 solum
1270 5268 1510 5337 quidem,
1543 5268 1684 5339 quod
1707 5269 1773 5326 ad
1790 5272 2076 5328 consilium
2099 5288 2256 5330 sanc-

2330 563 2398 604 ex
2424 550 2688 605 creaturis
2716 548 2960 606 donavit.
2988 549 3124 618 Qua:
3156 551 3333 623 imago
3360 552 3648 626 diligentius
3677 555 3723 612 in
3744 559 3849 615 inte-

2332 644 2493 699 rioris
2519 643 2752 701 hominis
2783 644 3065 717 dignitate,
3087 652 3144 701 et
3164 645 3439 701 nobilitate
3468 651 3846 708 cstconsidertni-

2336 733 2425 791 da.
2452 734 2635 791 Primo
2662 735 2879 808 quidem
2909 736 3052 808 quod
3082 737 3239 792 sicuti
3264 736 3403 793 Deus
3424 750 3552 794 unus
3573 754 3755 812 semper
3769 743 3854 799 tibi-

2333 841 2438 899 que
2465 838 2608 884 totus
2636 839 2719 884 est
2746 871 2762 897 ,
2791 831 2973 886 omnia
3003 829 3318 897 viviiicans,
3353 844 3564 888 movens
3587 874 3600 900 ,
3634 843 3681 889 et
3701 835 3853 905 gubcro

2334 938 2491 989 naris,
2519 926 2660 980 sicut
2688 925 2980 996 Apostolus
3009 925 3082 980 ait
3112 926 3317 995 (Actor.-
3344 942 3458 997 cap.
3479 942 3600 995 xvn,
3623 927 3726 1002 ι28),
3747 931 3853 1000 quod

2334 1016 2389 1071 in
2418 1033 2479 1072 eo
2506 1018 2719 1073 vivimus
2745 1060 2759 1084 ,
2791 1030 3053 1073 movemur
3077 1061 3090 1083 ,
3123 1028 3169 1073 et
3198 1032 3376 1074 senius
3394 1062 3408 1085 ,
3438 1022 3515 1077 sic
3536 1022 3695 1076 anima
3720 1024 3763 1078 in
3782 1039 3855 1079 suo

2337 1123 2566 1181 corpore
2590 1111 2786 1180 ubique
2813 1120 2925 1165 tota
2948 1112 3129 1181 viget,
3155 1111 3434 1167 vivilieans
3464 1112 3587 1169 illud
3610 1153 3624 1178 ,
3649 1128 3854 1183 movens,

2338 1212 2389 1258 et
2422 1203 2747 1273 gubernans.
2800 1202 2909 1260 Nec
2950 1205 3092 1260 enim
3126 1204 3181 1259 in
3228 1204 3518 1276 majoribus
3557 1209 3766 1278 corporis
3796 1210 3856 1265 sui

2338 1294 2596 1351 membris
2628 1296 2799 1367 major
2828 1304 2911 1351 est
2936 1338 2946 1362 ,
2972 1306 3028 1353 et
3060 1299 3111 1352 in
3155 1299 3454 1354 minoribus
3481 1300 3679 1368 minor;
3717 1292 3791 1356 sed
3821 1303 3857 1356 in

2347 1388 2584 1442 minimis
2614 1397 2722 1443 tota
2756 1399 2841 1445 est
2866 1431 2879 1455 ,
2911 1396 2966 1445 et
2992 1389 3047 1444 in
3074 1391 3324 1446 maximis
3355 1399 3484 1446 tota.
3535 1390 3618 1447 Sic
3639 1391 3780 1447 infusa
3801 1401 3858 1447 est

2339 1480 2556 1549 corpori
2582 1521 2597 1547 ,
2643 1492 2700 1535 ut
2732 1492 2838 1536 non
2871 1496 2969 1553 per
2994 1483 3361 1538 membrorum
3394 1492 3567 1554 partes
3587 1484 3787 1556 partibus
3808 1486 3859 1539 sit

2341 1573 2532 1629 divisa.
2563 1570 2697 1631 Nam
2720 1574 2773 1631 in
2797 1576 3037 1647 quolibet
3062 1577 3183 1633 loco
3212 1592 3335 1647 pars
3358 1579 3591 1647 corporis
3608 1580 3858 1650 percutitur,

2342 1676 2455 1723 tuta
2476 1670 2643 1724 dolet.
2683 1670 2817 1725 Miro
2846 1680 3025 1726 autem
3053 1672 3217 1727 modo
3257 1688 3363 1727 una
3391 1671 3671 1744 eademque
3686 1672 3859 1728 virilia.

2345 1762 2491 1817 tione
2517 1763 2774 1818 membris
2797 1764 3113 1834 praesidens,
3139 1779 3263 1820 cum
3293 1765 3410 1836 ipsa
3437 1782 3530 1837 per
3554 1776 3762 1821 naturain
3787 1780 3858 1821 non

2265 1866 2315 1928 Β
2341 1855 2411 1909 sit
2437 1854 2671 1923 diversa,
2704 1870 2799 1925 per
2817 1869 3015 1925 corpus
3044 1868 3223 1913 tamen
3247 1859 3356 1928 agit
3376 1857 3605 1913 diversa.
3630 1858 3730 1927 ipsa
3748 1858 3856 1928 quip-

2347 1962 2411 2017 pe
2438 1957 2540 2014 est,
2560 1963 2678 2016 quin
2702 1963 2795 2018 per
2820 1948 3008 2004 oculos
3034 1950 3198 2016 videt,
3223 1949 3375 2005 audit
3392 1966 3486 2022 per
3514 1965 3680 2018 aures,
3701 1966 3777 2021 per
3798 1964 3860 2004 tn—

2342 2056 2428 2096 res
2462 2043 2742 2107 odoratur,
2778 2057 2873 2111 per
2898 2056 2960 2098 os
2979 2052 3176 2113 gustat,
3215 2059 3312 2114 per
3339 2044 3581 2100 membra
3608 2043 3758 2099 omnia
3781 2052 3859 2098 ini-

2341 2133 2417 2204 git
2445 2148 2460 2197 ;
2505 2142 2562 2189 et
2596 2132 2867 2204 tangendo
2893 2175 2909 2201 ,
2938 2133 3060 2190 lene
3086 2134 3154 2189 ab
3189 2149 3388 2205 aspero
3408 2134 3654 2191 discernit
3675 2151 3689 2201 ;
3713 2143 3856 2189 etcum

2343 2240 2448 2282 non
2479 2228 2551 2283 sit
2571 2227 2786 2283 diversa
2808 2269 2822 2293 ,
2855 2243 2948 2299 per
2973 2242 3168 2284 sensus
3195 2236 3376 2284 tamen
3401 2237 3646 2299 operatur
3684 2228 3858 2284 diversa.

2344 2322 2425 2378 Ex
2455 2334 2559 2394 qua
2585 2337 2646 2378 re
2671 2323 3018 2394 intelligitur,
3050 2323 3193 2394 quod
3237 2325 3306 2378 ita
3329 2334 3416 2380 est
3440 2325 3609 2379 anima
3637 2321 3860 2378 secundum

2343 2430 2500 2471 suum
2531 2416 2746 2472 modum
2776 2418 2829 2471 in
2857 2431 2955 2473 suo
2984 2431 3214 2488 corpore
3242 2459 3255 2481 ,
3305 2419 3451 2475 sicut
3479 2418 3612 2473 Dens
3644 2428 3715 2471 est
3738 2416 3862 2469 insuti

2347 2508 2563 2567 Mundo.
2619 2510 2851 2566 Interius
2876 2510 3177 2580 siquidem,
3226 2518 3283 2565 et
3323 2509 3593 2576 exterius;
3639 2509 3855 2579 superius,

2347 2613 2399 2659 et
2431 2601 2655 2659 inferius
2681 2612 2795 2659 est:
2824 2602 3059 2674 regendo
3097 2604 3367 2673 superior,
3400 2602 3650 2673 portando
3673 2600 3860 2659 inierint.

2346 2696 2605 2767 replenda
2631 2696 2877 2764 interior,
2919 2695 3306 2753 circumdando
3337 2694 3593 2753 exterior.
3636 2694 3715 2752 Sic
3733 2692 3866 2761 estiu-

2347 2803 2454 2863 tus,
2488 2801 2545 2848 ut
2572 2801 2723 2849 extra
2740 2792 2830 2859 sit;
2862 2792 2942 2849 sic
2957 2791 3278 2860 circumdat,
3307 2800 3369 2847 ut
3395 2800 3657 2863 penetret;
3682 2791 3746 2844 sic
3764 2801 3861 2858 pra-

2346 2888 2486 2944 sidet
2509 2929 2522 2953 ,
2554 2896 2612 2942 ut
2643 2896 2857 2957 portet;
2891 2886 2970 2943 sic
2993 2895 3203 2958 portat,
3257 2896 3317 2943 ut
3356 2885 3649 2957 praesideat.
3697 2882 3753 2940 Et
3771 2882 3868 2936 siuti

2350 2982 2491 3038 Deus
2517 2997 2616 3037 nec
2647 2980 3017 3038 crescentibus
3046 2980 3310 3039 creaturis
3336 2982 3567 3047 crescit,
3602 2993 3692 3035 nec
3713 2977 3868 3033 decres-

2352 3074 2602 3133 centibus
2648 3074 2945 3131 decrescit:
2991 3075 3070 3129 sic
3099 3074 3278 3129 anima
3309 3090 3411 3131 nec
3442 3073 3647 3131 minutis
3679 3068 3869 3127 membris

2347 3168 2640 3231 minuitur;
2659 3182 2761 3225 nec
2779 3166 3023 3224 adsuctis
3069 3178 3317 3238 augetur.
3353 3168 3482 3224 Haec
3501 3176 3581 3224 est
3600 3167 3765 3235 imago,
3786 3162 3865 3217 sire

2271 3258 2317 3323 C
2352 3259 2651 3316 similitudo
2679 3259 3065 3330 omnipotentis
3097 3259 3191 3316 Dei
3218 3299 3234 3327 ,
3275 3275 3440 3332 quam
3483 3259 3651 3316 anima
3684 3254 3808 3313 liabet
3834 3252 3867 3308 in

2350 3368 2483 3411 se.»

2420 3447 2509 3504 54.
2553 3448 2751 3504 Eadem
2786 3462 3010 3519 prorsus
3044 3447 3256 3504 monuit
3297 3456 3490 3505 auctor
3519 3445 3633 3502 libri
3659 3444 3714 3499 de
3748 3437 3869 3511 iligni-

2349 3550 2453 3598 tate
2481 3542 2792 3597 conditionis
2820 3541 3078 3605 humame.
3125 3540 3220 3612 qui
3248 3541 3340 3598 diu
3373 3540 3678 3597 Ambrosius
3698 3532 3872 3593 creditus

2348 3643 2450 3701 est,
2474 3633 2602 3690 dum
2635 3635 2752 3691 haec
2779 3634 2994 3705 scriptis
3023 3633 3242 3691 tradidit
3258 3631 3339 3706 (a)
3374 3650 3388 3689 :
3425 3652 3446 3687 ι
3476 3632 3621 3691 Sicut
3638 3630 3757 3689 Deus
3779 3637 3873 3682 unus

2348 3743 2564 3798 semper
2607 3727 2803 3799 ubique
2844 3735 2987 3783 totus
3028 3733 3110 3785 est
3134 3768 3149 3794 ,
3196 3727 3380 3784 omnia
3422 3725 3711 3789 vivilicans,
3746 3716 3871 3774 omnia

2350 3838 2574 3881 movens
2590 3862 2607 3891 ,
2628 3832 2682 3880 et
2710 3824 3020 3894 gubernans
3042 3840 3057 3879 :
3085 3823 3177 3891 sic,
3189 3823 3371 3879 anima
3395 3823 3449 3880 in
3475 3837 3573 3879 suo
3590 3830 3784 3890 corpore
3797 3810 3875 3868 nhi-

2348 3932 2458 3987 que
2487 3927 2594 3973 tota
2638 3919 2817 3990 viget,
2850 3918 3169 3987 vivilicans,
3215 3933 3444 3976 movens
3482 3916 3642 3982 illud,
3670 3908 3875 3984 ειευδθτ·
3974 3928 3975 3979 ι

2350 4030 2506 4070 nans.
2549 4031 2569 4066 Ι

2422 4104 2943 4163 55.1Eternitatem
2973 4106 3168 4161 animae
3192 4147 3208 4174 ,
3237 4103 3365 4161 dum
3418 4104 3554 4161 alios
3599 4104 3805 4159 recenset
3828 4090 3876 4145 ti-
3974 4104 3975 4174 ι

2352 4200 2494 4256 tuios
2514 4242 2529 4268 ,
2563 4209 2657 4255 aut
2701 4200 3003 4270 ipsissimos
3032 4199 3242 4256 scilicet
3267 4238 3282 4265 ,
3312 4213 3453 4270 quos
3478 4204 3632 4253 antea
3658 4182 3879 4257 descripsi;

2351 4308 2472 4350 mus
2494 4334 2512 4362 ,
2544 4304 2635 4350 aut
2662 4294 2728 4350 iis
2776 4308 2995 4374 prorsus
3022 4291 3248 4359 amnes,
3283 4293 3334 4348 in
3384 4292 3580 4363 quibus
3618 4287 3755 4345 etiam
3795 4290 3877 4333 eam

2353 4403 2513 4459 quam
2555 4386 2785 4443 dicimus
2804 4428 2820 4456 ,
2852 4387 3140 4464 imaginem
3165 4384 3377 4453 statuit,
3407 4386 3766 4443 commemorat
3782 4374 3877 4430 Pni-

2353 4482 2588 4548 dentius,
2618 4481 2734 4537 haec
2762 4482 2982 4551 scriptis
3010 4478 3274 4535 mandans
3303 4479 3377 4552 (li)
3405 4498 3419 4535 :

2446 4575 2535 4627 Est
2556 4573 2729 4625 similis
2751 4572 2909 4623 saeclis
2931 4573 3057 4636 quod
3083 4586 3180 4623 non
3202 4572 3506 4623 consumitur
3529 4567 3653 4635 ullis,

2451 4637 2590 4698 Quod
2614 4639 2834 4700 sapiens,
2854 4636 3075 4701 justique
3098 4647 3271 4701 capas.
3291 4636 3565 4699 reginaque
3588 4641 3737 4701 reruni

2452 4696 2689 4764 imperat,
2716 4696 3007 4764 antev'idet,‘
3021 4696 3305 4764 perpepdit,
3327 4696 3589 4762 praecavet,
3610 4696 3757 4764 instat.

2454 4753 2748 4829 Verborum,
2774 4753 3063 4829 mopnmqu'e
3089 4753 3634 4829 o'pifex,'instruc_iaqtte
3654 4753 3766 4807 mille

2460 4776 2748 4823 verborum,
2774 4776 2852 4811 mo
2882 4776 3063 4829 nmque
3089 4776 3279 4825 cpiiex,
3302 4776 3633 4823 iiiSU'tiCtaqtte

2453 4825 2678 4896 rictibus,
2705 4833 2757 4876 et
2778 4776 2954 4896 Casium
2981 4838 3131 4896 sensu
3161 4820 3633 4896 percurrereﬁdocta}

2455 4887 2544 4939 His
2565 4887 2774 4938 animam
2798 4887 3009 4939 similem
3032 4889 3126 4938 sibi
3148 4888 3373 4938 conditor
3396 4887 3637 4950 efﬁgiavit.

2430 4994 2609 5068 Atque
2651 5008 2772 5050 cum
2823 4995 2981 5052 laude
3006 4994 3259 5066 quidem,
3289 5007 3353 5050 uc
3398 4993 3588 5048 merito
3622 4989 3724 5044 haec
3754 4972 3883 5053 junxit

2358 5088 2703 5146 Prudentius.
2746 5088 2958 5144 Etenim
2987 5090 3031 5143 si
3064 5086 3482 5158 unumquodque
3506 5083 3682 5139 horum
3720 5070 3882 5130 attribu-

2362 5194 2538 5239 torum
2572 5198 2817 5238 seorsum
2848 5182 3174 5252 sumpseris,
3209 5182 3429 5236 minime
3457 5170 3692 5234 videntur
3714 5168 3880 5225 idonea.

2360 5288 2421 5333 ut
2448 5274 2539 5334 Dei
2564 5277 2848 5348 imaginem
2874 5276 2926 5331 iu
2952 5277 3130 5332 anima
3154 5276 3505 5331 consdtuant.
3534 5270 3600 5326 Et
3622 5278 3736 5322 sane
3752 5259 3786 5315 si
3805 5258 3882 5348 Ιιξο

658 5368 728 5417 tie
745 5359 1027 5447 Trinitatis
1047 5361 1504 5419 sicexcellentera
1522 5359 1816 5421 Conditore
1833 5367 2084 5425 conditus
2106 5368 2258 5424 homo
2362 5370 2609 5427 attendas
2631 5411 2645 5433 ,
2675 5344 2791 5425 Deo
2821 5369 3137 5424 similiorem
3167 5368 3429 5440 Augeium
3472 5380 3580 5437 prae
3623 5355 3803 5416 homine
3831 5344 3884 5447 (ξδ’

659 5444 783 5522 est',
826 5452 922 5511 sed
952 5452 1114 5510 etiam
1141 5455 1285 5526 quod
1310 5454 1378 5509 ad
1412 5454 1702 5527 imaginem
1728 5496 1744 5524 ,
1770 5468 1824 5513 et
1849 5459 2255 5516 similitudinem
2365 5474 2457 5519 eos
2478 5505 2493 5531 ,
2521 5463 2718 5534 quippe
2746 5461 2946 5517 clarius
2976 5461 3188 5518 elucent
3230 5456 3330 5517 ista
3358 5462 3409 5515 in
3444 5456 3668 5529 Angela,
3694 5456 3819 5522 quam
3848 5444 3883 5489 in

739 5632 816 5705 (a)
854 5630 914 5687 in
969 5631 1109 5699 libro
1158 5637 1222 5690 de
1260 5632 1330 5689 Di
1367 5636 1460 5692 nit.
1494 5636 1688 5692 condit.
1731 5636 2002 5709 humanm,
2057 5656 2115 5698 ea
2165 5640 2265 5696 .2.
2375 5642 2884 5699 inscribitur:dicta
2901 5639 2964 5694 B.
2988 5636 3159 5692 Albini
3184 5633 3372 5692 Levita
3394 5628 3683 5708 superin
3699 5616 3883 5682 Gem?“

670 5704 835 5768 Vide.
870 5705 1120 5767 Obsecro.
1151 5722 1269 5768 (illa!
1315 5654 1383 5768 (ge
1424 5706 1525 5765 hoc
1552 5708 1829 5768 Scriptore
1857 5711 2048 5768 docent
2077 5656 2178 5768 Pii.
2209 5712 2267 5768 8.
2376 5714 2660 5768 Faciamus
2688 5713 2958 5768 hominem
2979 5752 2992 5768 .
3021 5712 3149 5768 etc..
3178 5709 3314 5763 adeo
3337 5716 3388 5762 ιιι
3410 5712 3617 5762 constet
3638 5688 3881 5768 opimum

694 5708 835 5772 Vide,
870 5708 1120 5767 obsecro.
1151 5722 1269 5777 quae
1315 5708 1383 5768 de
1424 5708 1525 5765 hoc
1552 5708 1829 5781 Scriptore
1857 5708 2048 5769 docent
2077 5708 2178 5768 l’l'.
2209 5712 2245 5771 8

694 5777 901 5860 Mauri,
932 5778 1192 5860 pag._6l2
1241 5785 1529 5860 appendic:
1574 5785 1700 5860 tomi
1730 5801 1767 5840 ιι
1818 5784 2104 5860 Ambrosii.
2138 5786 2245 5843 illut

2376 5714 2660 5771 Faciamus
2688 5713 2958 5769 hominem
2979 5752 2992 5775 ,
3021 5712 3149 5776 ειυς.ἰ
3178 5709 3314 5763 adeo
3337 5716 3388 5762 ιιι
3410 5712 3617 5762 cuiistet
3638 5708 3879 5769 opusculum

2382 5788 2446 5860 de
2479 5786 2738 5860 Dignitate
2768 5784 2985 5860 hominis
3014 5782 3327 5851 inscriptum
3344 5820 3361 5848 ,
3386 5792 3509 5835 esse
3535 5771 3821 5848 potissimum
3840 5767 3884 5812 αι

685 5859 892 5929 certum
926 5852 1041 5913 est,
1076 5851 1218 5929 hinc,
1263 5854 1471 5929 aliaque
1514 5855 1673 5925 hujus
1720 5856 1961 5929 opusculi
1996 5854 2152 5913 verba
2184 5872 2278 5916 eo-
2384 5851 2685 5929 Alchtivino
2713 5855 3166 5929 consarcinatum.

695 5899 1734 5999 accipienti;segniusiam
1752 5899 2281 6011 iii‘li't'c'i.'.;;fi'.';i,a‘.’.a
2384 5899 2555 6004 ""(63'
2569 5899 3087 6004 1315;135:236
3092 5899 3253 5990 ἶίίαιο
3273 5926 3338 5989 de
3361 5932 3544 5983 natura
3569 5919 3749 5984 anima.
3766 5924 3805 5967 ιο
3822 5899 3882 5963 2⁸η
