4066 6424
263 378 363 434 Siit

953 362 1018 431 lN
1059 362 1313 431 mutati
1357 362 1576 427 npts'r.
1622 365 1749 424 seu
1794 358 2013 423 LIBRL.
2062 356 2513 424 mssnnrmo
2555 341 2896 423 scalmos.
3461 356 3561 413 me

262 495 501 551 homine.
534 492 735 549 Tamen
767 508 891 548 num
925 489 1128 563 Angelo
1156 490 1414 559 impressa
1444 486 1511 542 sil
1538 501 1599 541 ea
1620 527 1635 551 ,
1665 483 1731 539 de
1755 498 1855 554 qua
1886 485 1937 546 Α
1962 496 2095 552 quas
2138 480 2300 537 habet
2349 483 2526 537 anima
2570 496 2693 536 cum
2724 478 2991 537 Trinitate
3036 474 3408 535 Sanctissima.
3456 474 3561 529 Po-

259 590 468 661 agimus
489 633 501 651 ,
538 580 629 643 Dei
675 586 852 659 imago
875 628 888 655 ,
933 583 1124 640 merito
1154 579 1448 638 dubitatur.
1480 576 1654 649 Quid?
1681 575 1853 649 quod,

256 685 307 742 si
328 683 397 740 de
423 681 724 739 teternitate
753 680 1090 753 disputamus
1111 719 1127 746 ,
1158 693 1264 733 non
1294 692 1356 732 ea
1384 682 1467 731 est
1511 670 1814 746 bujnsmodi
1840 712 1856 738 ,

259 788 321 834 ut
348 792 443 853 per
470 791 530 833 se
557 778 670 832 sola
702 772 797 830 Dei
829 772 1061 828 similem
1093 770 1271 826 faciat.
1305 768 1387 824 Att
1415 764 1522 823 non
1553 760 1855 831 materiam,

255 886 362 944 qua
384 883 697 943 empyrenm
719 875 961 932 constat,
989 872 1249 921 internum
1269 861 1578 918 duraturam
1599 855 1859 913 facimus?

253 962 390 1032 Quis
416 972 594 1018 tamen
624 954 716 1015 Dei
747 958 981 1015 similem
1014 958 1157 1015 illam
1188 956 1363 1023 dicat,
1395 965 1487 1009 aut
1531 948 1625 1008 Dei
1670 949 1859 1022 imagi-

254 1071 384 1112 nem
434 1056 486 1110 in
514 1070 575 1110 ea
612 1051 883 1109 collocet?
916 1051 1201 1107 Da-moncs
1251 1048 1384 1120 ipsi,
1419 1055 1474 1104 et
1515 1047 1709 1099 animae
1738 1058 1859 1114 quae

255 1153 308 1207 in
339 1150 529 1207 inferis
552 1149 863 1206 cruciantur
883 1189 898 1218 ,
941 1155 1202 1219 perpetuo
1234 1142 1567 1217 perstabunt.
1604 1141 1685 1195 An
1710 1138 1859 1195 simi—

251 1245 333 1299 les
364 1256 651 1316 pr0pterea
675 1241 830 1298 Deo?

325 1334 505 1409 Atque
547 1334 663 1390 lucc
692 1331 907 1406 quidem
941 1332 1053 1402 ipsa
1098 1326 1329 1396 adhibe,
1382 1325 1428 1380 si
1474 1323 1589 1389 vis,
1634 1322 1677 1377 si
1719 1318 1858 1377 forte

250 1432 526 1502 quispiam
572 1426 753 1486 Fausti
784 1424 1101 1498 RegienSis,
1128 1432 1183 1480 et
1210 1412 1421 1478 Maximi
1464 1417 1715 1490 martyris
1757 1426 1852 1470 au-

248 1525 506 1583 ctoritate
535 1524 786 1581 suti'nltus
811 1521 914 1597 (a),
943 1537 1091 1589 eam,
1120 1533 1279 1592 quam
1306 1517 1568 1584 dicimus,
1602 1512 1692 1568 Dei
1725 1511 1860 1566 ima-

247 1623 437 1691 ginem
469 1614 521 1675 in
554 1616 860 1674 mternitate
890 1613 1136 1672 collocct.

328 1714 420 1769 36.
468 1711 522 1767 in
549 1712 783 1781 potentia
814 1706 1159 1766 construendi
1184 1703 1600 1774 stabiliendique
1627 1694 1851 1756 aedilicia

245 1805 342 1860 alii
373 1805 746 1863 collocarunt:
789 1817 1015 1873 quorum
1066 1798 1388 1856 sententiam
1422 1806 1477 1852 et
1514 1794 1851 1866 expositam,

1961 585 2219 631 Strenmm
2248 574 2387 645 hoc,
2430 575 2571 646 quod
2618 572 2787 631 fusius
2831 580 3021 630 auctor
3060 571 3148 629 ille
3187 571 3562 645 prosequitur,

1961 660 2153 724 iisdem
2184 666 2365 724 verbis
2405 680 2678 739 exponere
2723 666 2933 739 placet,
2980 666 3174 738 quibus
3218 664 3304 721 ille
3349 670 3567 722 enarrat

1962 752 2103 832 (cap.
2126 754 2223 831 35)
2248 776 2262 813 :
2301 774 2319 811 ι
2348 758 2644 828 Quamdam
2676 756 2839 816 etiam
2871 771 3073 817 sanctae
3102 758 3377 816 Trinitatis
3402 757 3565 815 habet

1959 849 2248 923 imaginem
2274 867 2287 906 :
2312 852 2487 923 primo
2513 850 2565 908 in
2590 862 2655 908 eo
2680 853 2823 926 quod
2852 853 2993 909 sicut
3023 850 3162 909 Dens
3187 862 3299 919 est,
3325 852 3480 918 vivit,
3508 860 3565 908 et

1960 946 2133 1018 sapit,
2163 946 2238 1003 ita
2268 944 2445 1003 anima
2473 947 2769 1003 secundum
2802 962 2956 1004 suum
2990 946 3208 1005 modum
3240 956 3324 1004 est
3346 990 3359 1013 ,
3392 946 3556 1015 vivit,

1960 1048 2014 1093 ct
2054 1039 2216 1108 sapit.
2248 1038 2346 1096 Bst
2374 1054 2590 1114 quoque
2618 1046 2673 1094 et
2717 1041 2816 1096 alia
2846 1041 3082 1099 Trinitas
3123 1044 3174 1098 in
3207 1056 3301 1109 ea;
3343 1044 3466 1114 quia
3494 1040 3560 1098 ad

1961 1132 2245 1205 imaginem
2296 1134 2548 1204 perlecta:
2588 1132 2836 1204 quidem,
2881 1142 2937 1191 et
2978 1149 3203 1191 summa
3246 1134 3557 1201 Trinitatis.

1960 1238 2079 1294 qure
2107 1235 2189 1281 est
2220 1224 2272 1281 in
2320 1224 2515 1293 Patre,
2546 1224 2602 1282 et
2647 1225 2785 1283 Filio
2805 1269 2819 1288 .
2851 1236 2906 1283 et
2932 1227 3133 1299 Spiritu
3163 1230 3394 1297 Sancto,
3428 1245 3561 1283 con-

1959 1314 2068 1374 dita
2096 1328 2199 1374 est.
2234 1314 2305 1375 Et
2332 1312 2460 1377 licet
2480 1321 2638 1376 unius
2667 1320 2736 1378 sit
2776 1331 2981 1378 natura:
3005 1325 3209 1390 anima,
3238 1332 3350 1381 tres
3378 1335 3560 1381 tamen

1960 1408 2013 1467 in
2044 1422 2104 1468 se
2147 1412 2289 1468 vires
2335 1408 2533 1479 habet,
2567 1411 2616 1469 id
2658 1424 2741 1470 est
2784 1408 3149 1480 intellectum,
3184 1418 3513 1473 voluntatem
3538 1458 3554 1485 ,

1958 1514 2011 1561 et
2054 1506 2413 1572 memoriam;
2468 1505 2610 1576 quod
2658 1506 2843 1574 idem,
2895 1507 3019 1564 licet
3074 1507 3193 1563 aliis
3243 1509 3453 1575 verbis,
3504 1508 3559 1567 ln

1958 1598 2253 1670 Evangelia
2276 1596 2618 1671 designatur,
2654 1610 2777 1655 cum
2804 1599 3038 1657 dicitur:
3072 1601 3253 1673 diliges
3284 1599 3561 1658 Dominum

1957 1691 2123 1748 Deum
2154 1702 2295 1746 tuum
2323 1706 2388 1747 ea:
2409 1702 2513 1746 toto
2542 1690 2697 1747 corde
2722 1700 2809 1748 tuo
2830 1736 2844 1759 ,
2873 1702 2920 1747 et
2943 1708 3009 1749 ea:
3031 1704 3136 1749 tota
3161 1696 3337 1749 ultima
3363 1703 3453 1749 tua
3471 1738 3484 1761 ,
3513 1703 3560 1750 et

1957 1803 2020 1842 ex
2045 1796 2151 1841 tata
2172 1794 2338 1841 mente
2364 1796 2492 1853 tua;
2524 1785 2575 1841 id
2604 1794 2688 1842 est
2717 1800 2781 1842 ex
2809 1794 2921 1842 toto
2947 1786 3223 1845 intellectu
3255 1794 3347 1843 tuo
3367 1831 3381 1856 ,
3411 1796 3464 1843 et
3491 1798 3557 1844 ex

245 1880 713 1967 descriptamque,
736 1895 1064 1964 etrejectam
1096 1895 1296 1965 pariter
1322 1889 1431 1945 vidi
1457 1887 1523 1944 ad
1558 1889 1695 1943 hunc
1727 1900 1846 1942 mo-
1878 1890 1924 1950 Β
1954 1882 2063 1938 tota
2094 1882 2369 1936 voluntate
2394 1882 2506 1946 tua,
2538 1884 2592 1934 et
2613 1894 2679 1935 ex
2710 1886 2821 1934 tota
2853 1880 3113 1937 memoria
3140 1890 3249 1937 tua.
3282 1879 3413 1935 Nam
3452 1881 3558 1937 sic—

244 1990 381 2046 dnm
428 1991 549 2065 (b):
598 2008 616 2042 ‹
654 1986 1014 2060 Reperiuntur
1059 1997 1113 2042 et
1156 1985 1297 2051 alia,
1343 1986 1397 2039 in
1450 1983 1645 2055 quibus
1687 1978 1851 2034 homo

244 2086 424 2142 Deum
472 2083 727 2139 imitatur.
771 2081 1047 2154 Siquidem
1079 2076 1144 2135 ad
1176 2078 1530 2135 imitationem
1564 2071 1658 2130 Dei
1688 2074 1850 2128 Crea-

244 2178 391 2234 toris
440 2179 599 2235 homo
644 2174 912 2232 construit
958 2173 1181 2241 domos,
1237 2171 1503 2241 parietes,
1559 2168 1845 2234 civitates,

239 2278 437 2342 portus
461 2311 475 2335 ,
517 2284 680 2325 naves
706 2310 721 2336 ,
778 2267 983 2323 navalia
1005 2307 1021 2336 ,
1076 2278 1269 2321 currus
1290 2305 1304 2331 ,
1334 2270 1389 2318 et
1440 2260 1543 2317 alia
1600 2259 1807 2316 inﬁnita
1829 2300 1846 2327 ,

237 2361 411 2418 veluti
435 2360 724 2433 imagines,
749 2368 803 2415 et
834 2359 1031 2432 ﬁguras
1061 2357 1181 2415 creli
1203 2400 1219 2426 ,
1244 2356 1403 2423 solis,
1437 2354 1608 2419 lunae,
1638 2358 1691 2408 et
1715 2351 1845 2407 stel-

236 2455 420 2517 larum
444 2497 458 2522 ,
486 2450 614 2511 item
657 2453 932 2510 hominum
956 2494 970 2521 ,
1002 2460 1059 2509 et
1099 2450 1412 2507 animalium
1456 2445 1847 2504 irrationalium

238 2550 447 2606 formas
473 2568 488 2623 ;
520 2544 725 2606 infinita
753 2560 931 2605 tamen
956 2555 1040 2603 est
1064 2546 1115 2613 in
1140 2547 1347 2601 ratione
1373 2538 1638 2599 condendi
1669 2541 1848 2595 diver-

232 2644 395 2699 sitas.
440 2640 572 2698 Nam
606 2642 750 2711 Deus
788 2640 1029 2698 omnium
1061 2655 1124 2695 ex
1157 2638 1253 2705 iis,
1295 2654 1414 2708 qua:
1458 2633 1616 2701 auiti,
1641 2628 1695 2691 cl
1737 2648 1844 2690 non

230 2744 399 2805 sunt,
425 2748 604 2802 creat,
637 2732 797 2807 idque
824 2736 943 2792 sine
968 2733 1187 2797 labore,
1218 2741 1272 2788 et
1302 2739 1544 2802 tempore
1569 2746 1583 2783 :
1616 2728 1740 2801 quia
1768 2727 1846 2783 si-

230 2826 357 2887 mul
382 2841 542 2900 atque
566 2828 825 2895 voluerit,
858 2824 1102 2899 producit
1123 2824 1268 2897 quod
1290 2822 1342 2879 ei
1366 2823 1645 2895 placuerit.
1672 2819 1847 2876 llomo

230 2938 371 2979 vero
401 2923 624 2978 materia
653 2938 787 2991 opus
820 2920 1014 2987 habet,
1045 2919 1250 2996 indiget
1277 2916 1682 2983 instrumentis,
1710 2930 1845 2971 con-

228 3014 396 3082 siiio,
431 3022 704 3085 tempore,
734 3022 792 3070 et
820 3012 1003 3068 labore
1022 3052 1041 3082 ,
1070 3027 1134 3068 ac
1164 3010 1353 3068 solidis
1378 3010 1583 3069 artibus
1611 3010 1678 3065 ad
1708 3014 1847 3079 opus

228 3108 682 3168 construendum.
730 3104 1008 3182 Siquidem
1057 3106 1389 3163 architectus
1439 3104 1644 3178 indiget
1694 3100 1844 3159 fabro

230 3203 457 3273 aerario,
488 3203 638 3260 faber
662 3215 843 3259 autem
866 3200 1089 3258 aerarius
1116 3198 1368 3269 metallis,
1397 3208 1451 3257 et
1476 3196 1801 3255 carbonibus
1826 3214 1839 3252 :

1956 1984 2013 2034 ut
2043 1992 2110 2035 ex
2156 1979 2312 2036 l’atre
2360 1990 2653 2053 generatur
2682 1974 2876 2046 Filius,
2904 1990 2960 2039 et
2985 1997 3055 2038 ex
3091 1978 3279 2048 Patre,
3312 1980 3557 2052 Filioque

1956 2066 2197 2142 procedit
2223 2073 2455 2144 Spiritus
2478 2075 2738 2141 Sanctus,
2770 2075 2840 2130 ita
2867 2089 2935 2130 ex
2957 2072 3236 2131 intellectu
3265 2085 3557 2146 generatur

1952 2169 2236 2238 voluntas,
2269 2182 2322 2227 et
2350 2184 2414 2227 ex
2444 2170 2527 2227 bis
2547 2168 2812 2229 ambobus
2845 2168 3089 2240 procedit
3136 2168 3415 2235 memoria,
3450 2169 3554 2225 sic-

1953 2270 2008 2318 ut
2058 2262 2212 2319 facile
2259 2279 2291 2319 a
2337 2264 2580 2338 sapiente
2643 2263 2883 2336 quolibet
2934 2274 3109 2336 potest
3153 2262 3398 2334 intelligi.
3445 2262 3555 2318 Nec

1951 2354 2094 2411 enim
2120 2357 2303 2412 anima
2334 2354 2570 2429 perfecta
2599 2367 2775 2429 potest
2802 2364 2924 2414 esse
2955 2354 3074 2413 sine
3107 2356 3189 2411 bis
3221 2356 3421 2422 tribus,
3454 2368 3553 2410 nec

1952 2446 2143 2507 horum
2173 2452 2332 2507 trium
2362 2453 2577 2525 aliquod
2603 2452 2721 2509 sine
2750 2452 2868 2510 aliis
2899 2454 3109 2509 duobus
3132 2453 3395 2522 integrum
3423 2464 3556 2505 cett-

1951 2550 2078 2613 stat,
2111 2548 2368 2615 quantum
2398 2546 2465 2601 ad
2486 2556 2636 2601 suam
2681 2546 2910 2618 pertinet
2942 2540 3327 2601 habitudinem.
3360 2543 3426 2599 Et
3448 2542 3556 2599 sic-

1952 2643 2009 2692 ut
2040 2634 2182 2693 Deus
2220 2637 2410 2706 Pater,
2453 2636 2596 2695 Deus
2622 2637 2823 2705 Filius,
2854 2636 2997 2694 Deus
3027 2634 3259 2709 Spiritus
3286 2637 3550 2703 Sanctus;

1954 2744 2063 2787 non
2091 2736 2271 2789 tamen
2301 2743 2409 2788 tres
2442 2728 2542 2800 Dii,
2562 2731 2656 2789 sed
2685 2747 2822 2788 unus
2853 2732 3016 2800 Deus,
3046 2738 3099 2789 ct
3127 2741 3238 2788 tres
3270 2745 3547 2803 personae;

1950 2826 2021 2882 ita
2055 2822 2231 2882 anima
2264 2827 2571 2885 intellectus
2592 2870 2607 2894 ,
2637 2827 2813 2883 anitna
2836 2826 3107 2896 voluntas,
3138 2826 3316 2883 anima
3346 2834 3551 2880 metuo-

1950 2920 2026 2976 ria
2044 2963 2059 2989 ,
2080 2934 2184 2976 non
2214 2928 2393 2976 tamen
2421 2931 2531 2978 tres
2550 2919 2744 2977 anima:
2766 2919 2819 2976 in
2844 2934 2952 2976 uno
2971 2932 3199 2991 carpere
3217 2962 3230 2984 ,
3258 2919 3351 2975 sed
3372 2919 3551 2972 anima

1948 3030 2052 3069 una
2075 3058 2090 3082 ,
2137 3027 2191 3070 ct
2218 3022 2325 3073 tres
2356 3017 2519 3072 vires.
2547 3016 2723 3088 Atque
2751 3016 2804 3073 in
2838 3016 2920 3072 bis
2952 3017 3121 3071 tribus
3145 3015 3379 3070 divinam
3412 3012 3546 3067 ima-

1946 3107 2124 3181 ginein
2150 3112 2288 3180 gerit
2313 3108 2629 3166 mirabiliter
2658 3110 2708 3165 in
2738 3124 2836 3165 sua
2874 3120 3062 3164 natura
3106 3115 3288 3165 noster
3325 3105 3550 3162 interior

1950 3200 2112 3257 homo
2134 3243 2149 3269 ,
2190 3208 2245 3259 et
2272 3218 2337 3259 ex
2377 3201 2459 3259 his
2493 3203 2646 3276 quasi
2685 3200 3158 3259 excellentior-ibus
3195 3203 3391 3256 animae
3420 3199 3549 3256 viri-

228 3298 487 3355 similiter
512 3304 566 3354 et
595 3312 784 3353 omnes
814 3297 901 3368 qui
935 3296 1074 3367 ligna
1103 3292 1354 3359 caedunt,
1390 3292 1454 3349 iis
1480 3292 1569 3364 qui
1598 3291 1837 3363 plantas,
1868 3294 1914 3357 ί]
1947 3295 2044 3351 bus
2063 3294 2314 3366 iubemur
2342 3296 2565 3368 diligere
2593 3294 2969 3363 COnditorem,
3005 3304 3062 3349 ut
3090 3295 3142 3350 iit
3172 3301 3428 3363 quantum
3462 3293 3544 3347 in-

228 3402 329 3447 aut
356 3400 553 3447 terram
579 3388 855 3447 excolunt.
878 3388 1056 3461 Atque
1085 3388 1187 3443 hoc
1213 3394 1370 3460 pacto
1392 3400 1481 3443 ars
1504 3396 1842 3456 unaquaeque

227 3483 305 3539 ab
328 3481 447 3538 aliis
477 3480 683 3538 artibus
713 3496 868 3537 usum
900 3490 1085 3536 earum
1119 3484 1393 3534 mutuatur
1418 3495 1431 3533 :
1467 3486 1839 3534 verumtamen

230 3581 433 3645 homo,
482 3578 608 3631 dum
650 3580 721 3630 ita
767 3572 1040 3646 qitipplattt
1082 3572 1379 3641 construit,
1429 3573 1669 3628 itnitatur
1706 3584 1843 3642 quo-

227 3668 528 3725 dammodo
555 3680 891 3735 creatorem,
917 3667 1066 3723 velut
1092 3666 1270 3739 imago
1297 3664 1672 3738 archetypum.
1703 3663 1842 3719 hna-

226 3779 303 3837 go
324 3766 467 3819 enim
489 3762 765 3835 archetypi
793 3762 1015 3829 figuram
1039 3759 1236 3816 habet:
1267 3770 1452 3815 verum
1481 3773 1647 3831 quum
1671 3773 1840 3813 ment.

231 3861 454 3914 hrorum
485 3858 719 3930 speciem
758 3855 955 3912 habeat
975 3897 990 3920 ,
1020 3856 1260 3911 actiones
1305 3864 1484 3910 tamen
1513 3868 1619 3909 non
1652 3850 1836 3907 habet.

225 3952 395 4009 Caret
424 3952 568 4007 enim
599 3950 814 4015 anima,
849 3960 943 4020 per
973 3963 1133 4020 quam
1165 3956 1415 4004 tllOVCllll‘
1443 3958 1661 4016 corpus.
1704 3964 1723 3999 ι

304 4046 396 4102 57.
437 4045 716 4102 Coilocant
759 4043 849 4101 alii
899 4044 951 4099 in
997 4040 1349 4099 similitudine
1398 4054 1523 4097 cum
1571 4038 1837 4096 Trittitate

229 4138 613 4197 Sanctissima.
646 4140 716 4193 At
735 4144 899 4210 quum
927 4134 1171 4192 eamdem
1199 4134 1605 4191 similitudinem
1629 4130 1838 4189 studio-

227 4233 349 4289 sius
397 4232 683 4305 designare
733 4230 1107 4300 contendunt,
1160 4229 1494 4302 aliquantum
1545 4224 1833 4285 dissident.

229 4325 486 4384 Nonnulli
516 4325 605 4396 qui
647 4324 1037 4381 Damascennm
1068 4321 1304 4395 allegant
1329 4321 1401 4397 (ε)
1430 4323 1613 4395 (quam
1644 4329 1794 4378 recte
1813 4363 1828 4389 ,

227 4417 466 4475 viderint
508 4417 667 4491 alii),
709 4417 844 4473 alias
887 4416 1106 4489 quidem
1151 4417 1389 4473 rationes
1427 4414 1688 4483 aderunt,
1735 4413 1832 4471 se'd

231 4511 375 4567 hanc
414 4510 648 4581 pariter,
694 4508 836 4581 quod
882 4508 1094 4566 divinas
1138 4508 1512 4583 processiones
1542 4507 1712 4565 Adam
1761 4504 1831 4563 sit

229 4604 511 4661 imitatus:
545 4615 598 4662 et
629 4604 771 4676 quod
801 4600 916 4677 ipse
960 4612 1067 4660 non
1115 4602 1187 4660 sit
1224 4602 1469 4675 genitus,
1500 4598 1637 4658 Abel
1680 4600 1832 4673 geni-

1945 3386 2235 3460 telligitur,
2263 3388 2543 3460 diligatur,
2572 3400 2625 3446 ct
2655 3389 2708 3445 in
2738 3392 2993 3460 qitantum
3022 3387 3261 3459 diligitUr
3281 3429 3294 3451 ,
3328 3401 3545 3455 semper

1942 3483 1993 3537 in
2025 3483 2281 3539 memoria
2312 3482 2593 3540 habeatur.
2624 3480 2732 3540 Nec
2762 3483 2936 3539 solum
2966 3480 3162 3538 sufiicit
3186 3481 3255 3538 de
3284 3496 3350 3536 eo
3380 3478 3547 3538 intel-

1942 3573 2151 3643 lectus,
2186 3575 2286 3633 nisi
2319 3575 2409 3631 (lat
2451 3576 2505 3632 in
2546 3588 2731 3633 amore
2794 3574 2912 3647 ejus
2957 3574 3225 3631 voluntas.
3286 3574 3397 3630 imo
3438 3589 3537 3628 nec

1941 3667 2056 3724 haec
2080 3669 2185 3724 duo
2222 3670 2524 3739 sufticiunt,
2561 3671 2659 3725 nisi
2683 3667 2941 3725 memoria
2971 3669 3226 3737 addatur,
3262 3683 3366 3740 qua
3399 3683 3541 3723 sem-

1942 3778 2037 3834 per
2065 3764 2117 3818 in
2141 3774 2320 3819 mente
2351 3762 2723 3836 intelligentis,
2747 3770 2799 3820 et
2820 3764 3092 3835 diligentis
3123 3764 3336 3819 maneat
3362 3764 3535 3819 Deus:

1942 3853 2011 3912 Ut
2052 3855 2191 3910 sicut
2220 3855 2426 3911 nullum
2459 3864 2636 3927 poteSt
2664 3869 2786 3913 esse
2830 3864 3194 3923 momentum,
3225 3871 3333 3927 quo
3374 3854 3539 3910 homo

1939 3962 2045 4004 non
2074 3958 2286 4017 utatur,
2320 3949 2404 4005 Vel
2446 3950 2654 4006 fruatttr
2701 3948 2798 4007 Dei
2832 3951 3101 4017 bonitate,
3135 3957 3189 4005 ct
3238 3950 3543 4005 misericor-

1938 4042 2059 4113 dia;
2094 4044 2165 4099 ita
2194 4042 2400 4100 nullum
2441 4045 2506 4102 sit
2534 4058 2864 4102 momentum
2892 4089 2905 4113 ,
2937 4063 3044 4119 quo
3085 4048 3405 4117 praesentem
3439 4062 3545 4103 non

1938 4137 2132 4195 habeat
2158 4140 2281 4196 eum
2323 4140 2375 4197 in
2416 4140 2691 4197 memoria.
2724 4139 2791 4196 Et
2823 4139 2944 4197 ideo
2974 4140 3102 4196 mihi
3143 4141 3289 4211 juslc
3330 4140 3541 4197 videtur

1940 4232 2145 4290 dictum
2165 4277 2181 4302 ,
2209 4244 2453 4291 nostrum
2482 4234 2794 4292 interiorem
2819 4234 3088 4291 hominem
3112 4249 3230 4290 esse
3258 4235 3544 4305 imaginem

1935 4323 2107 4382 Dei.i
2150 4326 2205 4383 ln
2250 4325 2353 4384 hac
2394 4325 2507 4398 ipsa
2566 4331 2835 4399 postrema
2890 4324 3250 4398 descriptione
3295 4326 3542 4396 congruit

1934 4429 2123 4477 auctor
2165 4416 2367 4490 libelli,
2395 4422 2485 4496 qui
2525 4422 2588 4477 de
2626 4420 2883 4496 Dignitate
2920 4420 3143 4477 hominis
3192 4416 3501 4478 inscribitur
3527 4463 3542 4487 ,

1935 4522 1989 4571 et
2041 4512 2335 4593 aliquando
2367 4512 2651 4572 Ambrosio
2695 4513 2862 4588 (quod
2887 4516 2997 4589 jam
3029 4515 3284 4588 diximus)
3313 4513 3545 4571 tribu'us

1934 4622 2036 4669 est.
2065 4610 2140 4670 De
2162 4612 2313 4685 cujus
2336 4600 2549 4686 quidem
2575 4608 2742 4668 libelli
2766 4620 2985 4671 auctore
3011 4608 3130 4667 vide
3156 4625 3276 4682 quae
3302 4608 3369 4665 ad
3391 4625 3538 4665 num.

230 4708 349 4770 tus,
380 4694 523 4757 Heva
565 4699 908 4773 processerit.
951 4698 1157 4756 Auctor
1183 4712 1312 4756 vero
1341 4698 1462 4757 libri
1492 4696 1554 4755 de
1583 4694 1785 4772 Spiritu
1809 4741 1824 4766 ,

1950 4704 2005 4767 54
2042 4684 2377 4764 tradidimus.

230 4803 282 4851 et
322 4792 540 4864 Anima,
578 4808 740 4868 quem
768 4805 924 4851 antea
967 4796 1127 4851 etiam
1170 4793 1429 4867 allegavi,
1470 4792 1630 4867 pattlo
1673 4791 1831 4850 aliter

233 4905 349 4947 rem
384 4890 665 4962 proponit,
698 4890 984 4961 monetque
1010 4888 1146 4945 duas
1186 4888 1447 4963 imagines
1472 4890 1684 4947 Sancta:
1710 4887 1831 4945 Trl-

229 4980 417 5037 nltatis
450 4995 608 5052 posse
645 4979 700 5036 in
743 4980 919 5035 anima
949 4979 1321 5037 considerari:
1359 4982 1585 5053 primam
1627 4980 1681 5038 in
1723 4996 1789 5037 eo
1812 5022 1829 5049 ,

227 5074 374 5147 quod
406 5074 547 5130 sicut
579 5075 717 5130 Deus
762 5083 881 5141 est,
915 5074 1073 5140 vivit,
1116 5083 1170 5130 et
1212 5074 1385 5146 sapit,
1427 5074 1495 5130 ita
1539 5076 1715 5132 anima
1747 5084 1835 5131 se-

226 5165 465 5224 cundum
496 5180 650 5222 suum
679 5165 895 5223 modum
918 5177 1028 5231 est,
1058 5165 1185 5221 vivit
1210 5209 1224 5234 ,
1248 5175 1303 5221 et
1331 5166 1488 5238 sapit.
1515 5166 1653 5239 (Qua
1684 5168 1735 5221 in
1772 5178 1831 5222 re

228 5262 484 5320 convenit
523 5274 743 5334 prorsus
784 5271 971 5317 auctor
998 5258 1165 5317 libelli
1197 5259 1259 5317 de
1290 5260 1552 5333 Dignitate
1579 5261 1832 5317 conditio-

225 5359 308 5415 nis
339 5357 612 5428 humanm,
643 5355 759 5414 hac
799 5358 1210 5428 expressissime
1250 5356 1489 5414 docens:
1519 5357 1666 5415 Sicut
1689 5355 1832 5414 Dem

225 5462 302 5509 est
321 5495 337 5521 ,
366 5454 516 5520 vivit,
538 5460 588 5508 et
626 5452 792 5522 sapit,
824 5453 896 5507 ita
921 5453 1093 5505 anima
1118 5450 1397 5507 secundum
1436 5452 1587 5507 cutim
1624 5450 1835 5506 modum

226 5556 301 5604 est
322 5588 338 5615 ,
362 5546 513 5618 vivit,
539 5556 585 5604 et
603 5547 784 5617 sapit.)
810 5542 1115 5604 Secundam
1142 5545 1198 5601 in
1221 5545 1379 5602 variis
1402 5544 1830 5616 conveniendis,

305 5731 387 5876 (αἶ
420 5729 573 5801 Lege
598 5726 783 5787 Petav.
816 5727 880 5783 de
912 5727 1055 5799 Opif.
1077 5767 1094 5793 ,
1150 5718 1248 5783 lib.
1279 5736 1348 5799 tt;
1374 5724 1445 5793 2,
1479 5726 1567 5783 M.

306 5805 358 5876 (ὸ
410 5800 750 5876 ίΤιιεοὰοιεθι.
804 5809 997 5872 quiest.
1047 5815 1119 5859 xx
1186 5799 1238 5855 in
1284 5798 1567 5871 Genesitn,

306 5798 383 5877 (ὁ)
421 5798 750 5859 Théodoret.
804 5809 997 5872 quiest.
1047 5815 1119 5859 xx
1186 5799 1238 5855 in
1284 5798 1571 5871 Genesim,
1626 5800 1837 5861 Joanne

230 5876 372 5951 Pico
404 5875 718 5951 interprete.
1016 5949 1026 5951 _
1165 5947 1175 5951 _
1251 5946 1261 5951 Α
1568 5948 1577 5951 _
1690 5950 1693 5951 ν

2009 4798 2101 4860 38.
2142 4798 2474 4872 Augustinus
2518 4806 2696 4854 autem
2719 4838 2733 4863 ,
2770 4803 2826 4854 et
2856 4794 3232 4853 Theodoretus
3270 4788 3362 4852 diu
3406 4803 3534 4851 ante

1938 4886 2040 4950 hos
2072 4893 2376 4965 Scriptores
2409 4884 2549 4947 idem
2581 4890 2755 4961 ipsum
2800 4898 3175 4959 argumentum
3211 4900 3548 4960 persequun-

1941 4996 2047 5046 tur.
2078 4984 2134 5045 ln
2176 5006 2241 5044 co
2284 4990 2412 5042 ’vero
2449 4984 2594 5041 illam
2617 5027 2632 5051 ,
2665 4982 2732 5040 de
2771 5000 2874 5055 qua
2922 4985 3131 5055 agimus
3153 5025 3168 5050 ,
3200 4982 3391 5038 aniuue
3420 4996 3544 5036 cunt

1939 5081 2205 5140 Trinitate
2231 5078 2580 5138 SanctiSsima
2609 5074 3016 5133 similitudinem
3040 5076 3272 5132 collocat
3297 5070 3547 5146 Augu~ti-

1935 5195 2038 5235 nus
2069 5175 2147 5248 (ά)
2171 5218 2185 5242 ,
2215 5181 2275 5229 ut
2319 5173 2514 5229 divinis
2544 5171 2796 5228 Personis
2836 5170 2952 5227 lucc
2994 5171 3091 5225 tria
3136 5160 3540 5238 respondeant,

1936 5284 2091 5326 mens
2111 5311 2126 5335 ,
2151 5282 2303 5323 amor
2325 5307 2338 5331 ,
2372 5272 2428 5321 et
2457 5264 2647 5320 notitia
2667 5306 2683 5332 ,
2709 5271 2807 5321 seu
2829 5262 3084 5335 cognitio.
3111 5256 3207 5317 Vel
3238 5261 3500 5315 memoria
3523 5300 3538 5328 ,

1937 5358 2291 5432 intelligentia
2318 5401 2331 5425 ,
2362 5357 2634 5414 volttnlas.

2009 5454 2101 5513 59.
2145 5453 2308 5521 Eam,
2339 5452 2407 5509 de
2441 5462 2545 5523 qua
2573 5454 2812 5523 agimus,
2842 5444 3250 5504 similitudinem
3274 5490 3290 5516 ,
3340 5444 3435 5518 per
3462 5445 3539 5502 si-

1940 5546 2298 5605 militudinem
2317 5588 2331 5613 ,
2355 5556 2517 5619 quam
2545 5541 2705 5600 habet
2734 5542 2896 5599 homo
2926 5554 3048 5598 cum
3077 5538 3344 5598 Trinitate
3373 5538 3542 5599 Sanc-

1944 5731 2272 5805 ginéntfacti
2304 5726 2397 5786 De'i
2431 5734 2631 5787 sumus.
2660 5720 2832 5785 ‘l‘omo
2884 5732 2902 5785 t
2955 5712 3209 5786 editionis
3240 5728 3290 5785 le
3328 5728 3497 5798 Quieti
3518 5773 3535 5798 ,

1946 5804 2266 5970 ῗῗῖίιῖῗίῗίξε
2293 5878 2460 5970 es?
2495 5876 2873 5970 nemo;
2915 5878 2985 5941 ιι
3032 5883 3089 5963 et
3124 5890 3239 5950 σος·
3288 5872 3529 5970 mw

311 5948 383 6025 (c)
426 5947 507 6007 Ex
532 5963 599 6007 eo
621 5948 794 6019 libro,
823 5963 989 6023 quem
1013 5946 1289 6022 inscripsit
1313 5963 1328 6004 :
1356 5948 1696 6020 quomodoad
1714 5951 1847 6027 ima-7
1952 5946 2045 6021 lib'.
2078 5946 2185 6025 in,
2219 5960 2274 6009 et
2301 5952 2474 6023 capite
2495 5961 2770 6035 postremo
2807 5949 2898 6027 lib.
2954 5955 3081 6013 xtv.‘
