4066 6424
566 311 676 366 885

1231 308 1301 367 ΙΝ
1339 306 1601 367 ιιιιΑιιιι
1641 305 1863 365 EPIST.
1905 305 2037 365 SEU
2080 305 2304 363 LIBEL.
2351 304 2810 365 DISSERTATIO
2847 304 3189 365 SECUNDA.

3748 305 3857 363 864

564 425 794 492 tissima,
827 424 1025 496 pariter
1047 423 1281 496 explicat
1304 423 1665 495 Hieronymus
1687 422 1943 478 Aretiuus
1969 423 2080 494 (ιι),
2115 431 2166 477 et
2192 427 2242 483 Λ
2275 420 2434 478 habet
2464 422 2652 485 Pater.
2686 432 2968 494 postquam
3017 422 3252 493 Spiritus
3298 422 3528 480 Sanctus
3569 425 3869 494 processit?

566 519 756 578 eadem
801 520 945 586 fere,
977 528 1143 590 atque
1188 518 1550 590 Augustinus,
1605 516 1874 588 proponit.
1921 512 2001 570 Eu
2044 529 2166 586 qua:

564 614 728 672 tradit
758 614 848 671 ille
874 613 968 685 (lu
994 631 1148 670 εει-ηε.
1184 614 1238 667 iu
1277 613 1485 668 Domin.
1519 628 1588 668 xx
1631 623 1751 684 post
1776 608 2114 680 Pentecost.)
2148 625 2162 660 :

567 725 588 761 ι
619 705 755 763 Cum
781 720 961 764 autem
990 707 1125 764 dixit
1150 707 1537 762 similitudinem
1555 749 1569 772 ,
1603 705 1692 762 hic
1720 706 1871 761 addit
1897 716 2124 759 nostram
2148 744 2163 770 ,

560 800 809 858 referens
853 799 1258 857 similitudinem
1305 799 1373 855 ad
1413 799 1774 864 Trinitatem,
1803 799 2058 870 quoniam
2110 799 2162 854 in

560 893 782 950 homine
827 904 912 950 est
952 893 1198 966 quaedam
1244 894 1545 949 similitudo
1593 893 1874 950 Trinitatis
1908 912 1921 948 :
1962 894 2167 949 creavit

562 1003 796 1060 namque
833 987 976 1044 Deus
1015 990 1114 1044 tria
1161 989 1213 1044 in
1259 987 1508 1055 homine,
1538 987 1888 1053 memoriam,
1922 986 2166 1042 intellec-

563 1093 708 1150 tum,
751 1083 1116 1150 voluntatem,
1161 1099 1258 1154 per
1301 1098 1462 1151 quam
1509 1098 1633 1138 cum
1660 1081 1925 1138 Trinitate
1972 1079 2168 1136 indivi-

559 1176 721 1233 duam
749 1177 1040 1249 quamdam
1085 1177 1245 1232 habet
1273 1176 1706 1232 similitudinem.
1741 1176 1886 1231 Patri
1934 1191 2166 1246 namque

563 1288 658 1343 per
706 1272 1021 1328 memoriam
1071 1272 1449 1326 assimilatur:
1501 1270 1640 1326 Filio
1687 1284 1783 1340 per
1831 1269 2163 1325 intellectum

559 1364 973 1420 conformatur:
1006 1362 1228 1433 Spiritui
1276 1364 1477 1419 Sancto
1522 1379 1616 1433 per
1654 1363 1986 1418 voluntatem
2017 1376 2167 1417 com-

559 1457 858 1528 paginatur.
888 1455 1022 1510 Nam
1053 1457 1192 1511 sicut
1216 1455 1376 1512 Pater
1405 1472 1433 1510 a
1463 1455 1610 1510 nullo
1637 1464 1753 1520 est,
1779 1455 1875 1511 sed
1907 1455 1974 1512 ab
1996 1470 2061 1510 eo
2082 1463 2166 1511 est

560 1549 730 1606 Filius
753 1593 768 1615 ,
798 1551 877 1606 sic
917 1551 1178 1606 memoria
1217 1566 1340 1606 cum
1367 1552 1441 1606 sit
1481 1551 1564 1606 vis
1589 1553 1784 1606 animae
1802 1592 1817 1616 ,
1845 1565 1874 1604 a
1907 1549 2053 1604 nulla
2075 1564 2166 1604 ea-

559 1660 681 1701 rum
709 1653 829 1711 est,
859 1644 955 1701 sed
1003 1645 1072 1699 ab
1101 1660 1166 1702 ea
1193 1654 1278 1702 est
1319 1644 1648 1701 intellectus.
1681 1644 1830 1698 Sicut
1866 1657 1996 1699 vero
2030 1642 2163 1713 Spi-

559 1737 695 1794 ritus
719 1737 948 1798 Sanctus
975 1754 1006 1794 a
1033 1738 1192 1795 Patre
1218 1738 1494 1809 procedit.
1527 1749 1581 1795 et
1608 1753 1638 1792 a
1667 1735 1837 1804 Filio;
1869 1737 1947 1792 sic
1971 1736 2164 1792 volun-

2268 516 2436 586 Cujus
2476 515 2690 588 quidem
2735 518 3136 586 processionem
3189 532 3284 588 per
3325 516 3668 574 eductionem
3712 518 3873 574 "evre

2267 624 2331 665 ex
2363 620 2511 665 costa
2553 608 2744 665 Adami
2788 609 3011 664 indicari
3048 609 3162 675 vis;
3196 624 3553 682 quamquam,
3582 621 3641 664 ut
3673 618 3868 665 caetera

2266 703 2511 758 omittam
2530 743 2544 767 ,
2575 702 2802 757 formata
2827 711 2910 758 est
2943 703 3086 756 lleva
3111 718 3174 757 ex
3203 713 3351 759 costa
3379 702 3569 758 Adanti
3594 720 3609 768 ;
3639 703 3874 774 Spiritus

2268 797 2498 854 Sanctus
2525 811 2656 852 vero
2685 797 2946 853 formatus
2974 811 3080 851 non
3108 805 3222 865 est,
3252 797 3346 853 sed
3377 796 3637 853 ineffabili
3669 797 3828 852 modo
3856 839 3872 863 ,

2269 900 2324 946 et
2353 891 2510 959 plane
2531 889 2713 945 divino
2744 889 3005 960 procedit.
3039 905 3118 946 ιιι.
3150 889 3389 948 Adamus
3422 890 3590 945 lilium
3618 890 3776 946 habet
3795 907 3870 947 ex

2270 983 2528 1048 muliere,
2562 997 2668 1038 non
2701 998 2765 1037 ex
2810 999 2868 1037 se
2915 991 3143 1037 tantum.
3173 981 3257 1039 An
3305 982 3356 1036 id
3403 983 3658 1052 exprimit
3701 983 3874 1038 divini

2268 1077 2393 1132 Filii
2417 1076 2853 1147 generationem?
2877 1095 2951 1132 1v.
2983 1076 3148 1132 Filios
3170 1077 3429 1148 plurimos
3452 1076 3642 1133 habuit
3673 1077 3876 1146 Adam,

2267 1184 2469 1240 eosque
2495 1181 2547 1224 et
2580 1186 2755 1226 mares
2775 1212 2790 1238 ,
2821 1181 2876 1226 et
2921 1169 3202 1236 immittas,
3231 1180 3286 1226 et
3326 1171 3523 1239 probos
3543 1212 3557 1234 ,
3589 1180 3646 1225 et
3673 1171 3879 1237 impro-

2266 1263 2384 1319 bos.
2413 1263 2496 1320 An
2525 1263 2700 1336 imago
2753 1280 2816 1319 ea
2845 1273 2929 1319 est
2974 1263 3340 1336 generationis
3401 1263 3676 1335 Unigeniti
3729 1264 3878 1320 Dei?

2267 1371 2321 1409 v.
2347 1355 2514 1411 lilium
2542 1355 2728 1412 habuit
2760 1357 2997 1413 Adamus
3019 1372 3084 1412 ex
3117 1357 3281 1421 lleva,
3313 1374 3432 1427 qua!
3463 1373 3529 1413 ex
3552 1373 3619 1413 eo
3642 1357 3873 1412 formata

2267 1458 2380 1516 est,
2428 1459 2589 1522 atque
2636 1450 2795 1520 hujus
2839 1451 3057 1522 quidem
3108 1450 3361 1506 formatio
3408 1451 3641 1522 Spiritus
3687 1451 3875 1508 Sancti

2270 1545 2669 1613 processionem
2703 1544 2927 1600 iunuere
2952 1544 3167 1600 dicitur.
3197 1545 3280 1601 An
3311 1544 3479 1600 lilium
3512 1545 3674 1601 habet
3704 1543 3878 1600 Pater

2267 1651 2334 1692 ex
2360 1635 2563 1708 Spiritu
2602 1637 2835 1692 Sancto?
2862 1637 3133 1693 ilactenus
3159 1638 3212 1692 in
3246 1636 3336 1692 lilii
3367 1638 3716 1710 generatione
3744 1652 3877 1708 per-

2268 1728 2525 1784 stitimus.
3447 1738 3450 1741 '
3557 1735 3562 1742 '
3662 1739 3667 1744 ’

497 1823 508 1832 “
560 1840 644 1886 tas
669 1847 698 1885 a
723 1833 982 1888 memoria
1003 1874 1017 1899 ,
1050 1844 1104 1889 et
1129 1833 1439 1890 intellectu:
1467 1833 1569 1888 nisi
1597 1833 1741 1888 enim
1767 1833 2026 1886 memoria
2051 1847 2165 1888 rem
2194 1825 2258 1914 Β,
2341 1823 2432 1878 41.
2475 1823 2760 1879 Processio
2793 1837 2956 1895 porro
2993 1823 3226 1896 Spiritus
3277 1825 3458 1883 Sancti
3504 1825 3714 1882 felicius
3768 1841 3876 1882 non

563 1923 710 1992 prius
739 1927 1065 1997 attingeret,
1114 1941 1214 1982 nec
1263 1926 1568 1982 intellectus
1609 1941 1727 1982 eam
1769 1934 2020 1996 caperet,
2067 1941 2167 1981 nec

558 2030 678 2072 eam
707 2017 954 2073 voluntas
973 2030 1371 2089 consequenter
1397 2029 1697 2088 appeteret.
1731 2020 1868 2074 Ecce
1889 2016 2168 2090 quomodo

559 2109 731 2166 factus
758 2121 841 2169 est
869 2112 1030 2168 homo
1058 2115 1128 2167 ad
1153 2114 1539 2169 similitudinem
1566 2112 1684 2168 Dei.
1715 2132 1734 2165 ι

629 2203 744 2260 Non
767 2205 1030 2262 absimilis
1047 2215 1131 2263 est
1154 2207 1478 2263 Theodoreti
1502 2207 1799 2274 sententia;
1827 2207 1942 2262 lucc
1968 2207 2167 2278 quippe

562 2297 638 2351 ait
667 2297 884 2369 (Quwst.
904 2315 972 2355 xx
1003 2301 1053 2354 iu
1079 2298 1315 2355 Geuesim
1342 2301 1363 2370 )
1395 2316 1412 2356 :
1437 2299 1644 2356 «Habet
1668 2299 1812 2356 enim
1834 2301 1946 2372 ipsa
1972 2299 2169 2370 (anima

557 2389 807 2463 humana)
840 2391 1146 2449 facultatem
1177 2393 1498 2451 rationalem
1519 2434 1535 2459 ,
1563 2404 1619 2451 et
1647 2394 1864 2450 vitalem
1908 2394 1958 2448 in
1987 2408 2046 2450 se
2074 2411 2087 2447 :
2114 2405 2169 2449 et

560 2498 716 2538 tuens
743 2484 960 2552 quidem
1002 2485 1252 2556 producit
1295 2501 1600 2542 sermonem
1622 2527 1638 2552 ,
1667 2486 1943 2541 concurrit
1986 2495 2168 2540 autem

566 2589 691 2631 cum
719 2591 968 2633 sermone
999 2578 1243 2648 spiritus,
1261 2595 1368 2635 non
1398 2589 1690 2650 generatus
1718 2579 1960 2650 quidem,
1979 2594 2169 2650 quem-

559 2671 846 2726 admodum
898 2689 1114 2740 sermo,
1170 2674 1264 2730 sed
1299 2685 1560 2746 perpetuo
1589 2690 1934 2745 consequens
1960 2689 2169 2730 sermo-

560 2777 683 2818 nem
706 2805 721 2826 ,
749 2774 805 2820 et
832 2780 953 2820 cum
984 2781 1083 2834 eo,
1115 2766 1243 2822 dum
1285 2767 1495 2834 editur,
1523 2781 1876 2823 concurrens.
1929 2786 1948 2820 ι

632 2854 999 2912 Demascenus
1039 2873 1202 2929 porro
1244 2858 1400 2912 aliam
1440 2858 1644 2913 invenit
1689 2859 1829 2914 inter
1875 2857 2162 2914 humanam

558 2948 790 3002 animam
809 2993 823 3016 ,
849 2961 903 3004 et
928 2951 1240 3007 Trinitatem
1267 2951 1673 3008 Sanctissimam
1697 2952 2128 3008 convenientiam
2153 2968 2166 3005 :

557 3058 610 3099 et
643 3044 756 3099 haec
781 3058 862 3100 est
886 3045 1060 3115 (Orat.
1078 3063 1136 3102 ιιι
1156 3046 1222 3102 de
1261 3046 1510 3115 Imagin.,
1533 3063 1585 3100 ιι.
1604 3046 1698 3118 :20)
1721 3065 1732 3100 :
1755 3065 1774 3099 ι
1795 3047 1962 3102 Sicuti
1985 3047 2164 3110 Pater,

557 3138 647 3208 qui
682 3148 761 3194 est
802 3156 984 3208 mens,
1016 3150 1069 3196 et
1096 3140 1266 3195 Filius
1296 3141 1564 3208 Verbum,
1589 3151 1644 3196 et
1670 3141 1905 3211 Spiritus
1935 3142 2167 3197 Sanctus

2269 1917 2588 1988 exprimitur
2617 1933 2712 1988 per
2740 1919 3141 1988 processionem
3162 1960 3176 1985 ,
3206 1933 3300 1974 seu
3331 1919 3741 1989 productionem
3776 1921 3884 1974 He-

2270 2024 2350 2063 vzc
2379 2024 2444 2064 ex
2496 2009 2691 2065 Adami
2721 2020 2890 2066 costa.
2923 2010 3136 2065 Etenim
3162 2052 3177 2077 ,
3208 2021 3266 2066 ut
3305 2013 3356 2067 id
3401 2014 3642 2068 omittam
3662 2056 3675 2077 ,
3730 2015 3880 2083 quod

2269 2113 2393 2157 ante
2431 2101 2500 2158 de
2527 2102 2715 2158 eadem
2747 2103 3096 2174 processione
3122 2103 3236 2158 dixi
3258 2147 3273 2168 .
3307 2119 3437 2160 sane
3469 2104 3699 2176 Spiritus
3733 2105 3880 2162 San-

2269 2205 2390 2251 ctus
2430 2210 2528 2268 per
2569 2196 2921 2267 spirationem
2953 2196 3227 2268 procedit,
3256 2211 3357 2252 nec
3398 2212 3464 2252 ex
3506 2199 3623 2252 solo
3667 2197 3843 2255 Patre
3867 2242 3880 2266 ,

2271 2305 2457 2346 verum
2489 2290 2649 2345 etiam
2679 2305 2746 2344 ex
2772 2289 2913 2345 Filio
2941 2290 3224 2362 procedit,
3257 2301 3418 2360 atque
3444 2307 3506 2345 ex
3553 2307 3750 2347 amore
3787 2293 3884 2348 Pa—

2273 2385 2406 2450 tris,
2434 2393 2488 2440 et
2528 2383 2651 2438 Filii
2704 2384 2968 2450 procedit.
3001 2384 3083 2439 Au
3127 2383 3242 2440 hzcc
3285 2383 3730 2449 similitudinem,
3788 2402 3885 2442 seu

2271 2480 2556 2551 imaginem
2584 2481 2818 2549 aliquam
2848 2480 2900 2534 iu
2931 2481 3312 2550 processioue,
3346 2495 3441 2536 seu
3473 2481 3642 2550 potius
3667 2480 3729 2535 in
3770 2481 3885 2537 for-

2271 2573 2508 2630 matione
2531 2573 2692 2629 Hevte
2720 2589 2784 2628 ex
2812 2585 2961 2628 costa
2985 2573 3175 2629 Adami
3209 2572 3446 2630 habent?
3472 2572 3656 2629 Restat
3680 2573 3881 2645 itaque

2272 2667 2436 2737 (quod
2462 2667 2573 2738 jam
2603 2667 2734 2740 dixi)
2762 2677 2819 2722 ut
2846 2667 3094 2724 latissime
3119 2668 3445 2738 accipiatur,
3495 2685 3596 2723 non
3640 2670 3890 2746 rigor-oss

2235 2833 2238 2836 .
2270 2758 2600 2828 similitudo,
2630 2771 2791 2832 atque
2824 2763 3000 2831 itnago
3029 2762 3118 2817 illa
3149 2760 3457 2827 Trinitatis,
3487 2777 3642 2832 quam
3667 2779 3731 2816 ιι.
3769 2763 3878 2827 '57,

2272 2869 2338 2908 ex
2365 2853 2541 2908 aliena
2570 2856 2835 2910 sententia
2863 2855 3269 2924 descripsimus.
3299 2853 3484 2926 Neque
3511 2870 3640 2911 vero
3670 2857 3808 2912 haec
3837 2858 3889 2912 iu

2232 3023 2240 3032 υ
2271 2952 2636 3020 Damasceno,
2668 2969 2826 3023 quem
2857 2955 2908 3006 in
2957 2954 3096 3009 hanc
3122 2953 3534 3026 explicationem
3577 2952 3886 3024 allegatum

2271 3044 2418 3112 vidi,
2448 3059 2704 3114 expresse
2731 3045 2958 3100 invenis.
2988 3043 3124 3100 Num
3157 3045 3207 3100 id
3236 3062 3304 3101 ex
3349 3062 3414 3100 eo
3453 3047 3543 3100 liat
3563 3086 3576 3112 ,
3605 3048 3765 3117 quod
3798 3062 3889 3103 co-

2271 3138 2420 3194 dices
2461 3139 2597 3194 alios
2624 3141 2692 3194 ab
2738 3138 2831 3205 iis,
2864 3155 2998 3212 quos
3033 3140 3216 3197 habuit
3247 3140 3297 3195 le
3342 3141 3546 3211 Quien,
3573 3142 3734 3213 cujus
3775 3144 3890 3199 edi-

559 3248 698 3286 llllllS
729 3233 864 3290 Deus
893 3244 1055 3290 sunt:
1087 3235 1164 3290 sic
1192 3250 1346 3289 mens
1378 3235 1600 3290 verbum
1625 3276 1639 3299 ,
1695 3243 1748 3288 et
1779 3234 2008 3305 Spiritus
2029 3250 2168 3290 unus
2193 3226 2238 3290 C
2275 3233 2420 3287 tione
2448 3241 2603 3301 utor,
2632 3234 2877 3290 diversos
2909 3235 2943 3289 ii
2971 3235 3176 3301 citent,
3211 3237 3393 3291 nescio
3423 3252 3436 3288 :
3469 3234 3572 3291 Sed
3607 3236 3728 3290 haec
3767 3247 3886 3292 tan-

559 3325 742 3380 houto.
780 3344 799 3378 ι
831 3327 1009 3397 Atque
1039 3327 1152 3382 lucc
1205 3326 1444 3398 quidem,
1485 3341 1626 3397 quae.
1675 3326 1750 3381 uti
1803 3327 2014 3392 notavi,
2062 3328 2161 3385 de-

558 3427 847 3474 sumuntur
899 3435 967 3474 ex
1016 3420 1259 3474 oratione
1325 3435 1380 3473 ιιι
1437 3419 1502 3472 de
1548 3418 1902 3492 Imaginibus,
1940 3419 2052 3475 fere
2079 3437 2164 3474 rc-

561 3521 816 3581 petuotur
867 3513 918 3565 in
968 3512 1242 3582 Opusculo
1297 3514 1556 3583 inscripto
1604 3530 1616 3567 :
1679 3514 1944 3580 Quomodo
1990 3515 2164 3585 imago

561 3600 656 3656 Dei
685 3603 944 3672 impressa
971 3603 1035 3657 sit
1065 3602 1282 3660 homini.

628 3693 720 3752 40.
756 3697 836 3751 An
868 3693 983 3750 lucc
1013 3695 1253 3766 rigorose
1278 3697 1574 3752 sumimus?
1603 3696 1744 3753 Nihil
1777 3699 1974 3754 minus.
2005 3699 2160 3754 Enim

557 3805 686 3846 vero
704 3791 747 3846 si
771 3790 994 3861 primam
1017 3790 1428 3869 explicationem
1455 3791 1784 3863 inquisitioni
1810 3793 2124 3863 subjicimus
2141 3837 2156 3858 ,

555 3884 734 3953 aliqua
764 3894 1091 3951 occurrunt,
1136 3902 1256 3955 qua:
1297 3886 1602 3943 diilicultati
1645 3904 1752 3942 non
1775 3888 1874 3943 levi
1902 3889 2156 3945 subsunt.

555 3978 805 4034 Profecto
826 3995 1177 4049 quzccumque
1201 3995 1265 4036 ea
1291 3982 1448 4036 fuerit
1468 4023 1483 4045 ,
1508 3983 1622 4037 sive
1647 3986 1842 4053 imago.
1868 3984 1984 4040 sive
2011 3983 2160 4038 simi—

559 4071 764 4138 litudo,
792 4072 906 4127 sive
954 4082 1241 4144 utrumque
1287 4072 1508 4139 horum,
1544 4089 1651 4130 non
1675 4089 1739 4129 ea
1764 4083 1882 4130 erat
1917 4074 2158 4130 desitura

559 4164 612 4218 in
641 4165 876 4230 Adamo,
904 4166 997 4221 sed
1029 4166 1095 4220 ad
1130 4167 1273 4220 illius
1301 4177 1545 4237 posteros
1588 4156 1964 4235 producenda,
1996 4168 2042 4224 si
2073 4169 2153 4222 in-

559 4272 760 4312 nocens
789 4257 1132 4327 perstitisset.
1167 4258 1278 4311 Non
1310 4273 1440 4328 ergo
1469 4259 1520 4312 in
1552 4275 1618 4312 eo
1640 4257 1895 4314 collocari
1943 4259 2034 4312 illa
2066 4273 2162 4329 po-

554 4349 710 4415 terit,
742 4349 882 4420 quod
911 4351 1024 4420 ipse
1050 4366 1155 4405 non
1187 4351 1255 4406 sit
1283 4353 1516 4422 genitus.
1548 4349 1702 4421 QuOd
1724 4353 1771 4408 si
1802 4354 2044 4424 rigorose
2069 4370 2159 4409 su-

557 4441 756 4496 mimus
803 4458 998 4498 nomen
1039 4445 1284 4515 gcnitus,
1330 4448 1452 4517 quis
1495 4447 1734 4518 genitum
1784 4465 1816 4504 a
1860 4449 1974 4504 Deo
2016 4449 2161 4506 dicet

555 4533 863 4590 Adamum?
889 4536 1137 4594 Profecto
1167 4555 1268 4593 vox
1303 4539 1390 4593 illa
1422 4542 1663 4612 rigorose
1688 4554 1897 4612 sumpta
1923 4545 2158 4599 consub-

2271 3337 2382 3383 tum
2411 3329 2462 3384 in
2491 3344 2559 3385 eo
2593 3328 2876 3400 leguntur,
2910 3345 3030 3400 qua:
3057 3330 3288 3385 recitare
3319 3329 3404 3383 hic
3435 3329 3562 3410 libet
3586 3328 3678 3396 (Et
3713 3329 3880 3387 Orat.

2266 3439 2324 3479 ιιι
2351 3423 2417 3478 de
2450 3424 2670 3494 lmagiu.
2703 3442 2755 3479 η.
2787 3425 2879 3493 20)
2905 3443 2918 3478 ;
2955 3443 2975 3478 ι
3005 3423 3247 3480 Tertium
3276 3439 3446 3495 genus
3477 3423 3781 3494 imaginum
3807 3437 3889 3480 est

2268 3532 2458 3574 eorum
2483 3560 2499 3582 ,
2526 3533 2646 3588 quae
2678 3533 2774 3589 per
2801 3517 3159 3573 imitationem
3188 3533 3216 3570 a
3250 3518 3359 3573 Deo
3390 3517 3525 3571 facta
3549 3527 3672 3570 sunt
3699 3534 3718 3569 :
3760 3531 3890 3588 puta

2269 3609 2526 3666 homo....
2558 3610 2688 3664 Nam
2716 3610 2876 3665 veluti
2907 3610 3100 3676 Pater,
3140 3609 3229 3680 qui
3279 3624 3433 3665 mens
3471 3619 3577 3671 est,
3606 3617 3661 3663 et
3694 3608 3889 3666 Filius

2235 3765 2238 3767 Α
2268 3705 2396 3760 item
2425 3705 2650 3760 verbum
2674 3746 2689 3770 ,
2723 3713 2776 3759 et
2821 3703 3055 3775 Spiritus
3084 3703 3316 3760 Sanctus
3347 3719 3484 3758 unus
3523 3703 3665 3758 Deus
3707 3716 3887 3768 sunt;

2265 3799 2344 3854 sic
2373 3813 2525 3852 mens
2547 3841 2560 3862 ,
2591 3798 2812 3852 verbum
2834 3841 2848 3864 ,
2878 3808 2934 3854 et
2960 3797 3184 3867 spiritus
3212 3811 3351 3851 unus
3375 3797 3534 3851 homo
3557 3807 3703 3850 sunt.
3741 3797 3883 3852 Tum

2266 3892 2430 3947 etiam
2465 3901 2690 3961 propter
2732 3891 2941 3946 arbitrii
2971 3890 3306 3954 libertatem,
3339 3899 3394 3943 ct
3441 3889 3750 3959 imperandi
3786 3906 3887 3945 au-

2265 3985 2572 4042 ctoritatem
2600 3984 2764 4038 Deum
2795 3983 3032 4038 itnitatur
3061 3999 3074 4039 :
3104 3982 3177 4036 ait
3208 3982 3404 4052 quippe
3426 3999 3438 4034 :
3459 3980 3754 4036 Faciamus
3790 3982 3889 4036 Ιιο-

2267 4087 2466 4141 tuinetn
2488 4085 2552 4140 ad
2572 4087 2882 4155 imaginem,
2906 4093 2963 4139 et
2989 4082 3396 4138 similitudinem
3431 4092 3670 4135 nostram
3697 4097 3716 4136 :
3755 4083 3889 4135 sub-

2241 4179 2452 4254 _ditque
2484 4196 2496 4230 :
2527 4177 2590 4232 Et
2617 4177 2968 4232 dominamini
2996 4177 3229 4246 piscibus
3259 4176 3445 4242 maris,
3470 4194 3488 4226 ι
3521 4185 3626 4230 etc.
3660 4173 3719 4228 ln
3755 4191 3889 4244 opu-

2263 4274 2417 4330 sculo
2447 4288 2606 4338 vero,
2638 4273 2778 4340 quod
2811 4272 3086 4342 inscripsit
3123 4289 3136 4326 :
3169 4271 3426 4342 quomodo
3475 4269 3543 4323 ad
3593 4270 3888 4341 imaginem

2265 4366 2360 4421 Dei
2381 4367 2534 4420 homo
2578 4367 2679 4432 sit,
2726 4380 2971 4436 magnam
3018 4373 3222 4435 partem
3251 4377 3442 4418 eorum
3482 4359 3720 4431 repetit,
3757 4378 3886 4433 qua:

2263 4459 2428 4515 modo
2453 4460 2729 4514 attulimus
2752 4499 2766 4524 ,
2796 4469 2908 4513 tum
2935 4458 3051 4512 haec
3075 4456 3292 4526 subiicit
3319 4453 3480 4528 (Pag.
3530 4453 3639 4509 575
3679 4457 3818 4508 torni
3869 4471 3886 4510 ι

2261 4553 2387 4608 edit.
2423 4552 2631 4624 Venet.)
2659 4571 2670 4606 :
2695 4572 2714 4604 ι
2739 4552 2965 4622 Quando
2981 4552 3050 4606 de
3077 4552 3189 4606 Deo
3213 4565 3392 4605 sermo
3418 4559 3525 4614 est,
3553 4564 3698 4603 unus
3728 4548 3886 4604 Deus

559 4633 868 4686 stantialcm
927 4633 1146 4688 indicat.
1173 4633 1255 4690 An
1287 4636 1760 4692 oonsubstantialis
1783 4637 1894 4693 Deo
1915 4638 2156 4694 Adamus
2185 4633 2236 4693 1)
2261 4643 2600 4711 celebratur,
2623 4653 2678 4699 et
2727 4644 2982 4699 adoratur
3008 4645 3060 4698 in
3089 4643 3259 4697 tribus
3285 4641 3675 4714 hypostasihus
3695 4682 3710 4706 ,
3742 4657 3888 4697 una-

556 4726 678 4781 est?
705 4726 784 4781 Ad
817 4726 968 4783 haec:
1008 4729 1052 4782 si
1079 4729 1311 4784 animam
1343 4742 1558 4802 spectas
1579 4774 1594 4798 ,
1624 4747 1654 4786 a
1687 4733 1796 4788 Deo
1827 4743 2042 4790 creatus
2069 4734 2152 4789 di-

555 4822 696 4875 citur
730 4820 892 4877 Adam
917 4863 931 4886 ,
964 4838 1069 4878 non
1095 4825 1312 4895 genitus
1339 4843 1352 4878 :
1381 4825 1424 4880 si
1453 4839 1582 4882 vero
1609 4841 1805 4897 corpus
1828 4869 1841 4895 ,
1872 4842 1976 4883 nou
2007 4829 2155 4898 geni-

561 4926 645 4970 tus
670 4957 684 4979 ,
717 4915 810 4970 sed
845 4917 1101 4972 formatus
1145 4919 1382 4975 Adamus
1411 4920 1642 4987 dicitur,
1693 4923 1892 4993 quippe
1933 4938 2002 4978 ex
2033 4939 2156 4979 cor-

555 5025 687 5081 pore
711 5021 957 5078 coustat,
988 5029 1095 5082 quo
1128 5030 1232 5069 non
1277 5026 1489 5071 constat
1537 5017 1677 5072 Deus
1700 5059 1714 5083 ,
1743 5017 1966 5088 ipsaque
2009 5016 2156 5072 illius

553 5106 734 5161 anima
776 5104 1000 5177 Spiritus
1023 5114 1108 5161 est
1137 5105 1250 5161 Deo
1277 5107 1435 5179 longe
1483 5109 1736 5177 inferior,
1787 5121 1971 5180 utpote
2002 5125 2153 5165 crea-

555 5212 672 5268 tus,
702 5210 758 5256 et
784 5201 1093 5269 mutabilis,
1124 5213 1179 5257 et
1203 5218 1232 5256 a
1262 5203 1438 5258 divina
1480 5204 1778 5260 substantia
1820 5205 2027 5261 inlinito
2073 5206 2153 5260 iu-

556 5294 778 5348 tcrvallo
805 5295 1034 5350 distans.
1066 5297 1146 5349 An
1178 5295 1356 5365 itaque
1397 5295 1638 5352 Adamus
1668 5298 1833 5352 divini
1866 5297 2030 5353 Verbi
2056 5314 2150 5369 ge-

554 5388 887 5442 nerationem
918 5388 1208 5459 exprimit?
1234 5387 1402 5456 Quam
1433 5389 1474 5440 si
1521 5397 1703 5444 tamen
1731 5392 1951 5446 omnino
1975 5391 2154 5448 adimo

555 5480 635 5536 vis
661 5482 964 5552 exprimere
984 5523 997 5546 ,
1028 5481 1274 5536 advertas
1293 5523 1307 5546 ,
1339 5481 1592 5548 obsecro,
1627 5497 1785 5552 quam
1819 5483 2040 5553 pulchre
2061 5500 2154 5540 ex-

550 5575 770 5646 primat.
805 5577 886 5630 An
917 5591 1022 5630 nou
1073 5573 1270 5630 Filium
1322 5574 1559 5628 Adamus
1605 5573 1820 5643 habuit,
1871 5587 2150 5648 postquam

553 5683 622 5724 ex
667 5669 811 5725 illius
859 5678 1011 5725 costa
1058 5668 1283 5726 formata
1322 5677 1407 5724 est
1457 5667 1641 5724 lleva?
1667 5670 1750 5724 An
1785 5684 1914 5725 vero
1957 5669 2151 5726 Filium

622 5850 702 5920 (al
718 5858 720 5861 ·
739 5847 874 5909 Vide
897 5864 1020 5919 qua
1046 5850 1114 5906 de
1138 5864 1206 5907 eo
1229 5848 1466 5907 diximus
1491 5848 1560 5905 ad
1586 5864 1736 5910 num.
1773 5821 1864 5908 ιι.

2258 4754 2365 4810 que
2385 4739 2560 4796 deitas
2582 4780 2598 4804 ,
2633 4755 2737 4794 una
2764 4747 2952 4794 natura
2975 4781 2992 4807 ,
3022 4727 3126 4794 una
3148 4739 3261 4806 vis,
3293 4745 3348 4792 et
3374 4735 3612 4807 potentia
3635 4779 3653 4804 ,
3686 4737 3889 4792 volun—

2262 4844 2344 4888 tas
2372 4848 2479 4888 una
2507 4851 2520 4887 :
2557 4842 2666 4889 tres
2695 4847 2945 4903 personae
2968 4874 2981 4898 ,
3012 4843 3066 4888 et
3097 4843 3207 4888 tres
3232 4831 3583 4903 bypostases,
3618 4846 3889 4902 unaquae-

2259 4941 2363 4998 que
2389 4941 2510 4982 cum
2541 4942 2635 4982 sua
2671 4927 3018 4998 proprietate.
3052 4926 3184 4983 Nam
3235 4927 3535 4996 proprietas
3565 4925 3740 4981 Patris
3788 4937 3880 4982 est

2259 5020 2701 5077 innascibilitas:
2749 5022 3047 5092 proprietas
3093 5019 3246 5086 Filii,
3296 5020 3595 5076 nativitas:
3641 5029 3696 5076 et
3744 5036 3884 5089 pro-

2261 5115 2461 5186 prietas
2489 5115 2756 5186 Spiritus,
2796 5114 3091 5185 processio.
3141 5113 3286 5168 Deus
3310 5124 3395 5168 est
3423 5113 3585 5168 Pater
3608 5155 3622 5176 ,
3654 5112 3745 5183 qui
3780 5127 3881 5168 ea-

2261 5219 2346 5266 ret
2374 5209 2566 5265 initio:
2600 5210 2745 5265 Deus
2775 5218 2858 5264 est
2890 5209 3089 5275 Filius,
3123 5208 3212 5279 qui
3241 5207 3470 5278 perinde
3516 5207 3727 5262 initium
3766 5222 3884 5261 non

2261 5302 2484 5370 habuit,
2515 5301 2815 5373 quamlibet
2843 5302 2915 5357 sit
2958 5317 3022 5358 ex
3051 5303 3207 5356 Patre
3242 5320 3257 5357 :
3290 5301 3434 5355 Deus
3466 5299 3697 5369 Spiritus
3722 5298 3881 5355 San-

2257 5407 2407 5459 ctus,
2441 5397 2721 5467 utriusque
2748 5406 3084 5459 co:eternus,
3136 5396 3404 5466 simulque
3455 5394 3596 5449 initii
3627 5409 3840 5462 expers
3868 5415 3880 5447 :

2259 5503 2328 5546 ex
2356 5489 2513 5544 Patre
2555 5489 2808 5559 prodiens
2831 5532 2846 5557 ,
2881 5504 2986 5544 non
3019 5488 3139 5543 Filii
3188 5503 3369 5554 more,
3402 5499 3454 5540 ut
3498 5488 3710 5557 genitus
3757 5489 3834 5542 sit
3865 5530 3880 5553 ,

2243 5573 2336 5638 'uti
2365 5581 2533 5637 Filius
2554 5625 2569 5648 ,
2613 5582 2708 5638 sed
2752 5582 3117 5652 processione.
3153 5580 3332 5638 Unum
3365 5582 3466 5636 tria
3498 5590 3583 5636 est
3618 5580 3837 5637 deitate
3861 5627 3876 5646 ,

2259 5673 2422 5746 inque
2450 5675 2619 5732 tribus
2644 5675 3050 5746 hypostasibus.
3085 5693 3105 5727 ›
