  <div class='ocr_page' id='page_1' title='image "/cluster/home/n/w/nwhite01/storage/ocr_20150623/10/hvd.32044015471279/438.png"; bbox 0 0 4066 6424; ppageno 0'>
   <div class='ocr_carea' id='block_1_1' title="bbox 171 303 275 358">
    <p class='ocr_par' dir='ltr' id='par_1_1' title="bbox 171 303 275 358">
     <span class='ocr_line' id='line_1_1' title="bbox 171 303 275 358; baseline -0.01 0"><span class='ocrx_word' id='word_1_1' title='bbox 171 303 275 358; x_wconf 70' lang='grc' dir='ltr'><strong>8ῧὸ</strong></span> 
     </span>
    </p>
   </div>
   <div class='ocr_carea' id='block_1_2' title="bbox 853 289 2787 363">
    <p class='ocr_par' dir='ltr' id='par_1_2' title="bbox 853 289 2787 363">
     <span class='ocr_line' id='line_1_2' title="bbox 853 289 2787 363; baseline -0.007 -6"><span class='ocrx_word' id='word_1_2' title='bbox 853 299 921 357; x_wconf 83' lang='grc' dir='ltr'><strong>ΙΝ</strong></span> <span class='ocrx_word' id='word_1_3' title='bbox 960 297 1222 356; x_wconf 80' lang='lat' dir='ltr'><strong>lllLARll</strong></span> <span class='ocrx_word' id='word_1_4' title='bbox 1263 295 1479 355; x_wconf 82' lang='lat' dir='ltr'><strong>Ei’lST.</strong></span> <span class='ocrx_word' id='word_1_5' title='bbox 1523 291 1916 363; x_wconf 82' lang='lat' dir='ltr'><strong>SEU_LIBEL.</strong></span> <span class='ocrx_word' id='word_1_6' title='bbox 1963 291 2413 350; x_wconf 80' lang='lat' dir='ltr'><strong>DISSERTATIO</strong></span> <span class='ocrx_word' id='word_1_7' title='bbox 2450 289 2787 350; x_wconf 77' lang='lat' dir='ltr'><strong>SECUNDA.</strong></span> 
     </span>
    </p>
   </div>
   <div class='ocr_carea' id='block_1_3' title="bbox 3368 285 3477 344">
    <p class='ocr_par' dir='ltr' id='par_1_3' title="bbox 3368 285 3477 344">
     <span class='ocr_line' id='line_1_3' title="bbox 3368 285 3477 344; baseline 0 -1"><span class='ocrx_word' id='word_1_8' title='bbox 3368 285 3477 344; x_wconf 86' lang='lat'><strong>866</strong></span> 
     </span>
    </p>
   </div>
   <div class='ocr_carea' id='block_1_4' title="bbox 242 405 3476 488">
    <p class='ocr_par' dir='ltr' id='par_1_4' title="bbox 242 405 3476 488">
     <span class='ocr_line' id='line_1_4' title="bbox 242 405 3476 488; baseline -0.004 -16"><span class='ocrx_word' id='word_1_9' title='bbox 242 419 333 472; x_wconf 66' lang='grc' dir='ltr'><strong>«Η.</strong></span> <span class='ocrx_word' id='word_1_10' title='bbox 376 417 515 472; x_wconf 75' lang='lat' dir='ltr'><strong>Alia:</strong></span> <span class='ocrx_word' id='word_1_11' title='bbox 543 414 961 488; x_wconf 76' lang='lat' dir='ltr'><strong>explicationes,</strong></span> <span class='ocrx_word' id='word_1_12' title='bbox 992 431 1126 487; x_wconf 85' lang='lat' dir='ltr'><strong>quas</strong></span> <span class='ocrx_word' id='word_1_13' title='bbox 1154 416 1398 487; x_wconf 65' lang='lat' dir='ltr'><strong>praebent</strong></span> <span class='ocrx_word' id='word_1_14' title='bbox 1426 421 1616 470; x_wconf 93' lang='lat' dir='ltr'><strong>auctor</strong></span> <span class='ocrx_word' id='word_1_15' title='bbox 1647 413 1771 469; x_wconf 82' lang='lat' dir='ltr'><strong>libri</strong></span> <span class='ocrx_word' id='word_1_16' title='bbox 1802 418 1853 476; x_wconf 75' lang='grc' dir='ltr'><strong>Α</strong></span> <span class='ocrx_word' id='word_1_17' title='bbox 1884 430 1905 465; x_wconf 79' lang='lat' dir='ltr'><strong>t</strong></span> <span class='ocrx_word' id='word_1_18' title='bbox 1933 411 2050 467; x_wconf 85' lang='lat' dir='ltr'><strong>Non</strong></span> <span class='ocrx_word' id='word_1_19' title='bbox 2084 422 2167 467; x_wconf 90' lang='lat' dir='ltr'><strong>est</strong></span> <span class='ocrx_word' id='word_1_20' title='bbox 2208 427 2339 483; x_wconf 84' lang='lat' dir='ltr'><strong>ergo</strong></span> <span class='ocrx_word' id='word_1_21' title='bbox 2365 411 2434 466; x_wconf 90' lang='lat' dir='ltr'><strong>ad</strong></span> <span class='ocrx_word' id='word_1_22' title='bbox 2477 411 2766 480; x_wconf 69' lang='lat' dir='ltr'><strong>imaginem</strong></span> <span class='ocrx_word' id='word_1_23' title='bbox 2801 405 2917 472; x_wconf 85' lang='lat' dir='ltr'><strong>Dei,</strong></span> <span class='ocrx_word' id='word_1_24' title='bbox 2950 406 3001 462; x_wconf 90' lang='lat' dir='ltr'><strong>itt</strong></span> <span class='ocrx_word' id='word_1_25' title='bbox 3026 421 3130 478; x_wconf 89' lang='lat' dir='ltr'><strong>qua</strong></span> <span class='ocrx_word' id='word_1_26' title='bbox 3155 405 3295 461; x_wconf 86' lang='lat' dir='ltr'><strong>Deus</strong></span> <span class='ocrx_word' id='word_1_27' title='bbox 3326 419 3476 460; x_wconf 90' lang='lat' dir='ltr'><strong>sem-</strong></span> 
     </span>
    </p>
   </div>
   <div class='ocr_carea' id='block_1_5' title="bbox 174 506 1776 579">
    <p class='ocr_par' dir='ltr' id='par_1_5' title="bbox 174 506 1776 579">
     <span class='ocr_line' id='line_1_5' title="bbox 174 506 1776 579; baseline -0.001 -17"><span class='ocrx_word' id='word_1_28' title='bbox 174 509 236 564; x_wconf 84' lang='lat' dir='ltr'><strong>de</strong></span> <span class='ocrx_word' id='word_1_29' title='bbox 267 509 470 579; x_wconf 81' lang='lat' dir='ltr'><strong>Spiritu</strong></span> <span class='ocrx_word' id='word_1_30' title='bbox 493 517 540 564; x_wconf 85' lang='lat' dir='ltr'><strong>et</strong></span> <span class='ocrx_word' id='word_1_31' title='bbox 569 508 778 574; x_wconf 80' lang='lat' dir='ltr'><strong>Anima,</strong></span> <span class='ocrx_word' id='word_1_32' title='bbox 806 517 995 564; x_wconf 90' lang='lat' dir='ltr'><strong>auctor</strong></span> <span class='ocrx_word' id='word_1_33' title='bbox 1016 523 1230 578; x_wconf 83' lang='lat' dir='ltr'><strong>quoque</strong></span> <span class='ocrx_word' id='word_1_34' title='bbox 1248 507 1416 563; x_wconf 84' lang='lat' dir='ltr'><strong>libelli</strong></span> <span class='ocrx_word' id='word_1_35' title='bbox 1434 507 1498 561; x_wconf 80' lang='lat' dir='ltr'><strong>de</strong></span> <span class='ocrx_word' id='word_1_36' title='bbox 1517 506 1776 577; x_wconf 83' lang='lat' dir='ltr'><strong>Dignitate</strong></span> 
     </span>
    </p>
   </div>
   <div class='ocr_carea' id='block_1_6' title="bbox 174 597 1774 672">
    <p class='ocr_par' dir='ltr' id='par_1_6' title="bbox 174 597 1774 672">
     <span class='ocr_line' id='line_1_6' title="bbox 174 597 1774 672; baseline -0.003 -16"><span class='ocrx_word' id='word_1_37' title='bbox 174 601 481 658; x_wconf 81' lang='lat' dir='ltr'><strong>conditionis</strong></span> <span class='ocrx_word' id='word_1_38' title='bbox 507 600 768 666; x_wconf 68' lang='lat' dir='ltr'><strong>humanae,</strong></span> <span class='ocrx_word' id='word_1_39' title='bbox 789 600 1144 672; x_wconf 70' lang='lat' dir='ltr'><strong>Augustinus,</strong></span> <span class='ocrx_word' id='word_1_40' title='bbox 1177 614 1241 656; x_wconf 92' lang='lat' dir='ltr'><strong>ac</strong></span> <span class='ocrx_word' id='word_1_41' title='bbox 1268 597 1660 664; x_wconf 86' lang='lat' dir='ltr'><strong>&#39;l‘heodoretus,</strong></span> <span class='ocrx_word' id='word_1_42' title='bbox 1695 612 1774 652; x_wconf 67' lang='lat' dir='ltr'><strong>eas</strong></span> 
     </span>
    </p>
   </div>
   <div class='ocr_carea' id='block_1_7' title="bbox 175 687 1778 762">
    <p class='ocr_par' dir='ltr' id='par_1_7' title="bbox 175 687 1778 762">
     <span class='ocr_line' id='line_1_7' title="bbox 175 687 1778 762; baseline -0.004 -13"><span class='ocrx_word' id='word_1_43' title='bbox 175 693 351 750; x_wconf 87' lang='lat' dir='ltr'><strong>minus</strong></span> <span class='ocrx_word' id='word_1_44' title='bbox 365 693 488 748; x_wconf 73' lang='lat' dir='ltr'><strong>latae</strong></span> <span class='ocrx_word' id='word_1_45' title='bbox 504 693 774 759; x_wconf 89' lang='lat' dir='ltr'><strong>videntur,</strong></span> <span class='ocrx_word' id='word_1_46' title='bbox 795 700 846 747; x_wconf 92' lang='lat' dir='ltr'><strong>et</strong></span> <span class='ocrx_word' id='word_1_47' title='bbox 863 691 1036 762; x_wconf 77' lang='lat' dir='ltr'><strong>excipi</strong></span> <span class='ocrx_word' id='word_1_48' title='bbox 1053 689 1342 746; x_wconf 89' lang='lat' dir='ltr'><strong>commode</strong></span> <span class='ocrx_word' id='word_1_49' title='bbox 1359 699 1603 761; x_wconf 87' lang='lat' dir='ltr'><strong>possunt,</strong></span> <span class='ocrx_word' id='word_1_50' title='bbox 1620 687 1778 743; x_wconf 89' lang='lat' dir='ltr'><strong>dum-</strong></span> 
     </span>
    </p>
   </div>
   <div class='ocr_carea' id='block_1_8' title="bbox 178 781 1776 857">
    <p class='ocr_par' dir='ltr' id='par_1_8' title="bbox 178 781 1776 857">
     <span class='ocr_line' id='line_1_8' title="bbox 178 781 1776 857; baseline -0.004 -17"><span class='ocrx_word' id='word_1_51' title='bbox 178 785 336 842; x_wconf 91' lang='lat' dir='ltr'><strong>modo</strong></span> <span class='ocrx_word' id='word_1_52' title='bbox 350 785 527 857; x_wconf 91' lang='lat' dir='ltr'><strong>primo</strong></span> <span class='ocrx_word' id='word_1_53' title='bbox 542 786 611 840; x_wconf 90' lang='lat' dir='ltr'><strong>ad</strong></span> <span class='ocrx_word' id='word_1_54' title='bbox 635 785 908 840; x_wconf 86' lang='lat' dir='ltr'><strong>hominem</strong></span> <span class='ocrx_word' id='word_1_55' title='bbox 925 784 1150 840; x_wconf 91' lang='lat' dir='ltr'><strong>minime</strong></span> <span class='ocrx_word' id='word_1_56' title='bbox 1171 794 1439 851; x_wconf 91' lang='lat' dir='ltr'><strong>coarctes,</strong></span> <span class='ocrx_word' id='word_1_57' title='bbox 1459 782 1554 838; x_wconf 90' lang='lat' dir='ltr'><strong>sed</strong></span> <span class='ocrx_word' id='word_1_58' title='bbox 1571 781 1776 853; x_wconf 83' lang='lat' dir='ltr'><strong>Angelo</strong></span> 
     </span>
    </p>
   </div>
   <div class='ocr_carea' id='block_1_9' title="bbox 175 875 1777 949">
    <p class='ocr_par' dir='ltr' id='par_1_9' title="bbox 175 875 1777 949">
     <span class='ocr_line' id='line_1_9' title="bbox 175 875 1777 949; baseline -0.002 -15"><span class='ocrx_word' id='word_1_59' title='bbox 175 893 491 935; x_wconf 91' lang='lat' dir='ltr'><strong>communes</strong></span> <span class='ocrx_word' id='word_1_60' title='bbox 504 878 665 934; x_wconf 91' lang='lat' dir='ltr'><strong>facias</strong></span> <span class='ocrx_word' id='word_1_61' title='bbox 682 896 696 934; x_wconf 90' lang='lat'><strong>:</strong></span> <span class='ocrx_word' id='word_1_62' title='bbox 711 877 948 934; x_wconf 90' lang='lat' dir='ltr'><strong>secundo</strong></span> <span class='ocrx_word' id='word_1_63' title='bbox 963 877 1179 934; x_wconf 79' lang='lat' dir='ltr'><strong>fatearis</strong></span> <span class='ocrx_word' id='word_1_64' title='bbox 1198 878 1604 949; x_wconf 79' lang='lat' dir='ltr'><strong>pt-ocessionum</strong></span> <span class='ocrx_word' id='word_1_65' title='bbox 1628 875 1777 932; x_wconf 87' lang='lat' dir='ltr'><strong>ordi—</strong></span> 
     </span>
    </p>
   </div>
   <div class='ocr_carea' id='block_1_10' title="bbox 178 973 1776 1044">
    <p class='ocr_par' dir='ltr' id='par_1_10' title="bbox 178 973 1776 1044">
     <span class='ocr_line' id='line_1_10' title="bbox 178 973 1776 1044; baseline -0.001 -14"><span class='ocrx_word' id='word_1_66' title='bbox 178 990 298 1031; x_wconf 87' lang='lat' dir='ltr'><strong>nem</strong></span> <span class='ocrx_word' id='word_1_67' title='bbox 325 973 584 1031; x_wconf 90' lang='lat' dir='ltr'><strong>minutius</strong></span> <span class='ocrx_word' id='word_1_68' title='bbox 624 985 899 1030; x_wconf 88' lang='lat' dir='ltr'><strong>servatum</strong></span> <span class='ocrx_word' id='word_1_69' title='bbox 935 973 1157 1030; x_wconf 87' lang='lat' dir='ltr'><strong>minime</strong></span> <span class='ocrx_word' id='word_1_70' title='bbox 1197 975 1368 1031; x_wconf 84' lang='lat' dir='ltr'><strong>fuisse</strong></span> <span class='ocrx_word' id='word_1_71' title='bbox 1418 974 1714 1044; x_wconf 81' lang='lat' dir='ltr'><strong>aliquando</strong></span> <span class='ocrx_word' id='word_1_72' title='bbox 1744 988 1776 1028; x_wconf 90' lang='lat' dir='ltr'><strong>a</strong></span> 
     </span>
    </p>
   </div>
   <div class='ocr_carea' id='block_1_11' title="bbox 180 1066 1772 1140">
    <p class='ocr_par' dir='ltr' id='par_1_11' title="bbox 180 1066 1772 1140">
     <span class='ocr_line' id='line_1_11' title="bbox 180 1066 1772 1140; baseline -0.001 -16"><span class='ocrx_word' id='word_1_73' title='bbox 180 1067 611 1140; x_wconf 65' lang='lat' dir='ltr'><strong>praeclarissimis</strong></span> <span class='ocrx_word' id='word_1_74' title='bbox 660 1069 744 1123; x_wconf 91' lang='lat' dir='ltr'><strong>his</strong></span> <span class='ocrx_word' id='word_1_75' title='bbox 788 1067 1127 1125; x_wconf 88' lang='lat' dir='ltr'><strong>doctoribus.</strong></span> <span class='ocrx_word' id='word_1_76' title='bbox 1173 1067 1380 1135; x_wconf 87' lang='lat' dir='ltr'><strong>Tertio,</strong></span> <span class='ocrx_word' id='word_1_77' title='bbox 1437 1083 1501 1124; x_wconf 81' lang='lat' dir='ltr'><strong>ex</strong></span> <span class='ocrx_word' id='word_1_78' title='bbox 1537 1066 1772 1132; x_wconf 88' lang='lat' dir='ltr'><strong>duabus,</strong></span> 
     </span>
    </p>
   </div>
   <div class='ocr_carea' id='block_1_12' title="bbox 178 1160 1779 1235">
    <p class='ocr_par' dir='ltr' id='par_1_12' title="bbox 178 1160 1779 1235">
     <span class='ocr_line' id='line_1_12' title="bbox 178 1160 1779 1235; baseline -0.001 -19"><span class='ocrx_word' id='word_1_79' title='bbox 178 1177 311 1232; x_wconf 90' lang='lat' dir='ltr'><strong>quas</strong></span> <span class='ocrx_word' id='word_1_80' title='bbox 339 1162 727 1232; x_wconf 79' lang='lat' dir='ltr'><strong>explicavimus</strong></span> <span class='ocrx_word' id='word_1_81' title='bbox 758 1177 827 1216; x_wconf 80' lang='lat' dir='ltr'><strong>ex</strong></span> <span class='ocrx_word' id='word_1_82' title='bbox 860 1162 1181 1235; x_wconf 73' lang='lat' dir='ltr'><strong>Augustino,</strong></span> <span class='ocrx_word' id='word_1_83' title='bbox 1211 1171 1269 1218; x_wconf 91' lang='lat' dir='ltr'><strong>et</strong></span> <span class='ocrx_word' id='word_1_84' title='bbox 1297 1160 1662 1226; x_wconf 80' lang='lat' dir='ltr'><strong>Theodoreto,</strong></span> <span class='ocrx_word' id='word_1_85' title='bbox 1705 1163 1779 1215; x_wconf 85' lang='lat' dir='ltr'><strong>si-</strong></span> 
     </span>
    </p>
   </div>
   <div class='ocr_carea' id='block_1_13' title="bbox 182 1252 1774 1323">
    <p class='ocr_par' dir='ltr' id='par_1_13' title="bbox 182 1252 1774 1323">
     <span class='ocr_line' id='line_1_13' title="bbox 182 1252 1774 1323; baseline -0.001 -15"><span class='ocrx_word' id='word_1_86' title='bbox 182 1253 595 1318; x_wconf 88' lang='lat' dir='ltr'><strong>militudinibus,</strong></span> <span class='ocrx_word' id='word_1_87' title='bbox 629 1253 810 1309; x_wconf 91' lang='lat' dir='ltr'><strong>minus</strong></span> <span class='ocrx_word' id='word_1_88' title='bbox 836 1252 998 1308; x_wconf 89' lang='lat' dir='ltr'><strong>latam</strong></span> <span class='ocrx_word' id='word_1_89' title='bbox 1025 1267 1146 1309; x_wconf 88' lang='lat' dir='ltr'><strong>esse</strong></span> <span class='ocrx_word' id='word_1_90' title='bbox 1167 1269 1310 1318; x_wconf 88' lang='lat' dir='ltr'><strong>eam,</strong></span> <span class='ocrx_word' id='word_1_91' title='bbox 1341 1269 1462 1323; x_wconf 71' lang='lat' dir='ltr'><strong>qua:</strong></span> <span class='ocrx_word' id='word_1_92' title='bbox 1492 1255 1543 1307; x_wconf 91' lang='lat' dir='ltr'><strong>itt</strong></span> <span class='ocrx_word' id='word_1_93' title='bbox 1573 1261 1774 1317; x_wconf 84' lang='lat' dir='ltr'><strong>mente,</strong></span> 
     </span>
    </p>
   </div>
   <div class='ocr_carea' id='block_1_14' title="bbox 181 1346 1778 1418">
    <p class='ocr_par' dir='ltr' id='par_1_14' title="bbox 181 1346 1778 1418">
     <span class='ocr_line' id='line_1_14' title="bbox 181 1346 1778 1418; baseline -0.001 -17"><span class='ocrx_word' id='word_1_94' title='bbox 181 1346 391 1414; x_wconf 84' lang='lat' dir='ltr'><strong>notitia,</strong></span> <span class='ocrx_word' id='word_1_95' title='bbox 425 1357 478 1403; x_wconf 90' lang='lat' dir='ltr'><strong>et</strong></span> <span class='ocrx_word' id='word_1_96' title='bbox 505 1362 713 1413; x_wconf 86' lang='lat' dir='ltr'><strong>amore,</strong></span> <span class='ocrx_word' id='word_1_97' title='bbox 754 1363 917 1418; x_wconf 89' lang='lat' dir='ltr'><strong>quam</strong></span> <span class='ocrx_word' id='word_1_98' title='bbox 939 1363 1060 1418; x_wconf 75' lang='lat' dir='ltr'><strong>qua:</strong></span> <span class='ocrx_word' id='word_1_99' title='bbox 1088 1347 1142 1401; x_wconf 92' lang='lat' dir='ltr'><strong>in</strong></span> <span class='ocrx_word' id='word_1_100' title='bbox 1180 1346 1559 1416; x_wconf 76' lang='lat' dir='ltr'><strong>intelligentia,</strong></span> <span class='ocrx_word' id='word_1_101' title='bbox 1583 1347 1778 1400; x_wconf 77' lang='lat' dir='ltr'><strong>Volun-</strong></span> 
     </span>
    </p>
   </div>
   <div class='ocr_carea' id='block_1_15' title="bbox 180 1439 1783 1505">
    <p class='ocr_par' dir='ltr' id='par_1_15' title="bbox 180 1439 1783 1505">
     <span class='ocr_line' id='line_1_15' title="bbox 180 1439 1783 1505; baseline -0.001 -9"><span class='ocrx_word' id='word_1_102' title='bbox 180 1450 311 1505; x_wconf 86' lang='lat' dir='ltr'><strong>tate,</strong></span> <span class='ocrx_word' id='word_1_103' title='bbox 343 1452 399 1497; x_wconf 89' lang='lat' dir='ltr'><strong>et</strong></span> <span class='ocrx_word' id='word_1_104' title='bbox 428 1456 613 1496; x_wconf 89' lang='lat' dir='ltr'><strong>amore</strong></span> <span class='ocrx_word' id='word_1_105' title='bbox 651 1441 968 1505; x_wconf 88' lang='lat' dir='ltr'><strong>collocatur,</strong></span> <span class='ocrx_word' id='word_1_106' title='bbox 994 1440 1160 1496; x_wconf 87' lang='lat' dir='ltr'><strong>autin</strong></span> <span class='ocrx_word' id='word_1_107' title='bbox 1185 1440 1336 1495; x_wconf 84' lang='lat' dir='ltr'><strong>afﬁni</strong></span> <span class='ocrx_word' id='word_1_108' title='bbox 1381 1440 1508 1494; x_wconf 89' lang='lat' dir='ltr'><strong>alio.</strong></span> <span class='ocrx_word' id='word_1_109' title='bbox 1548 1439 1610 1495; x_wconf 86' lang='lat' dir='ltr'><strong>Et</strong></span> <span class='ocrx_word' id='word_1_110' title='bbox 1649 1453 1783 1495; x_wconf 87' lang='lat' dir='ltr'><strong>sane</strong></span> 
     </span>
    </p>
   </div>
   <div class='ocr_carea' id='block_1_16' title="bbox 186 1531 1775 1604">
    <p class='ocr_par' dir='ltr' id='par_1_16' title="bbox 186 1531 1775 1604">
     <span class='ocr_line' id='line_1_16' title="bbox 186 1531 1775 1604; baseline -0.001 -16"><span class='ocrx_word' id='word_1_111' title='bbox 186 1532 562 1589; x_wconf 84' lang='lat' dir='ltr'><strong>Theodoretus</strong></span> <span class='ocrx_word' id='word_1_112' title='bbox 598 1533 714 1604; x_wconf 89' lang='lat' dir='ltr'><strong>ipse</strong></span> <span class='ocrx_word' id='word_1_113' title='bbox 737 1534 805 1589; x_wconf 88' lang='lat' dir='ltr'><strong>de</strong></span> <span class='ocrx_word' id='word_1_114' title='bbox 843 1533 954 1598; x_wconf 88' lang='lat' dir='ltr'><strong>illa,</strong></span> <span class='ocrx_word' id='word_1_115' title='bbox 990 1549 1148 1603; x_wconf 91' lang='lat' dir='ltr'><strong>quam</strong></span> <span class='ocrx_word' id='word_1_116' title='bbox 1180 1547 1327 1587; x_wconf 91' lang='lat' dir='ltr'><strong>num.</strong></span> <span class='ocrx_word' id='word_1_117' title='bbox 1359 1532 1428 1587; x_wconf 85' lang='lat'><strong>&#39;58</strong></span> <span class='ocrx_word' id='word_1_118' title='bbox 1470 1531 1775 1596; x_wconf 87' lang='lat' dir='ltr'><strong>attulimus,</strong></span> 
     </span>
    </p>
   </div>
   <div class='ocr_carea' id='block_1_17' title="bbox 181 1624 1779 1696">
    <p class='ocr_par' dir='ltr' id='par_1_17' title="bbox 181 1624 1779 1696">
     <span class='ocr_line' id='line_1_17' title="bbox 181 1624 1779 1696; baseline -0.002 -15"><span class='ocrx_word' id='word_1_119' title='bbox 181 1626 438 1695; x_wconf 77' lang='lat' dir='ltr'><strong>Opinione</strong></span> <span class='ocrx_word' id='word_1_120' title='bbox 461 1625 722 1696; x_wconf 82' lang='lat' dir='ltr'><strong>judicium</strong></span> <span class='ocrx_word' id='word_1_121' title='bbox 752 1625 854 1680; x_wconf 90' lang='lat' dir='ltr'><strong>hnc</strong></span> <span class='ocrx_word' id='word_1_122' title='bbox 881 1626 1122 1696; x_wconf 66' lang='lat' dir='ltr'><strong>profert:</strong></span> <span class='ocrx_word' id='word_1_123' title='bbox 1155 1644 1173 1677; x_wconf 77' lang='grc' dir='ltr'><strong>ι</strong></span> <span class='ocrx_word' id='word_1_124' title='bbox 1209 1624 1318 1682; x_wconf 81' lang='lat' dir='ltr'><strong>Sed</strong></span> <span class='ocrx_word' id='word_1_125' title='bbox 1351 1625 1657 1696; x_wconf 82' lang='lat' dir='ltr'><strong>hujusmodi</strong></span> <span class='ocrx_word' id='word_1_126' title='bbox 1682 1624 1779 1678; x_wconf 87' lang='lat' dir='ltr'><strong>ad-</strong></span> 
     </span>
    </p>
   </div>
   <div class='ocr_carea' id='block_1_18' title="bbox 179 1719 1786 1790">
    <p class='ocr_par' dir='ltr' id='par_1_18' title="bbox 179 1719 1786 1790">
     <span class='ocr_line' id='line_1_18' title="bbox 179 1719 1786 1790; baseline -0.002 -14"><span class='ocrx_word' id='word_1_127' title='bbox 179 1729 305 1776; x_wconf 92' lang='lat' dir='ltr'><strong>sunt</strong></span> <span class='ocrx_word' id='word_1_128' title='bbox 327 1719 530 1775; x_wconf 84' lang='lat' dir='ltr'><strong>homini</strong></span> <span class='ocrx_word' id='word_1_129' title='bbox 554 1734 805 1790; x_wconf 83' lang='lat' dir='ltr'><strong>tanquam</strong></span> <span class='ocrx_word' id='word_1_130' title='bbox 832 1720 1046 1790; x_wconf 79' lang='lat' dir='ltr'><strong>imagini</strong></span> <span class='ocrx_word' id='word_1_131' title='bbox 1071 1737 1083 1774; x_wconf 92' lang='lat'>:</span> <span class='ocrx_word' id='word_1_132' title='bbox 1114 1735 1273 1790; x_wconf 89' lang='lat' dir='ltr'><strong>quam</strong></span> <span class='ocrx_word' id='word_1_133' title='bbox 1301 1719 1372 1774; x_wconf 92' lang='lat' dir='ltr'><strong>ob</strong></span> <span class='ocrx_word' id='word_1_134' title='bbox 1399 1735 1512 1774; x_wconf 88' lang='lat' dir='ltr'><strong>rem</strong></span> <span class='ocrx_word' id='word_1_135' title='bbox 1541 1733 1644 1774; x_wconf 88' lang='lat' dir='ltr'><strong>nec</strong></span> <span class='ocrx_word' id='word_1_136' title='bbox 1669 1733 1786 1774; x_wconf 84' lang='lat' dir='ltr'><strong>ser-</strong></span> 
     </span>
    </p>
   </div>
   <div class='ocr_carea' id='block_1_19' title="bbox 1878 498 3477 576">
    <p class='ocr_par' dir='ltr' id='par_1_19' title="bbox 1878 498 3477 576">
     <span class='ocr_line' id='line_1_19' title="bbox 1878 498 3477 576; baseline -0.005 -14"><span class='ocrx_word' id='word_1_137' title='bbox 1878 521 1974 576; x_wconf 87' lang='lat' dir='ltr'><strong>per</strong></span> <span class='ocrx_word' id='word_1_138' title='bbox 1996 506 2125 562; x_wconf 88' lang='lat' dir='ltr'><strong>est?</strong></span> <span class='ocrx_word' id='word_1_139' title='bbox 2155 506 2248 561; x_wconf 91' lang='lat' dir='ltr'><strong>sed</strong></span> <span class='ocrx_word' id='word_1_140' title='bbox 2283 505 2430 571; x_wconf 91' lang='lat' dir='ltr'><strong>audi,</strong></span> <span class='ocrx_word' id='word_1_141' title='bbox 2464 505 2588 576; x_wconf 86' lang='lat' dir='ltr'><strong>quia</strong></span> <span class='ocrx_word' id='word_1_142' title='bbox 2631 504 2698 558; x_wconf 91' lang='lat' dir='ltr'><strong>ad</strong></span> <span class='ocrx_word' id='word_1_143' title='bbox 2731 503 3018 573; x_wconf 89' lang='lat' dir='ltr'><strong>imaginem</strong></span> <span class='ocrx_word' id='word_1_144' title='bbox 3051 511 3135 557; x_wconf 91' lang='lat' dir='ltr'><strong>est</strong></span> <span class='ocrx_word' id='word_1_145' title='bbox 3180 500 3274 555; x_wconf 85' lang='lat' dir='ltr'><strong>Dei</strong></span> <span class='ocrx_word' id='word_1_146' title='bbox 3302 517 3314 552; x_wconf 89' lang='lat'><strong>:</strong></span> <span class='ocrx_word' id='word_1_147' title='bbox 3345 498 3477 554; x_wconf 85' lang='lat' dir='ltr'><strong>dicit</strong></span> 
     </span>
    </p>
   </div>
   <div class='ocr_carea' id='block_1_20' title="bbox 1879 589 3476 670">
    <p class='ocr_par' dir='ltr' id='par_1_20' title="bbox 1879 589 3476 670">
     <span class='ocr_line' id='line_1_20' title="bbox 1879 589 3476 670; baseline -0.007 -14"><span class='ocrx_word' id='word_1_148' title='bbox 1879 600 2022 656; x_wconf 91' lang='lat' dir='ltr'><strong>enim</strong></span> <span class='ocrx_word' id='word_1_149' title='bbox 2073 597 2474 670; x_wconf 86' lang='lat' dir='ltr'><strong>Apostolus(ll</strong></span> <span class='ocrx_word' id='word_1_150' title='bbox 2506 595 2740 652; x_wconf 83' lang='lat' dir='ltr'><strong>Corinth.</strong></span> <span class='ocrx_word' id='word_1_151' title='bbox 2797 609 2880 662; x_wconf 83' lang='grc' dir='ltr'><strong>ιιι,</strong></span> <span class='ocrx_word' id='word_1_152' title='bbox 2931 589 3079 663; x_wconf 76' lang='grc'><strong>18);</strong></span> <span class='ocrx_word' id='word_1_153' title='bbox 3132 592 3242 648; x_wconf 84' lang='lat' dir='ltr'><strong>Nos</strong></span> <span class='ocrx_word' id='word_1_154' title='bbox 3294 592 3476 660; x_wconf 82' lang='lat' dir='ltr'><strong>itaque</strong></span> 
     </span>
    </p>
   </div>
   <div class='ocr_carea' id='block_1_21' title="bbox 1877 681 3476 760">
    <p class='ocr_par' dir='ltr' id='par_1_21' title="bbox 1877 681 3476 760">
     <span class='ocr_line' id='line_1_21' title="bbox 1877 681 3476 760; baseline -0.006 -12"><span class='ocrx_word' id='word_1_155' title='bbox 1877 707 2067 748; x_wconf 89' lang='lat' dir='ltr'><strong>omnes</strong></span> <span class='ocrx_word' id='word_1_156' title='bbox 2118 691 2353 748; x_wconf 88' lang='lat' dir='ltr'><strong>revelata</strong></span> <span class='ocrx_word' id='word_1_157' title='bbox 2405 688 2543 747; x_wconf 89' lang='lat' dir='ltr'><strong>facie</strong></span> <span class='ocrx_word' id='word_1_158' title='bbox 2587 688 2813 760; x_wconf 84' lang='lat' dir='ltr'><strong>gloriam</strong></span> <span class='ocrx_word' id='word_1_159' title='bbox 2869 687 2960 742; x_wconf 91' lang='lat' dir='ltr'><strong>Dei</strong></span> <span class='ocrx_word' id='word_1_160' title='bbox 3007 685 3378 758; x_wconf 87' lang='lat' dir='ltr'><strong>speculantes,</strong></span> <span class='ocrx_word' id='word_1_161' title='bbox 3408 681 3476 739; x_wconf 90' lang='lat' dir='ltr'><strong>ad</strong></span> 
     </span>
    </p>
   </div>
   <div class='ocr_carea' id='block_1_22' title="bbox 1878 775 3472 856">
    <p class='ocr_par' dir='ltr' id='par_1_22' title="bbox 1878 775 3472 856">
     <span class='ocr_line' id='line_1_22' title="bbox 1878 775 3472 856; baseline -0.008 -14"><span class='ocrx_word' id='word_1_162' title='bbox 1878 785 2125 842; x_wconf 89' lang='lat' dir='ltr'><strong>eamdem</strong></span> <span class='ocrx_word' id='word_1_163' title='bbox 2173 783 2464 856; x_wconf 75' lang='lat' dir='ltr'><strong>imaginem</strong></span> <span class='ocrx_word' id='word_1_164' title='bbox 2499 782 2868 839; x_wconf 85' lang='lat' dir='ltr'><strong>reformamur</strong></span> <span class='ocrx_word' id='word_1_165' title='bbox 2897 777 3113 852; x_wconf 87' lang='lat' dir='ltr'><strong>aglnria</strong></span> <span class='ocrx_word' id='word_1_166' title='bbox 3143 778 3198 833; x_wconf 92' lang='lat' dir='ltr'><strong>in</strong></span> <span class='ocrx_word' id='word_1_167' title='bbox 3220 775 3472 848; x_wconf 86' lang='lat' dir='ltr'><strong>gloriam,</strong></span> 
     </span>
    </p>
   </div>
   <div class='ocr_carea' id='block_1_23' title="bbox 1878 877 3519 950">
    <p class='ocr_par' dir='ltr' id='par_1_23' title="bbox 1878 877 3519 950">
     <span class='ocr_line' id='line_1_23' title="bbox 1878 877 3519 950; baseline -0.007 -14"><span class='ocrx_word' id='word_1_168' title='bbox 1878 881 2018 936; x_wconf 83' lang='lat' dir='ltr'><strong>sicut</strong></span> <span class='ocrx_word' id='word_1_169' title='bbox 2044 897 2074 933; x_wconf 89' lang='lat' dir='ltr'><strong>a</strong></span> <span class='ocrx_word' id='word_1_170' title='bbox 2099 879 2313 936; x_wconf 90' lang='lat' dir='ltr'><strong>Domini</strong></span> <span class='ocrx_word' id='word_1_171' title='bbox 2344 877 2559 950; x_wconf 85' lang='lat' dir='ltr'><strong>Spiritu.</strong></span> <span class='ocrx_word' id='word_1_172' title='bbox 2592 899 2612 931; x_wconf 71' lang='grc' dir='ltr'><strong>ι</strong></span> <span class='ocrx_word' id='word_1_173' title='bbox 3515 927 3519 932; x_wconf 68' lang='grc'><em>,</em></span> 
     </span>
    </p>
   </div>
   <div class='ocr_carea' id='block_1_24' title="bbox 1946 965 3518 1046">
    <p class='ocr_par' dir='ltr' id='par_1_24' title="bbox 1946 965 3518 1046">
     <span class='ocr_line' id='line_1_24' title="bbox 1946 965 3518 1046; baseline -0.006 -16"><span class='ocrx_word' id='word_1_174' title='bbox 1946 972 2041 1030; x_wconf 80' lang='grc'><strong>45.</strong></span> <span class='ocrx_word' id='word_1_175' title='bbox 2084 975 2195 1046; x_wconf 80' lang='lat' dir='ltr'><strong>Ego</strong></span> <span class='ocrx_word' id='word_1_176' title='bbox 2227 989 2389 1044; x_wconf 91' lang='lat' dir='ltr'><strong>porro</strong></span> <span class='ocrx_word' id='word_1_177' title='bbox 2415 972 2641 1028; x_wconf 90' lang='lat' dir='ltr'><strong>minime</strong></span> <span class='ocrx_word' id='word_1_178' title='bbox 2657 985 2850 1028; x_wconf 85' lang='lat' dir='ltr'><strong>vereor</strong></span> <span class='ocrx_word' id='word_1_179' title='bbox 2868 969 3045 1034; x_wconf 87' lang='lat' dir='ltr'><strong>fateri,</strong></span> <span class='ocrx_word' id='word_1_180' title='bbox 3071 969 3126 1026; x_wconf 93' lang='lat' dir='ltr'><strong>in</strong></span> <span class='ocrx_word' id='word_1_181' title='bbox 3149 965 3480 1025; x_wconf 88' lang='lat' dir='ltr'><strong>beatitudine</strong></span> <span class='ocrx_word' id='word_1_182' title='bbox 3516 1028 3518 1030; x_wconf 18' lang='grc' dir='ltr'><strong><em>ν</em></strong></span> 
     </span>
    </p>
   </div>
   <div class='ocr_carea' id='block_1_25' title="bbox 1878 1050 3477 1138">
    <p class='ocr_par' dir='ltr' id='par_1_25' title="bbox 1878 1050 3477 1138">
     <span class='ocr_line' id='line_1_25' title="bbox 1878 1050 3477 1138; baseline -0.008 -15"><span class='ocrx_word' id='word_1_183' title='bbox 1878 1065 2134 1124; x_wconf 89' lang='lat' dir='ltr'><strong>collocari</strong></span> <span class='ocrx_word' id='word_1_184' title='bbox 2158 1081 2318 1138; x_wconf 88' lang='lat' dir='ltr'><strong>posse</strong></span> <span class='ocrx_word' id='word_1_185' title='bbox 2349 1064 2637 1137; x_wconf 85' lang='lat' dir='ltr'><strong>imaginem</strong></span> <span class='ocrx_word' id='word_1_186' title='bbox 2672 1065 2940 1134; x_wconf 87' lang='lat' dir='ltr'><strong>aliquam;</strong></span> <span class='ocrx_word' id='word_1_187' title='bbox 2982 1077 3144 1134; x_wconf 88' lang='lat' dir='ltr'><strong>quam</strong></span> <span class='ocrx_word' id='word_1_188' title='bbox 3191 1050 3374 1116; x_wconf 82' lang='lat' dir='ltr'><strong>tamen</strong></span> <span class='ocrx_word' id='word_1_189' title='bbox 3401 1059 3477 1114; x_wconf 82' lang='lat' dir='ltr'><strong>si-</strong></span> 
     </span>
    </p>
   </div>
   <div class='ocr_carea' id='block_1_26' title="bbox 1880 1152 3479 1232">
    <p class='ocr_par' dir='ltr' id='par_1_26' title="bbox 1880 1152 3479 1232">
     <span class='ocr_line' id='line_1_26' title="bbox 1880 1152 3479 1232; baseline -0.006 -15"><span class='ocrx_word' id='word_1_190' title='bbox 1880 1162 2242 1218; x_wconf 91' lang='lat' dir='ltr'><strong>militudinem</strong></span> <span class='ocrx_word' id='word_1_191' title='bbox 2287 1160 2500 1232; x_wconf 90' lang='lat' dir='ltr'><strong>potius,</strong></span> <span class='ocrx_word' id='word_1_192' title='bbox 2545 1174 2706 1231; x_wconf 89' lang='lat' dir='ltr'><strong>quam</strong></span> <span class='ocrx_word' id='word_1_193' title='bbox 2753 1157 3040 1228; x_wconf 87' lang='lat' dir='ltr'><strong>imaginem</strong></span> <span class='ocrx_word' id='word_1_194' title='bbox 3092 1154 3368 1224; x_wconf 86' lang='lat' dir='ltr'><strong>appellare</strong></span> <span class='ocrx_word' id='word_1_195' title='bbox 3412 1152 3479 1208; x_wconf 88' lang='lat' dir='ltr'><strong>li-</strong></span> 
     </span>
    </p>
   </div>
   <div class='ocr_carea' id='block_1_27' title="bbox 1878 1244 3482 1325">
    <p class='ocr_par' dir='ltr' id='par_1_27' title="bbox 1878 1244 3482 1325">
     <span class='ocr_line' id='line_1_27' title="bbox 1878 1244 3482 1325; baseline -0.008 -13"><span class='ocrx_word' id='word_1_196' title='bbox 1878 1258 1996 1312; x_wconf 88' lang='lat' dir='ltr'><strong>buit</strong></span> <span class='ocrx_word' id='word_1_197' title='bbox 2022 1255 2264 1325; x_wconf 89' lang='lat' dir='ltr'><strong>Origeni,</strong></span> <span class='ocrx_word' id='word_1_198' title='bbox 2297 1264 2353 1310; x_wconf 88' lang='lat' dir='ltr'><strong>et</strong></span> <span class='ocrx_word' id='word_1_199' title='bbox 2388 1251 2676 1323; x_wconf 87' lang='lat' dir='ltr'><strong>Scriptori,</strong></span> <span class='ocrx_word' id='word_1_200' title='bbox 2703 1266 2865 1322; x_wconf 85' lang='lat' dir='ltr'><strong>quem</strong></span> <span class='ocrx_word' id='word_1_201' title='bbox 2907 1250 3236 1304; x_wconf 88' lang='lat' dir='ltr'><strong>illustramus</strong></span> <span class='ocrx_word' id='word_1_202' title='bbox 3267 1244 3482 1319; x_wconf 81' lang='lat' dir='ltr'><strong>(Recole</strong></span> 
     </span>
    </p>
   </div>
   <div class='ocr_carea' id='block_1_28' title="bbox 1883 1337 3483 1421">
    <p class='ocr_par' dir='ltr' id='par_1_28' title="bbox 1883 1337 3483 1421">
     <span class='ocr_line' id='line_1_28' title="bbox 1883 1337 3483 1421; baseline -0.008 -16"><span class='ocrx_word' id='word_1_203' title='bbox 1883 1369 1937 1405; x_wconf 93' lang='lat' dir='ltr'><strong>n.</strong></span> <span class='ocrx_word' id='word_1_204' title='bbox 1975 1347 2087 1421; x_wconf 77' lang='grc'><strong>15).</strong></span> <span class='ocrx_word' id='word_1_205' title='bbox 2119 1349 2226 1406; x_wconf 88' lang='lat' dir='ltr'><strong>Sed</strong></span> <span class='ocrx_word' id='word_1_206' title='bbox 2259 1358 2456 1420; x_wconf 66' lang='lat' dir='ltr'><strong>praeter</strong></span> <span class='ocrx_word' id='word_1_207' title='bbox 2498 1363 2641 1412; x_wconf 91' lang='lat' dir='ltr'><strong>eam,</strong></span> <span class='ocrx_word' id='word_1_208' title='bbox 2672 1361 2833 1418; x_wconf 91' lang='lat' dir='ltr'><strong>quam</strong></span> <span class='ocrx_word' id='word_1_209' title='bbox 2881 1345 3004 1398; x_wconf 71' lang='lat' dir='ltr'><strong>vitm</strong></span> <span class='ocrx_word' id='word_1_210' title='bbox 3047 1343 3204 1398; x_wconf 87' lang='lat' dir='ltr'><strong>alteri</strong></span> <span class='ocrx_word' id='word_1_211' title='bbox 3246 1337 3483 1396; x_wconf 89' lang='lat' dir='ltr'><strong>servavit</strong></span> 
     </span>
    </p>
   </div>
   <div class='ocr_carea' id='block_1_29' title="bbox 1883 1433 3486 1511">
    <p class='ocr_par' dir='ltr' id='par_1_29' title="bbox 1883 1433 3486 1511">
     <span class='ocr_line' id='line_1_29' title="bbox 1883 1433 3486 1511; baseline -0.009 -11"><span class='ocrx_word' id='word_1_212' title='bbox 1883 1444 2046 1511; x_wconf 89' lang='lat' dir='ltr'><strong>Deus,</strong></span> <span class='ocrx_word' id='word_1_213' title='bbox 2079 1441 2241 1498; x_wconf 90' lang='lat' dir='ltr'><strong>aliam</strong></span> <span class='ocrx_word' id='word_1_214' title='bbox 2266 1441 2444 1497; x_wconf 90' lang='lat' dir='ltr'><strong>adhuc</strong></span> <span class='ocrx_word' id='word_1_215' title='bbox 2476 1441 2528 1495; x_wconf 93' lang='lat' dir='ltr'><strong>in</strong></span> <span class='ocrx_word' id='word_1_216' title='bbox 2561 1439 2682 1507; x_wconf 88' lang='lat' dir='ltr'><strong>hac,</strong></span> <span class='ocrx_word' id='word_1_217' title='bbox 2713 1455 2874 1510; x_wconf 90' lang='lat' dir='ltr'><strong>quam</strong></span> <span class='ocrx_word' id='word_1_218' title='bbox 2901 1438 3153 1500; x_wconf 79' lang='lat' dir='ltr'><strong>vivimus,</strong></span> <span class='ocrx_word' id='word_1_219' title='bbox 3183 1435 3318 1501; x_wconf 81' lang='lat' dir='ltr'><strong>vita,</strong></span> <span class='ocrx_word' id='word_1_220' title='bbox 3349 1433 3486 1488; x_wconf 80' lang='lat' dir='ltr'><strong>ima-</strong></span> 
     </span>
    </p>
   </div>
   <div class='ocr_carea' id='block_1_30' title="bbox 1883 1529 3486 1608">
    <p class='ocr_par' dir='ltr' id='par_1_30' title="bbox 1883 1529 3486 1608">
     <span class='ocr_line' id='line_1_30' title="bbox 1883 1529 3486 1608; baseline -0.006 -16"><span class='ocrx_word' id='word_1_221' title='bbox 1883 1539 2059 1608; x_wconf 86' lang='lat' dir='ltr'><strong>ginem</strong></span> <span class='ocrx_word' id='word_1_222' title='bbox 2087 1535 2295 1592; x_wconf 90' lang='lat' dir='ltr'><strong>homini</strong></span> <span class='ocrx_word' id='word_1_223' title='bbox 2316 1536 2635 1605; x_wconf 79' lang='lat' dir='ltr'><strong>impressam</strong></span> <span class='ocrx_word' id='word_1_224' title='bbox 2664 1533 2832 1588; x_wconf 88' lang='lat' dir='ltr'><strong>fuisse</strong></span> <span class='ocrx_word' id='word_1_225' title='bbox 2859 1550 2886 1586; x_wconf 89' lang='lat' dir='ltr'><strong>a</strong></span> <span class='ocrx_word' id='word_1_226' title='bbox 2917 1533 3050 1598; x_wconf 86' lang='lat' dir='ltr'><strong>Deo,</strong></span> <span class='ocrx_word' id='word_1_227' title='bbox 3082 1529 3324 1601; x_wconf 91' lang='lat' dir='ltr'><strong>plerique</strong></span> <span class='ocrx_word' id='word_1_228' title='bbox 3363 1544 3486 1584; x_wconf 84' lang='lat' dir='ltr'><strong>sen-</strong></span> 
     </span>
    </p>
   </div>
   <div class='ocr_carea' id='block_1_31' title="bbox 1883 1622 3482 1698">
    <p class='ocr_par' dir='ltr' id='par_1_31' title="bbox 1883 1622 3482 1698">
     <span class='ocr_line' id='line_1_31' title="bbox 1883 1622 3482 1698; baseline -0.005 -14"><span class='ocrx_word' id='word_1_229' title='bbox 1883 1631 2044 1684; x_wconf 88' lang='lat' dir='ltr'><strong>tiunt.</strong></span> <span class='ocrx_word' id='word_1_230' title='bbox 2101 1630 2462 1698; x_wconf 76' lang='lat' dir='ltr'><strong>Quamobrem</strong></span> <span class='ocrx_word' id='word_1_231' title='bbox 2496 1628 2538 1683; x_wconf 91' lang='lat' dir='ltr'><strong>si</strong></span> <span class='ocrx_word' id='word_1_232' title='bbox 2567 1627 2881 1692; x_wconf 90' lang='lat' dir='ltr'><strong>concedam,</strong></span> <span class='ocrx_word' id='word_1_233' title='bbox 2907 1627 2958 1680; x_wconf 89' lang='lat' dir='ltr'><strong>id</strong></span> <span class='ocrx_word' id='word_1_234' title='bbox 2990 1641 3096 1695; x_wconf 93' lang='lat' dir='ltr'><strong>quo</strong></span> <span class='ocrx_word' id='word_1_235' title='bbox 3125 1622 3482 1689; x_wconf 86' lang='lat' dir='ltr'><strong>contendunt,</strong></span> 
     </span>
    </p>
   </div>
   <div class='ocr_carea' id='block_1_32' title="bbox 1886 1713 3478 1794">
    <p class='ocr_par' dir='ltr' id='par_1_32' title="bbox 1886 1713 3478 1794">
     <span class='ocr_line' id='line_1_32' title="bbox 1886 1713 3478 1794; baseline -0.006 -16"><span class='ocrx_word' id='word_1_236' title='bbox 1886 1723 2154 1778; x_wconf 81' lang='lat' dir='ltr'><strong>Ambrosii</strong></span> <span class='ocrx_word' id='word_1_237' title='bbox 2189 1723 2367 1777; x_wconf 81' lang='lat' dir='ltr'><strong>verbis</strong></span> <span class='ocrx_word' id='word_1_238' title='bbox 2399 1721 2651 1794; x_wconf 83' lang='lat' dir='ltr'><strong>(tametsi</strong></span> <span class='ocrx_word' id='word_1_239' title='bbox 2701 1718 2943 1774; x_wconf 85' lang='lat' dir='ltr'><strong>nonnihil</strong></span> <span class='ocrx_word' id='word_1_240' title='bbox 2982 1718 3210 1773; x_wconf 88' lang='lat' dir='ltr'><strong>obscura</strong></span> <span class='ocrx_word' id='word_1_241' title='bbox 3241 1731 3305 1772; x_wconf 89' lang='lat' dir='ltr'><strong>ea</strong></span> <span class='ocrx_word' id='word_1_242' title='bbox 3336 1713 3478 1785; x_wconf 88' lang='lat' dir='ltr'><strong>sint)</strong></span> 
     </span>
    </p>
   </div>
   <div class='ocr_carea' id='block_1_33' title="bbox 177 1801 3482 1886">
    <p class='ocr_par' dir='ltr' id='par_1_33' title="bbox 177 1801 3482 1886">
     <span class='ocr_line' id='line_1_33' title="bbox 177 1801 3482 1886; baseline -0.002 -16"><span class='ocrx_word' id='word_1_243' title='bbox 177 1832 289 1881; x_wconf 92' lang='lat' dir='ltr'><strong>mo,</strong></span> <span class='ocrx_word' id='word_1_244' title='bbox 323 1831 424 1871; x_wconf 83' lang='lat' dir='ltr'><strong>nec</strong></span> <span class='ocrx_word' id='word_1_245' title='bbox 453 1816 676 1886; x_wconf 87' lang='lat' dir='ltr'><strong>spiritus</strong></span> <span class='ocrx_word' id='word_1_246' title='bbox 707 1829 802 1884; x_wconf 90' lang='lat' dir='ltr'><strong>per</strong></span> <span class='ocrx_word' id='word_1_247' title='bbox 835 1829 895 1870; x_wconf 90' lang='lat' dir='ltr'><strong>se</strong></span> <span class='ocrx_word' id='word_1_248' title='bbox 923 1814 1184 1869; x_wconf 86' lang='lat' dir='ltr'><strong>subsistit.</strong></span> <span class='ocrx_word' id='word_1_249' title='bbox 1231 1817 1294 1868; x_wconf 82' lang='lat' dir='ltr'><strong>At</strong></span> <span class='ocrx_word' id='word_1_250' title='bbox 1336 1813 1388 1868; x_wconf 92' lang='lat' dir='ltr'><strong>in</strong></span> <span class='ocrx_word' id='word_1_251' title='bbox 1421 1811 1773 1869; x_wconf 83' lang='lat' dir='ltr'><strong>Sanctissima</strong></span> <span class='ocrx_word' id='word_1_252' title='bbox 1808 1801 1856 1861; x_wconf 86' lang='grc' dir='ltr'><strong>Β</strong></span> <span class='ocrx_word' id='word_1_253' title='bbox 1882 1815 2198 1886; x_wconf 83' lang='lat' dir='ltr'><strong>significari,</strong></span> <span class='ocrx_word' id='word_1_254' title='bbox 2238 1830 2344 1870; x_wconf 88' lang='lat' dir='ltr'><strong>non</strong></span> <span class='ocrx_word' id='word_1_255' title='bbox 2376 1815 2635 1870; x_wconf 89' lang='lat' dir='ltr'><strong>continuo</strong></span> <span class='ocrx_word' id='word_1_256' title='bbox 2667 1813 2841 1869; x_wconf 88' lang='lat' dir='ltr'><strong>fateor</strong></span> <span class='ocrx_word' id='word_1_257' title='bbox 2869 1811 2935 1866; x_wconf 89' lang='lat' dir='ltr'><strong>ad</strong></span> <span class='ocrx_word' id='word_1_258' title='bbox 2967 1811 3153 1877; x_wconf 88' lang='lat' dir='ltr'><strong>aliam,</strong></span> <span class='ocrx_word' id='word_1_259' title='bbox 3190 1825 3314 1880; x_wconf 73' lang='lat' dir='ltr'><strong>quae</strong></span> <span class='ocrx_word' id='word_1_260' title='bbox 3336 1823 3482 1863; x_wconf 83' lang='lat' dir='ltr'><strong>mor-</strong></span> 
     </span>
    </p>
   </div>
   <div class='ocr_carea' id='block_1_34' title="bbox 176 1906 1776 1980">
    <p class='ocr_par' dir='ltr' id='par_1_34' title="bbox 176 1906 1776 1980">
     <span class='ocr_line' id='line_1_34' title="bbox 176 1906 1776 1980; baseline -0.004 -14"><span class='ocrx_word' id='word_1_261' title='bbox 176 1910 446 1966; x_wconf 86' lang='lat' dir='ltr'><strong>Trinitatc</strong></span> <span class='ocrx_word' id='word_1_262' title='bbox 488 1919 600 1965; x_wconf 90' lang='lat' dir='ltr'><strong>tres</strong></span> <span class='ocrx_word' id='word_1_263' title='bbox 628 1909 979 1979; x_wconf 81' lang='lat' dir='ltr'><strong>intelligimus</strong></span> <span class='ocrx_word' id='word_1_264' title='bbox 1019 1906 1370 1980; x_wconf 85' lang='lat' dir='ltr'><strong>bypostases,</strong></span> <span class='ocrx_word' id='word_1_265' title='bbox 1413 1921 1617 1978; x_wconf 88' lang='lat' dir='ltr'><strong>easque</strong></span> <span class='ocrx_word' id='word_1_266' title='bbox 1659 1907 1776 1961; x_wconf 88' lang='lat' dir='ltr'><strong>sine</strong></span> 
     </span>
    </p>
   </div>
   <div class='ocr_carea' id='block_1_35' title="bbox 177 2000 1778 2074">
    <p class='ocr_par' dir='ltr' id='par_1_35' title="bbox 177 2000 1778 2074">
     <span class='ocr_line' id='line_1_35' title="bbox 177 2000 1778 2074; baseline -0.002 -13"><span class='ocrx_word' id='word_1_267' title='bbox 177 2006 497 2061; x_wconf 80' lang='lat' dir='ltr'><strong>confusione</strong></span> <span class='ocrx_word' id='word_1_268' title='bbox 540 2004 738 2072; x_wconf 88' lang='lat' dir='ltr'><strong>unitas,</strong></span> <span class='ocrx_word' id='word_1_269' title='bbox 771 2013 826 2058; x_wconf 90' lang='lat' dir='ltr'><strong>et</strong></span> <span class='ocrx_word' id='word_1_270' title='bbox 854 2018 952 2074; x_wconf 92' lang='lat' dir='ltr'><strong>per</strong></span> <span class='ocrx_word' id='word_1_271' title='bbox 972 2018 1032 2059; x_wconf 91' lang='lat' dir='ltr'><strong>se</strong></span> <span class='ocrx_word' id='word_1_272' title='bbox 1063 2001 1444 2058; x_wconf 78' lang='lat' dir='ltr'><strong>subsistentes.</strong></span> <span class='ocrx_word' id='word_1_273' title='bbox 1478 2000 1610 2056; x_wconf 81' lang='lat' dir='ltr'><strong>Nam</strong></span> <span class='ocrx_word' id='word_1_274' title='bbox 1650 2012 1778 2057; x_wconf 89' lang='lat' dir='ltr'><strong>ante</strong></span> 
     </span>
    </p>
   </div>
   <div class='ocr_carea' id='block_1_36' title="bbox 177 2092 1778 2169">
    <p class='ocr_par' dir='ltr' id='par_1_36' title="bbox 177 2092 1778 2169">
     <span class='ocr_line' id='line_1_36' title="bbox 177 2092 1778 2169; baseline -0.006 -15"><span class='ocrx_word' id='word_1_275' title='bbox 177 2099 363 2156; x_wconf 86' lang='lat' dir='ltr'><strong>secula</strong></span> <span class='ocrx_word' id='word_1_276' title='bbox 403 2097 617 2169; x_wconf 90' lang='lat' dir='ltr'><strong>genitus</strong></span> <span class='ocrx_word' id='word_1_277' title='bbox 659 2106 742 2152; x_wconf 87' lang='lat' dir='ltr'><strong>cst</strong></span> <span class='ocrx_word' id='word_1_278' title='bbox 768 2111 799 2152; x_wconf 90' lang='lat' dir='ltr'><strong>a</strong></span> <span class='ocrx_word' id='word_1_279' title='bbox 829 2095 990 2152; x_wconf 88' lang='lat' dir='ltr'><strong>Patre</strong></span> <span class='ocrx_word' id='word_1_280' title='bbox 1033 2096 1172 2151; x_wconf 84' lang='lat' dir='ltr'><strong>Deus</strong></span> <span class='ocrx_word' id='word_1_281' title='bbox 1203 2092 1464 2162; x_wconf 84' lang='lat' dir='ltr'><strong>Verbum,</strong></span> <span class='ocrx_word' id='word_1_282' title='bbox 1504 2093 1778 2162; x_wconf 87' lang='lat' dir='ltr'><strong>insepara-</strong></span> 
     </span>
    </p>
   </div>
   <div class='ocr_carea' id='block_1_37' title="bbox 177 2183 1780 2260">
    <p class='ocr_par' dir='ltr' id='par_1_37' title="bbox 177 2183 1780 2260">
     <span class='ocr_line' id='line_1_37' title="bbox 177 2183 1780 2260; baseline -0.004 -14"><span class='ocrx_word' id='word_1_283' title='bbox 177 2191 300 2246; x_wconf 88' lang='lat' dir='ltr'><strong>bilis</strong></span> <span class='ocrx_word' id='word_1_284' title='bbox 326 2201 510 2246; x_wconf 68' lang='lat' dir='ltr'><strong>autvm</strong></span> <span class='ocrx_word' id='word_1_285' title='bbox 548 2197 634 2244; x_wconf 90' lang='lat' dir='ltr'><strong>est</strong></span> <span class='ocrx_word' id='word_1_286' title='bbox 659 2204 689 2245; x_wconf 88' lang='lat' dir='ltr'><strong>a</strong></span> <span class='ocrx_word' id='word_1_287' title='bbox 719 2188 963 2260; x_wconf 86' lang='lat' dir='ltr'><strong>genitore</strong></span> <span class='ocrx_word' id='word_1_288' title='bbox 994 2206 1007 2240; x_wconf 87' lang='lat'><strong>:</strong></span> <span class='ocrx_word' id='word_1_289' title='bbox 1039 2186 1110 2242; x_wconf 89' lang='lat' dir='ltr'><strong>Et</strong></span> <span class='ocrx_word' id='word_1_290' title='bbox 1140 2185 1500 2258; x_wconf 77' lang='lat' dir='ltr'><strong>proficiscitur</strong></span> <span class='ocrx_word' id='word_1_291' title='bbox 1527 2200 1556 2239; x_wconf 88' lang='lat' dir='ltr'><strong>a</strong></span> <span class='ocrx_word' id='word_1_292' title='bbox 1588 2183 1700 2240; x_wconf 88' lang='lat' dir='ltr'><strong>Deo</strong></span> <span class='ocrx_word' id='word_1_293' title='bbox 1724 2192 1780 2240; x_wconf 91' lang='lat' dir='ltr'><strong>et</strong></span> 
     </span>
    </p>
   </div>
   <div class='ocr_carea' id='block_1_38' title="bbox 177 2279 1776 2356">
    <p class='ocr_par' dir='ltr' id='par_1_38' title="bbox 177 2279 1776 2356">
     <span class='ocr_line' id='line_1_38' title="bbox 177 2279 1776 2356; baseline -0.006 -15"><span class='ocrx_word' id='word_1_294' title='bbox 177 2286 338 2341; x_wconf 85' lang='lat' dir='ltr'><strong>Patre</strong></span> <span class='ocrx_word' id='word_1_295' title='bbox 359 2284 590 2356; x_wconf 87' lang='lat' dir='ltr'><strong>Spiritus</strong></span> <span class='ocrx_word' id='word_1_296' title='bbox 622 2285 876 2349; x_wconf 88' lang='lat' dir='ltr'><strong>Sanctus,</strong></span> <span class='ocrx_word' id='word_1_297' title='bbox 908 2284 997 2353; x_wconf 92' lang='lat' dir='ltr'><strong>qui</strong></span> <span class='ocrx_word' id='word_1_298' title='bbox 1048 2290 1104 2338; x_wconf 91' lang='lat' dir='ltr'><strong>et</strong></span> <span class='ocrx_word' id='word_1_299' title='bbox 1138 2281 1455 2352; x_wconf 86' lang='lat' dir='ltr'><strong>intelligitur</strong></span> <span class='ocrx_word' id='word_1_300' title='bbox 1486 2281 1538 2335; x_wconf 92' lang='lat' dir='ltr'><strong>in</strong></span> <span class='ocrx_word' id='word_1_301' title='bbox 1563 2279 1776 2350; x_wconf 89' lang='lat' dir='ltr'><strong>propria</strong></span> 
     </span>
    </p>
   </div>
   <div class='ocr_carea' id='block_1_39' title="bbox 181 2372 1780 2451">
    <p class='ocr_par' dir='ltr' id='par_1_39' title="bbox 181 2372 1780 2451">
     <span class='ocr_line' id='line_1_39' title="bbox 181 2372 1780 2451; baseline -0.004 -18"><span class='ocrx_word' id='word_1_302' title='bbox 181 2377 487 2451; x_wconf 85' lang='lat' dir='ltr'><strong>hypostasi.</strong></span> <span class='ocrx_word' id='word_1_303' title='bbox 517 2395 535 2429; x_wconf 75' lang='grc' dir='ltr'><strong>ι</strong></span> <span class='ocrx_word' id='word_1_304' title='bbox 569 2375 642 2432; x_wconf 84' lang='lat' dir='ltr'><strong>Ea</strong></span> <span class='ocrx_word' id='word_1_305' title='bbox 670 2393 856 2445; x_wconf 70' lang='grc' dir='ltr'><strong>μοι-τυ,</strong></span> <span class='ocrx_word' id='word_1_306' title='bbox 883 2391 1043 2446; x_wconf 88' lang='lat' dir='ltr'><strong>quam</strong></span> <span class='ocrx_word' id='word_1_307' title='bbox 1082 2391 1143 2431; x_wconf 76' lang='lat' dir='ltr'><strong>ex</strong></span> <span class='ocrx_word' id='word_1_308' title='bbox 1178 2373 1512 2445; x_wconf 83' lang='lat' dir='ltr'><strong>Hieronymo</strong></span> <span class='ocrx_word' id='word_1_309' title='bbox 1555 2372 1780 2427; x_wconf 87' lang='lat' dir='ltr'><strong>Arctino</strong></span> 
     </span>
    </p>
   </div>
   <div class='ocr_carea' id='block_1_40' title="bbox 175 2465 1775 2543">
    <p class='ocr_par' dir='ltr' id='par_1_40' title="bbox 175 2465 1775 2543">
     <span class='ocr_line' id='line_1_40' title="bbox 175 2465 1775 2543; baseline -0.006 -15"><span class='ocrx_word' id='word_1_310' title='bbox 175 2471 533 2543; x_wconf 84' lang='lat' dir='ltr'><strong>subjecimus,</strong></span> <span class='ocrx_word' id='word_1_311' title='bbox 554 2470 846 2539; x_wconf 80' lang='lat' dir='ltr'><strong>explicatio</strong></span> <span class='ocrx_word' id='word_1_312' title='bbox 870 2470 974 2524; x_wconf 91' lang='lat' dir='ltr'><strong>hoc</strong></span> <span class='ocrx_word' id='word_1_313' title='bbox 997 2468 1222 2538; x_wconf 90' lang='lat' dir='ltr'><strong>insuper</strong></span> <span class='ocrx_word' id='word_1_314' title='bbox 1242 2467 1405 2524; x_wconf 87' lang='lat' dir='ltr'><strong>habet</strong></span> <span class='ocrx_word' id='word_1_315' title='bbox 1427 2465 1775 2530; x_wconf 88' lang='lat' dir='ltr'><strong>incommodi,</strong></span> 
     </span>
    </p>
   </div>
   <div class='ocr_carea' id='block_1_41' title="bbox 175 2559 1781 2635">
    <p class='ocr_par' dir='ltr' id='par_1_41' title="bbox 175 2559 1781 2635">
     <span class='ocr_line' id='line_1_41' title="bbox 175 2559 1781 2635; baseline -0.002 -17"><span class='ocrx_word' id='word_1_316' title='bbox 175 2563 322 2635; x_wconf 87' lang='lat' dir='ltr'><strong>quod</strong></span> <span class='ocrx_word' id='word_1_317' title='bbox 345 2563 474 2618; x_wconf 91' lang='lat' dir='ltr'><strong>dum</strong></span> <span class='ocrx_word' id='word_1_318' title='bbox 505 2563 820 2618; x_wconf 89' lang='lat' dir='ltr'><strong>memoriam</strong></span> <span class='ocrx_word' id='word_1_319' title='bbox 851 2561 1072 2632; x_wconf 90' lang='lat' dir='ltr'><strong>reliquis</strong></span> <span class='ocrx_word' id='word_1_320' title='bbox 1095 2560 1305 2617; x_wconf 90' lang='lat' dir='ltr'><strong>duabus</strong></span> <span class='ocrx_word' id='word_1_321' title='bbox 1333 2559 1597 2633; x_wconf 84' lang='lat' dir='ltr'><strong>potentiis</strong></span> <span class='ocrx_word' id='word_1_322' title='bbox 1625 2567 1781 2614; x_wconf 90' lang='lat' dir='ltr'><strong>ante-</strong></span> 
     </span>
    </p>
   </div>
   <div class='ocr_carea' id='block_1_42' title="bbox 177 2653 1784 2725">
    <p class='ocr_par' dir='ltr' id='par_1_42' title="bbox 177 2653 1784 2725">
     <span class='ocr_line' id='line_1_42' title="bbox 177 2653 1784 2725; baseline -0.002 -14"><span class='ocrx_word' id='word_1_323' title='bbox 177 2657 380 2712; x_wconf 86' lang='lat' dir='ltr'><strong>riorem</strong></span> <span class='ocrx_word' id='word_1_324' title='bbox 413 2656 559 2720; x_wconf 82' lang='lat' dir='ltr'><strong>facit,</strong></span> <span class='ocrx_word' id='word_1_325' title='bbox 589 2671 618 2709; x_wconf 90' lang='lat' dir='ltr'><strong>a</strong></span> <span class='ocrx_word' id='word_1_326' title='bbox 649 2655 922 2710; x_wconf 91' lang='lat' dir='ltr'><strong>communi</strong></span> <span class='ocrx_word' id='word_1_327' title='bbox 959 2654 1404 2725; x_wconf 79' lang='lat' dir='ltr'><strong>pltilOSOphorum</strong></span> <span class='ocrx_word' id='word_1_328' title='bbox 1432 2653 1698 2717; x_wconf 91' lang='lat' dir='ltr'><strong>omnium,</strong></span> <span class='ocrx_word' id='word_1_329' title='bbox 1729 2662 1784 2708; x_wconf 88' lang='lat' dir='ltr'><strong>et</strong></span> 
     </span>
    </p>
   </div>
   <div class='ocr_carea' id='block_1_43' title="bbox 178 2747 1783 2821">
    <p class='ocr_par' dir='ltr' id='par_1_43' title="bbox 178 2747 1783 2821">
     <span class='ocr_line' id='line_1_43' title="bbox 178 2747 1783 2821; baseline -0.002 -16"><span class='ocrx_word' id='word_1_330' title='bbox 178 2749 582 2821; x_wconf 86' lang='lat' dir='ltr'><strong>Theologorum</strong></span> <span class='ocrx_word' id='word_1_331' title='bbox 606 2751 957 2820; x_wconf 89' lang='lat' dir='ltr'><strong>persuasione</strong></span> <span class='ocrx_word' id='word_1_332' title='bbox 984 2749 1187 2804; x_wconf 87' lang='lat' dir='ltr'><strong>recedit</strong></span> <span class='ocrx_word' id='word_1_333' title='bbox 1214 2747 1483 2821; x_wconf 85' lang='lat' dir='ltr'><strong>(statuunt</strong></span> <span class='ocrx_word' id='word_1_334' title='bbox 1501 2748 1644 2802; x_wconf 90' lang='lat' dir='ltr'><strong>enim</strong></span> <span class='ocrx_word' id='word_1_335' title='bbox 1666 2763 1783 2802; x_wconf 54' lang='lat' dir='ltr'><strong>om.</strong></span> 
     </span>
    </p>
   </div>
   <div class='ocr_carea' id='block_1_44' title="bbox 178 2840 1783 2913">
    <p class='ocr_par' dir='ltr' id='par_1_44' title="bbox 178 2840 1783 2913">
     <span class='ocr_line' id='line_1_44' title="bbox 178 2840 1783 2913; baseline -0.002 -13"><span class='ocrx_word' id='word_1_336' title='bbox 178 2859 279 2900; x_wconf 91' lang='lat' dir='ltr'><strong>nes</strong></span> <span class='ocrx_word' id='word_1_337' title='bbox 306 2843 641 2899; x_wconf 88' lang='lat' dir='ltr'><strong>intellectum</strong></span> <span class='ocrx_word' id='word_1_338' title='bbox 665 2842 927 2899; x_wconf 86' lang='lat' dir='ltr'><strong>memoria</strong></span> <span class='ocrx_word' id='word_1_339' title='bbox 955 2843 1191 2913; x_wconf 90' lang='lat' dir='ltr'><strong>priorem</strong></span> <span class='ocrx_word' id='word_1_340' title='bbox 1215 2840 1382 2910; x_wconf 87' lang='lat' dir='ltr'><strong>esse),</strong></span> <span class='ocrx_word' id='word_1_341' title='bbox 1406 2851 1463 2898; x_wconf 92' lang='lat' dir='ltr'><strong>et</strong></span> <span class='ocrx_word' id='word_1_342' title='bbox 1488 2843 1605 2912; x_wconf 87' lang='lat' dir='ltr'><strong>plus</strong></span> <span class='ocrx_word' id='word_1_343' title='bbox 1625 2857 1783 2912; x_wconf 64' lang='lat' dir='ltr'><strong>atquo</strong></span> 
     </span>
    </p>
   </div>
   <div class='ocr_carea' id='block_1_45' title="bbox 179 2934 1785 3005">
    <p class='ocr_par' dir='ltr' id='par_1_45' title="bbox 179 2934 1785 3005">
     <span class='ocr_line' id='line_1_45' title="bbox 179 2934 1785 3005; baseline -0.001 -15"><span class='ocrx_word' id='word_1_344' title='bbox 179 2947 428 2992; x_wconf 80' lang='lat' dir='ltr'><strong>veterum</strong></span> <span class='ocrx_word' id='word_1_345' title='bbox 461 2934 887 3004; x_wconf 86' lang='lat' dir='ltr'><strong>Platonicorum,</strong></span> <span class='ocrx_word' id='word_1_346' title='bbox 915 2934 1251 3005; x_wconf 89' lang='lat' dir='ltr'><strong>aliorumque</strong></span> <span class='ocrx_word' id='word_1_347' title='bbox 1279 2934 1631 2990; x_wconf 83' lang='lat' dir='ltr'><strong>Ethnicorum</strong></span> <span class='ocrx_word' id='word_1_348' title='bbox 1662 2934 1785 3004; x_wconf 87' lang='lat' dir='ltr'><strong>phi-</strong></span> 
     </span>
    </p>
   </div>
   <div class='ocr_carea' id='block_1_46' title="bbox 181 3027 1786 3100">
    <p class='ocr_par' dir='ltr' id='par_1_46' title="bbox 181 3027 1786 3100">
     <span class='ocr_line' id='line_1_46' title="bbox 181 3027 1786 3100; baseline -0.002 -16"><span class='ocrx_word' id='word_1_349' title='bbox 181 3029 538 3100; x_wconf 90' lang='lat' dir='ltr'><strong>losophorum</strong></span> <span class='ocrx_word' id='word_1_350' title='bbox 580 3027 794 3099; x_wconf 88' lang='lat' dir='ltr'><strong>placitis</strong></span> <span class='ocrx_word' id='word_1_351' title='bbox 837 3027 1066 3091; x_wconf 87' lang='lat' dir='ltr'><strong>accedit,</strong></span> <span class='ocrx_word' id='word_1_352' title='bbox 1101 3027 1189 3098; x_wconf 91' lang='lat' dir='ltr'><strong>qui</strong></span> <span class='ocrx_word' id='word_1_353' title='bbox 1231 3028 1440 3084; x_wconf 90' lang='lat' dir='ltr'><strong>scilicet</strong></span> <span class='ocrx_word' id='word_1_354' title='bbox 1479 3027 1786 3082; x_wconf 76' lang='lat' dir='ltr'><strong>statuebant</strong></span> 
     </span>
    </p>
   </div>
   <div class='ocr_carea' id='block_1_47' title="bbox 180 3121 1780 3192">
    <p class='ocr_par' dir='ltr' id='par_1_47' title="bbox 180 3121 1780 3192">
     <span class='ocr_line' id='line_1_47' title="bbox 180 3121 1780 3192; baseline -0.002 -14"><span class='ocrx_word' id='word_1_355' title='bbox 180 3123 450 3179; x_wconf 90' lang='lat' dir='ltr'><strong>tnemoria</strong></span> <span class='ocrx_word' id='word_1_356' title='bbox 491 3123 726 3178; x_wconf 88' lang='lat' dir='ltr'><strong>animam</strong></span> <span class='ocrx_word' id='word_1_357' title='bbox 747 3163 764 3189; x_wconf 91' lang='lat'><strong>,</strong></span> <span class='ocrx_word' id='word_1_358' title='bbox 792 3132 1082 3192; x_wconf 88' lang='lat' dir='ltr'><strong>antequam</strong></span> <span class='ocrx_word' id='word_1_359' title='bbox 1123 3122 1338 3192; x_wconf 91' lang='lat' dir='ltr'><strong>corpori</strong></span> <span class='ocrx_word' id='word_1_360' title='bbox 1367 3121 1745 3176; x_wconf 84' lang='lat' dir='ltr'><strong>infunderctur</strong></span> <span class='ocrx_word' id='word_1_361' title='bbox 1765 3162 1780 3187; x_wconf 94' lang='lat'><strong>,</strong></span> 
     </span>
    </p>
   </div>
   <div class='ocr_carea' id='block_1_48' title="bbox 1883 1904 3486 1985">
    <p class='ocr_par' dir='ltr' id='par_1_48' title="bbox 1883 1904 3486 1985">
     <span class='ocr_line' id='line_1_48' title="bbox 1883 1904 3486 1985; baseline -0.005 -21"><span class='ocrx_word' id='word_1_362' title='bbox 1883 1919 1992 1966; x_wconf 87' lang='lat' dir='ltr'><strong>tem</strong></span> <span class='ocrx_word' id='word_1_363' title='bbox 2042 1919 2282 1966; x_wconf 83' lang='lat' dir='ltr'><strong>nostram</strong></span> <span class='ocrx_word' id='word_1_364' title='bbox 2329 1908 2688 1964; x_wconf 89' lang='lat' dir='ltr'><strong>subsecutnra</strong></span> <span class='ocrx_word' id='word_1_365' title='bbox 2711 1915 2812 1972; x_wconf 91' lang='lat' dir='ltr'><strong>est,</strong></span> <span class='ocrx_word' id='word_1_366' title='bbox 2858 1906 3046 1971; x_wconf 87' lang='lat' dir='ltr'><strong>vitam,</strong></span> <span class='ocrx_word' id='word_1_367' title='bbox 3080 1919 3221 1985; x_wconf 83' lang='lat' dir='ltr'><strong>eam,</strong></span> <span class='ocrx_word' id='word_1_368' title='bbox 3255 1904 3322 1959; x_wconf 91' lang='lat' dir='ltr'><strong>de</strong></span> <span class='ocrx_word' id='word_1_369' title='bbox 3378 1917 3486 1974; x_wconf 89' lang='lat' dir='ltr'><strong>qua</strong></span> 
     </span>
    </p>
   </div>
   <div class='ocr_carea' id='block_1_49' title="bbox 1882 1997 3486 2075">
    <p class='ocr_par' dir='ltr' id='par_1_49' title="bbox 1882 1997 3486 2075">
     <span class='ocr_line' id='line_1_49' title="bbox 1882 1997 3486 2075; baseline -0.004 -17"><span class='ocrx_word' id='word_1_370' title='bbox 1882 2003 2111 2075; x_wconf 83' lang='lat' dir='ltr'><strong>agimus,</strong></span> <span class='ocrx_word' id='word_1_371' title='bbox 2143 2003 2432 2073; x_wconf 80' lang='lat' dir='ltr'><strong>imaginem</strong></span> <span class='ocrx_word' id='word_1_372' title='bbox 2464 2001 2701 2072; x_wconf 89' lang='lat' dir='ltr'><strong>protrahi</strong></span> <span class='ocrx_word' id='word_1_373' title='bbox 2745 1999 2966 2055; x_wconf 89' lang='lat' dir='ltr'><strong>debere.</strong></span> <span class='ocrx_word' id='word_1_374' title='bbox 2999 1999 3068 2054; x_wconf 84' lang='lat' dir='ltr'><strong>Et</strong></span> <span class='ocrx_word' id='word_1_375' title='bbox 3096 2013 3287 2054; x_wconf 89' lang='lat' dir='ltr'><strong>revera</strong></span> <span class='ocrx_word' id='word_1_376' title='bbox 3329 2007 3386 2052; x_wconf 92' lang='lat' dir='ltr'><strong>ut</strong></span> <span class='ocrx_word' id='word_1_377' title='bbox 3434 1997 3486 2052; x_wconf 93' lang='lat' dir='ltr'><strong>in</strong></span> 
     </span>
    </p>
   </div>
   <div class='ocr_carea' id='block_1_50' title="bbox 1881 2091 3491 2167">
    <p class='ocr_par' dir='ltr' id='par_1_50' title="bbox 1881 2091 3491 2167">
     <span class='ocr_line' id='line_1_50' title="bbox 1881 2091 3491 2167; baseline -0.002 -15"><span class='ocrx_word' id='word_1_378' title='bbox 1881 2097 2172 2153; x_wconf 81' lang='lat' dir='ltr'><strong>Ambrosio</strong></span> <span class='ocrx_word' id='word_1_379' title='bbox 2203 2097 2320 2167; x_wconf 90' lang='lat' dir='ltr'><strong>ipso</strong></span> <span class='ocrx_word' id='word_1_380' title='bbox 2349 2095 2667 2162; x_wconf 87' lang='lat' dir='ltr'><strong>consistam,</strong></span> <span class='ocrx_word' id='word_1_381' title='bbox 2701 2095 2860 2164; x_wconf 88' lang='lat' dir='ltr'><strong>paulo</strong></span> <span class='ocrx_word' id='word_1_382' title='bbox 2888 2101 3013 2150; x_wconf 85' lang='lat' dir='ltr'><strong>ante</strong></span> <span class='ocrx_word' id='word_1_383' title='bbox 3051 2091 3325 2149; x_wconf 85' lang='lat' dir='ltr'><strong>Ambrosii</strong></span> <span class='ocrx_word' id='word_1_384' title='bbox 3362 2107 3491 2148; x_wconf 89' lang='lat' dir='ltr'><strong>sen-</strong></span> 
     </span>
    </p>
   </div>
   <div class='ocr_carea' id='block_1_51' title="bbox 1883 2189 3490 2261">
    <p class='ocr_par' dir='ltr' id='par_1_51' title="bbox 1883 2189 3490 2261">
     <span class='ocr_line' id='line_1_51' title="bbox 1883 2189 3490 2261; baseline -0.004 -16"><span class='ocrx_word' id='word_1_385' title='bbox 1883 2191 2107 2247; x_wconf 87' lang='lat' dir='ltr'><strong>tentiam</strong></span> <span class='ocrx_word' id='word_1_386' title='bbox 2154 2191 2381 2261; x_wconf 88' lang='lat' dir='ltr'><strong>allegavi</strong></span> <span class='ocrx_word' id='word_1_387' title='bbox 2421 2205 2486 2244; x_wconf 79' lang='lat' dir='ltr'><strong>ex</strong></span> <span class='ocrx_word' id='word_1_388' title='bbox 2543 2204 2609 2245; x_wconf 93' lang='lat' dir='ltr'><strong>eo</strong></span> <span class='ocrx_word' id='word_1_389' title='bbox 2653 2189 2792 2260; x_wconf 89' lang='lat' dir='ltr'><strong>ipso,</strong></span> <span class='ocrx_word' id='word_1_390' title='bbox 2836 2203 2995 2258; x_wconf 75' lang='lat' dir='ltr'><strong>quem</strong></span> <span class='ocrx_word' id='word_1_391' title='bbox 3024 2189 3347 2252; x_wconf 89' lang='lat' dir='ltr'><strong>citaverunt,</strong></span> <span class='ocrx_word' id='word_1_392' title='bbox 3383 2199 3490 2240; x_wconf 90' lang='lat' dir='ltr'><strong>uu-</strong></span> 
     </span>
    </p>
   </div>
   <div class='ocr_carea' id='block_1_52' title="bbox 1884 2280 3487 2352">
    <p class='ocr_par' dir='ltr' id='par_1_52' title="bbox 1884 2280 3487 2352">
     <span class='ocr_line' id='line_1_52' title="bbox 1884 2280 3487 2352; baseline -0.003 -13"><span class='ocrx_word' id='word_1_393' title='bbox 1884 2300 2036 2340; x_wconf 88' lang='lat' dir='ltr'><strong>mero</strong></span> <span class='ocrx_word' id='word_1_394' title='bbox 2067 2283 2136 2340; x_wconf 64' lang='lat'><strong>45</strong></span> <span class='ocrx_word' id='word_1_395' title='bbox 2166 2283 2533 2352; x_wconf 86' lang='lat' dir='ltr'><strong>desttmptam,</strong></span> <span class='ocrx_word' id='word_1_396' title='bbox 2581 2281 2631 2336; x_wconf 92' lang='lat' dir='ltr'><strong>in</strong></span> <span class='ocrx_word' id='word_1_397' title='bbox 2659 2297 2762 2352; x_wconf 90' lang='lat' dir='ltr'><strong>qua</strong></span> <span class='ocrx_word' id='word_1_398' title='bbox 2797 2280 3015 2352; x_wconf 86' lang='lat' dir='ltr'><strong>quidem</strong></span> <span class='ocrx_word' id='word_1_399' title='bbox 3043 2281 3242 2336; x_wconf 72' lang='lat' dir='ltr'><strong>animm</strong></span> <span class='ocrx_word' id='word_1_400' title='bbox 3266 2290 3487 2346; x_wconf 84' lang='lat' dir='ltr'><strong>nostrae,</strong></span> 
     </span>
    </p>
   </div>
   <div class='ocr_carea' id='block_1_53' title="bbox 1881 2374 3493 2448">
    <p class='ocr_par' dir='ltr' id='par_1_53' title="bbox 1881 2374 3493 2448">
     <span class='ocr_line' id='line_1_53' title="bbox 1881 2374 3493 2448; baseline -0.002 -17"><span class='ocrx_word' id='word_1_401' title='bbox 1881 2394 1996 2448; x_wconf 71' lang='lat' dir='ltr'><strong>qua:</strong></span> <span class='ocrx_word' id='word_1_402' title='bbox 2017 2376 2176 2431; x_wconf 81' lang='lat' dir='ltr'><strong>libera</strong></span> <span class='ocrx_word' id='word_1_403' title='bbox 2204 2385 2295 2441; x_wconf 81' lang='lat' dir='ltr'><strong>est,</strong></span> <span class='ocrx_word' id='word_1_404' title='bbox 2325 2384 2373 2430; x_wconf 88' lang='lat' dir='ltr'><strong>et</strong></span> <span class='ocrx_word' id='word_1_405' title='bbox 2399 2375 2612 2448; x_wconf 75' lang='lat' dir='ltr'><strong>diffusis</strong></span> <span class='ocrx_word' id='word_1_406' title='bbox 2641 2376 3051 2447; x_wconf 78' lang='lat' dir='ltr'><strong>cogitationibus,</strong></span> <span class='ocrx_word' id='word_1_407' title='bbox 3081 2386 3232 2439; x_wconf 81' lang='lat' dir='ltr'><strong>atque</strong></span> <span class='ocrx_word' id='word_1_408' title='bbox 3261 2374 3493 2430; x_wconf 76' lang='lat' dir='ltr'><strong>consiliis</strong></span> 
     </span>
    </p>
   </div>
   <div class='ocr_carea' id='block_1_54' title="bbox 1885 2468 3487 2556">
    <p class='ocr_par' dir='ltr' id='par_1_54' title="bbox 1885 2468 3487 2556">
     <span class='ocr_line' id='line_1_54' title="bbox 1885 2468 3487 2556; baseline -0.001 -30"><span class='ocrx_word' id='word_1_409' title='bbox 1885 2473 1984 2526; x_wconf 78' lang='lat' dir='ltr'><strong>huc</strong></span> <span class='ocrx_word' id='word_1_410' title='bbox 2011 2481 2163 2542; x_wconf 84' lang='lat' dir='ltr'><strong>atque</strong></span> <span class='ocrx_word' id='word_1_411' title='bbox 2197 2470 2324 2524; x_wconf 80' lang='lat' dir='ltr'><strong>illuc</strong></span> <span class='ocrx_word' id='word_1_412' title='bbox 2357 2478 2595 2542; x_wconf 83' lang='lat' dir='ltr'><strong>vagatur,</strong></span> <span class='ocrx_word' id='word_1_413' title='bbox 2626 2469 2940 2542; x_wconf 88' lang='lat' dir='ltr'><strong>imaginem,</strong></span> <span class='ocrx_word' id='word_1_414' title='bbox 2963 2470 3032 2526; x_wconf 90' lang='lat' dir='ltr'><strong>dc</strong></span> <span class='ocrx_word' id='word_1_415' title='bbox 3060 2468 3286 2556; x_wconf 47' lang='lat' dir='ltr'><strong>qur5hic</strong></span> <span class='ocrx_word' id='word_1_416' title='bbox 3310 2469 3487 2524; x_wconf 83' lang='lat' dir='ltr'><strong>disse-</strong></span> 
     </span>
    </p>
   </div>
   <div class='ocr_carea' id='block_1_55' title="bbox 1885 2562 2543 2628">
    <p class='ocr_par' dir='ltr' id='par_1_55' title="bbox 1885 2562 2543 2628">
     <span class='ocr_line' id='line_1_55' title="bbox 1885 2562 2543 2628; baseline -0.005 -9"><span class='ocrx_word' id='word_1_417' title='bbox 1885 2565 2077 2628; x_wconf 80' lang='lat' dir='ltr'><strong>rimus,</strong></span> <span class='ocrx_word' id='word_1_418' title='bbox 2105 2563 2328 2618; x_wconf 88' lang='lat' dir='ltr'><strong>inditam</strong></span> <span class='ocrx_word' id='word_1_419' title='bbox 2359 2562 2543 2618; x_wconf 88' lang='lat' dir='ltr'><strong>docet.</strong></span> 
     </span>
    </p>
   </div>
   <div class='ocr_carea' id='block_1_56' title="bbox 1956 2656 3493 2730">
    <p class='ocr_par' dir='ltr' id='par_1_56' title="bbox 1956 2656 3493 2730">
     <span class='ocr_line' id='line_1_56' title="bbox 1956 2656 3493 2730; baseline -0.001 -16"><span class='ocrx_word' id='word_1_420' title='bbox 1956 2658 2048 2714; x_wconf 71' lang='grc'><strong>46.</strong></span> <span class='ocrx_word' id='word_1_421' title='bbox 2082 2658 2246 2714; x_wconf 86' lang='lat' dir='ltr'><strong>Estne</strong></span> <span class='ocrx_word' id='word_1_422' title='bbox 2280 2674 2442 2729; x_wconf 90' lang='lat' dir='ltr'><strong>porro</strong></span> <span class='ocrx_word' id='word_1_423' title='bbox 2469 2658 2638 2725; x_wconf 92' lang='lat' dir='ltr'><strong>aliud,</strong></span> <span class='ocrx_word' id='word_1_424' title='bbox 2674 2659 2727 2712; x_wconf 94' lang='lat' dir='ltr'><strong>in</strong></span> <span class='ocrx_word' id='word_1_425' title='bbox 2759 2674 2867 2730; x_wconf 91' lang='lat' dir='ltr'><strong>quo</strong></span> <span class='ocrx_word' id='word_1_426' title='bbox 2907 2657 3157 2715; x_wconf 89' lang='lat' dir='ltr'><strong>eamdem</strong></span> <span class='ocrx_word' id='word_1_427' title='bbox 3203 2656 3493 2728; x_wconf 86' lang='lat' dir='ltr'><strong>imaginem</strong></span> 
     </span>
    </p>
   </div>
   <div class='ocr_carea' id='block_1_57' title="bbox 1886 2752 3487 2826">
    <p class='ocr_par' dir='ltr' id='par_1_57' title="bbox 1886 2752 3487 2826">
     <span class='ocr_line' id='line_1_57' title="bbox 1886 2752 3487 2826; baseline 0.002 -18"><span class='ocrx_word' id='word_1_428' title='bbox 1886 2752 2162 2808; x_wconf 77' lang='lat' dir='ltr'><strong>colloces?</strong></span> <span class='ocrx_word' id='word_1_429' title='bbox 2195 2753 2292 2808; x_wconf 86' lang='lat' dir='ltr'><strong>Est</strong></span> <span class='ocrx_word' id='word_1_430' title='bbox 2321 2753 2527 2825; x_wconf 90' lang='lat' dir='ltr'><strong>utique.</strong></span> <span class='ocrx_word' id='word_1_431' title='bbox 2560 2752 2844 2822; x_wconf 84' lang='lat' dir='ltr'><strong>Quodnam</strong></span> <span class='ocrx_word' id='word_1_432' title='bbox 2895 2769 3056 2823; x_wconf 91' lang='lat' dir='ltr'><strong>porro</strong></span> <span class='ocrx_word' id='word_1_433' title='bbox 3100 2753 3148 2809; x_wconf 91' lang='lat' dir='ltr'><strong>si</strong></span> <span class='ocrx_word' id='word_1_434' title='bbox 3190 2768 3487 2826; x_wconf 73' lang='lat' dir='ltr'><strong>esposcas,</strong></span> 
     </span>
    </p>
   </div>
   <div class='ocr_carea' id='block_1_58' title="bbox 1888 2846 2364 2903">
    <p class='ocr_par' dir='ltr' id='par_1_58' title="bbox 1888 2846 2364 2903">
     <span class='ocr_line' id='line_1_58' title="bbox 1888 2846 2364 2903; baseline -0.006 0"><span class='ocrx_word' id='word_1_435' title='bbox 1888 2848 2068 2903; x_wconf 88' lang='lat' dir='ltr'><strong>statim</strong></span> <span class='ocrx_word' id='word_1_436' title='bbox 2094 2846 2364 2902; x_wconf 88' lang='lat' dir='ltr'><strong>indicabo.</strong></span> 
     </span>
    </p>
   </div>
   <div class='ocr_carea' id='block_1_59' title="bbox 1963 2939 3492 3012">
    <p class='ocr_par' dir='ltr' id='par_1_59' title="bbox 1963 2939 3492 3012">
     <span class='ocr_line' id='line_1_59' title="bbox 1963 2939 3492 3012; baseline 0.001 -17"><span class='ocrx_word' id='word_1_437' title='bbox 1963 2943 2040 2996; x_wconf 88' lang='lat' dir='ltr'><strong>Ac</strong></span> <span class='ocrx_word' id='word_1_438' title='bbox 2071 2941 2302 3010; x_wconf 91' lang='lat' dir='ltr'><strong>primum</strong></span> <span class='ocrx_word' id='word_1_439' title='bbox 2335 2939 2551 3010; x_wconf 91' lang='lat' dir='ltr'><strong>quidem</strong></span> <span class='ocrx_word' id='word_1_440' title='bbox 2587 2941 2766 3011; x_wconf 88' lang='lat' dir='ltr'><strong>imago</strong></span> <span class='ocrx_word' id='word_1_441' title='bbox 2801 2941 2893 2996; x_wconf 88' lang='lat' dir='ltr'><strong>Dei</strong></span> <span class='ocrx_word' id='word_1_442' title='bbox 2924 2939 3032 2996; x_wconf 91' lang='lat' dir='ltr'><strong>dici</strong></span> <span class='ocrx_word' id='word_1_443' title='bbox 3076 2949 3365 3012; x_wconf 87' lang='lat' dir='ltr'><strong>utcumque</strong></span> <span class='ocrx_word' id='word_1_444' title='bbox 3395 2956 3492 3012; x_wconf 84' lang='lat' dir='ltr'><strong>po-</strong></span> 
     </span>
    </p>
   </div>
   <div class='ocr_carea' id='block_1_60' title="bbox 1891 3032 3489 3104">
    <p class='ocr_par' dir='ltr' id='par_1_60' title="bbox 1891 3032 3489 3104">
     <span class='ocr_line' id='line_1_60' title="bbox 1891 3032 3489 3104; baseline -0.001 -14"><span class='ocrx_word' id='word_1_445' title='bbox 1891 3035 2019 3090; x_wconf 90' lang='lat' dir='ltr'><strong>terit</strong></span> <span class='ocrx_word' id='word_1_446' title='bbox 2072 3033 2256 3099; x_wconf 91' lang='lat' dir='ltr'><strong>homo,</strong></span> <span class='ocrx_word' id='word_1_447' title='bbox 2290 3042 2560 3104; x_wconf 88' lang='lat' dir='ltr'><strong>quatenus</strong></span> <span class='ocrx_word' id='word_1_448' title='bbox 2609 3035 2750 3089; x_wconf 91' lang='lat' dir='ltr'><strong>sicut</strong></span> <span class='ocrx_word' id='word_1_449' title='bbox 2791 3035 2930 3089; x_wconf 88' lang='lat' dir='ltr'><strong>Dens</strong></span> <span class='ocrx_word' id='word_1_450' title='bbox 2971 3032 3177 3089; x_wconf 89' lang='lat' dir='ltr'><strong>entium</strong></span> <span class='ocrx_word' id='word_1_451' title='bbox 3223 3035 3489 3103; x_wconf 90' lang='lat' dir='ltr'><strong>omnium,</strong></span> 
     </span>
    </p>
   </div>
   <div class='ocr_carea' id='block_1_61' title="bbox 1891 3126 3500 3199">
    <p class='ocr_par' dir='ltr' id='par_1_61' title="bbox 1891 3126 3500 3199">
     <span class='ocr_line' id='line_1_61' title="bbox 1891 3126 3500 3199; baseline -0.001 -15"><span class='ocrx_word' id='word_1_452' title='bbox 1891 3142 2284 3199; x_wconf 89' lang='lat' dir='ltr'><strong>causarumque</strong></span> <span class='ocrx_word' id='word_1_453' title='bbox 2313 3127 2708 3198; x_wconf 89' lang='lat' dir='ltr'><strong>perfectiones,</strong></span> <span class='ocrx_word' id='word_1_454' title='bbox 2743 3135 2902 3198; x_wconf 88' lang='lat' dir='ltr'><strong>atque</strong></span> <span class='ocrx_word' id='word_1_455' title='bbox 2935 3126 3287 3183; x_wconf 82' lang='lat' dir='ltr'><strong>excellentias</strong></span> <span class='ocrx_word' id='word_1_456' title='bbox 3331 3126 3386 3182; x_wconf 90' lang='lat' dir='ltr'><strong>in</strong></span> <span class='ocrx_word' id='word_1_457' title='bbox 3438 3142 3500 3183; x_wconf 88' lang='lat' dir='ltr'><strong>se</strong></span> 
     </span>
    </p>
   </div>
   <div class='ocr_carea' id='block_1_62' title="bbox 183 3198 3501 3292">
    <p class='ocr_par' dir='ltr' id='par_1_62' title="bbox 183 3198 3501 3292">
     <span class='ocr_line' id='line_1_62' title="bbox 183 3198 3501 3292; baseline -0.003 -20"><span class='ocrx_word' id='word_1_458' title='bbox 183 3217 470 3289; x_wconf 73' lang='lat' dir='ltr'><strong>praeditam</strong></span> <span class='ocrx_word' id='word_1_459' title='bbox 496 3233 639 3284; x_wconf 85' lang='lat' dir='ltr'><strong>esse,</strong></span> <span class='ocrx_word' id='word_1_460' title='bbox 671 3228 721 3273; x_wconf 93' lang='lat' dir='ltr'><strong>et</strong></span> <span class='ocrx_word' id='word_1_461' title='bbox 764 3216 1074 3282; x_wconf 90' lang='lat' dir='ltr'><strong>luculenta,</strong></span> <span class='ocrx_word' id='word_1_462' title='bbox 1103 3216 1393 3270; x_wconf 86' lang='lat' dir='ltr'><strong>multarum</strong></span> <span class='ocrx_word' id='word_1_463' title='bbox 1423 3230 1626 3280; x_wconf 90' lang='lat' dir='ltr'><strong>rerum,</strong></span> <span class='ocrx_word' id='word_1_464' title='bbox 1655 3229 1790 3284; x_wconf 88' lang='lat' dir='ltr'><strong>quas</strong></span> <span class='ocrx_word' id='word_1_465' title='bbox 1815 3198 1860 3260; x_wconf 87' lang='lat' dir='ltr'>C</span> <span class='ocrx_word' id='word_1_466' title='bbox 1893 3222 2308 3292; x_wconf 53' lang='lat' dir='ltr'><strong>complectitur;</strong></span> <span class='ocrx_word' id='word_1_467' title='bbox 2342 3237 2502 3290; x_wconf 68' lang='lat' dir='ltr'><strong>quam</strong></span> <span class='ocrx_word' id='word_1_468' title='bbox 2529 3222 2600 3276; x_wconf 74' lang='lat' dir='ltr'><strong>ob</strong></span> <span class='ocrx_word' id='word_1_469' title='bbox 2628 3237 2743 3277; x_wconf 64' lang='lat' dir='ltr'><strong>rem</strong></span> <span class='ocrx_word' id='word_1_470' title='bbox 2773 3237 2930 3275; x_wconf 60' lang='lat' dir='ltr'><strong><em>causa</em></strong></span> <span class='ocrx_word' id='word_1_471' title='bbox 2961 3236 3237 3275; x_wconf 72' lang='grc' dir='ltr'><strong>εαωαηιηι</strong></span> <span class='ocrx_word' id='word_1_472' title='bbox 3261 3220 3501 3292; x_wconf 68' lang='lat' dir='ltr'><strong>appella-</strong></span> 
     </span>
    </p>
   </div>
   <div class='ocr_carea' id='block_1_63' title="bbox 177 3307 1794 3384">
    <p class='ocr_par' dir='ltr' id='par_1_63' title="bbox 177 3307 1794 3384">
     <span class='ocr_line' id='line_1_63' title="bbox 177 3307 1794 3384; baseline -0.003 -16"><span class='ocrx_word' id='word_1_473' title='bbox 177 3313 297 3384; x_wconf 83' lang='lat' dir='ltr'><strong>jam</strong></span> <span class='ocrx_word' id='word_1_474' title='bbox 323 3311 609 3380; x_wconf 88' lang='lat' dir='ltr'><strong>didicerat,</strong></span> <span class='ocrx_word' id='word_1_475' title='bbox 631 3311 820 3368; x_wconf 90' lang='lat' dir='ltr'><strong>notitia</strong></span> <span class='ocrx_word' id='word_1_476' title='bbox 847 3309 1202 3382; x_wconf 66' lang='lat' dir='ltr'><strong>praedivitem.</strong></span> <span class='ocrx_word' id='word_1_477' title='bbox 1237 3312 1316 3365; x_wconf 79' lang='lat' dir='ltr'><strong>Att</strong></span> <span class='ocrx_word' id='word_1_478' title='bbox 1343 3308 1654 3366; x_wconf 86' lang='lat' dir='ltr'><strong>Catholicns</strong></span> <span class='ocrx_word' id='word_1_479' title='bbox 1677 3307 1794 3364; x_wconf 65' lang='lat' dir='ltr'><strong>haec</strong></span> 
     </span>
    </p>
   </div>
   <div class='ocr_carea' id='block_1_64' title="bbox 185 3405 492 3478">
    <p class='ocr_par' dir='ltr' id='par_1_64' title="bbox 185 3405 492 3478">
     <span class='ocr_line' id='line_1_64' title="bbox 185 3405 492 3478; baseline -0.003 -17"><span class='ocrx_word' id='word_1_480' title='bbox 185 3405 492 3478; x_wconf 83' lang='lat' dir='ltr'><strong>proponet?</strong></span> 
     </span>
    </p>
   </div>
   <div class='ocr_carea' id='block_1_65' title="bbox 259 3498 1794 3571">
    <p class='ocr_par' dir='ltr' id='par_1_65' title="bbox 259 3498 1794 3571">
     <span class='ocr_line' id='line_1_65' title="bbox 259 3498 1794 3571; baseline -0.003 -16"><span class='ocrx_word' id='word_1_481' title='bbox 259 3501 352 3557; x_wconf 71' lang='lat'><strong>43.</strong></span> <span class='ocrx_word' id='word_1_482' title='bbox 396 3501 478 3555; x_wconf 81' lang='lat' dir='ltr'><strong>An</strong></span> <span class='ocrx_word' id='word_1_483' title='bbox 505 3515 636 3556; x_wconf 84' lang='lat' dir='ltr'><strong>vero</strong></span> <span class='ocrx_word' id='word_1_484' title='bbox 675 3500 962 3571; x_wconf 83' lang='lat' dir='ltr'><strong>imaginem</strong></span> <span class='ocrx_word' id='word_1_485' title='bbox 995 3499 1330 3555; x_wconf 77' lang='lat' dir='ltr'><strong>Dei-homini</strong></span> <span class='ocrx_word' id='word_1_486' title='bbox 1359 3498 1678 3570; x_wconf 79' lang='lat' dir='ltr'><strong>impressam</strong></span> <span class='ocrx_word' id='word_1_487' title='bbox 1710 3498 1794 3551; x_wconf 87' lang='lat' dir='ltr'><strong>di-</strong></span> 
     </span>
    </p>
   </div>
   <div class='ocr_carea' id='block_1_66' title="bbox 185 3593 1794 3665">
    <p class='ocr_par' dir='ltr' id='par_1_66' title="bbox 185 3593 1794 3665">
     <span class='ocr_line' id='line_1_66' title="bbox 185 3593 1794 3665; baseline -0.003 -13"><span class='ocrx_word' id='word_1_488' title='bbox 185 3611 302 3662; x_wconf 86' lang='lat' dir='ltr'><strong>ces,</strong></span> <span class='ocrx_word' id='word_1_489' title='bbox 320 3593 463 3665; x_wconf 88' lang='lat' dir='ltr'><strong>quod</strong></span> <span class='ocrx_word' id='word_1_490' title='bbox 487 3596 628 3651; x_wconf 90' lang='lat' dir='ltr'><strong>sicut</strong></span> <span class='ocrx_word' id='word_1_491' title='bbox 657 3596 837 3659; x_wconf 85' lang='lat' dir='ltr'><strong>Pater,</strong></span> <span class='ocrx_word' id='word_1_492' title='bbox 856 3595 946 3665; x_wconf 88' lang='lat' dir='ltr'><strong>qui</strong></span> <span class='ocrx_word' id='word_1_493' title='bbox 967 3610 1120 3649; x_wconf 80' lang='lat' dir='ltr'><strong>mons</strong></span> <span class='ocrx_word' id='word_1_494' title='bbox 1143 3601 1248 3658; x_wconf 85' lang='lat' dir='ltr'><strong>est,</strong></span> <span class='ocrx_word' id='word_1_495' title='bbox 1264 3603 1319 3650; x_wconf 91' lang='lat' dir='ltr'><strong>et</strong></span> <span class='ocrx_word' id='word_1_496' title='bbox 1345 3593 1511 3648; x_wconf 74' lang='lat' dir='ltr'><strong>Filius</strong></span> <span class='ocrx_word' id='word_1_497' title='bbox 1530 3593 1794 3657; x_wconf 86' lang='lat' dir='ltr'><strong>Verbum,</strong></span> 
     </span>
    </p>
   </div>
   <div class='ocr_carea' id='block_1_67' title="bbox 186 3687 1800 3760">
    <p class='ocr_par' dir='ltr' id='par_1_67' title="bbox 186 3687 1800 3760">
     <span class='ocr_line' id='line_1_67' title="bbox 186 3687 1800 3760; baseline -0.003 -15"><span class='ocrx_word' id='word_1_498' title='bbox 186 3698 245 3745; x_wconf 88' lang='lat' dir='ltr'><strong>et</strong></span> <span class='ocrx_word' id='word_1_499' title='bbox 274 3687 509 3760; x_wconf 89' lang='lat' dir='ltr'><strong>Spiritus</strong></span> <span class='ocrx_word' id='word_1_500' title='bbox 535 3691 768 3744; x_wconf 88' lang='lat' dir='ltr'><strong>Sanctus</strong></span> <span class='ocrx_word' id='word_1_501' title='bbox 808 3705 946 3743; x_wconf 91' lang='lat' dir='ltr'><strong>unus</strong></span> <span class='ocrx_word' id='word_1_502' title='bbox 971 3689 1116 3744; x_wconf 85' lang='lat' dir='ltr'><strong>Deus</strong></span> <span class='ocrx_word' id='word_1_503' title='bbox 1153 3698 1302 3754; x_wconf 90' lang='lat' dir='ltr'><strong>sunt,</strong></span> <span class='ocrx_word' id='word_1_504' title='bbox 1349 3687 1428 3742; x_wconf 88' lang='lat' dir='ltr'><strong>sic</strong></span> <span class='ocrx_word' id='word_1_505' title='bbox 1470 3702 1644 3752; x_wconf 90' lang='lat' dir='ltr'><strong>mens,</strong></span> <span class='ocrx_word' id='word_1_506' title='bbox 1679 3701 1800 3740; x_wconf 82' lang='lat' dir='ltr'><strong>vcr-</strong></span> 
     </span>
    </p>
   </div>
   <div class='ocr_carea' id='block_1_68' title="bbox 186 3780 1798 3853">
    <p class='ocr_par' dir='ltr' id='par_1_68' title="bbox 186 3780 1798 3853">
     <span class='ocr_line' id='line_1_68' title="bbox 186 3780 1798 3853; baseline -0.004 -12"><span class='ocrx_word' id='word_1_507' title='bbox 186 3785 340 3850; x_wconf 87' lang='lat' dir='ltr'><strong>bum,</strong></span> <span class='ocrx_word' id='word_1_508' title='bbox 387 3792 442 3840; x_wconf 89' lang='lat' dir='ltr'><strong>et</strong></span> <span class='ocrx_word' id='word_1_509' title='bbox 478 3784 704 3853; x_wconf 81' lang='lat' dir='ltr'><strong>Spiritus</strong></span> <span class='ocrx_word' id='word_1_510' title='bbox 741 3784 848 3838; x_wconf 89' lang='lat' dir='ltr'><strong>sint</strong></span> <span class='ocrx_word' id='word_1_511' title='bbox 889 3799 1026 3838; x_wconf 88' lang='lat' dir='ltr'><strong>unus</strong></span> <span class='ocrx_word' id='word_1_512' title='bbox 1059 3781 1263 3838; x_wconf 81' lang='lat' dir='ltr'><strong>homo?</strong></span> <span class='ocrx_word' id='word_1_513' title='bbox 1311 3783 1392 3836; x_wconf 86' lang='lat' dir='ltr'><strong>Att</strong></span> <span class='ocrx_word' id='word_1_514' title='bbox 1427 3781 1563 3847; x_wconf 77' lang='lat' dir='ltr'><strong>haec,</strong></span> <span class='ocrx_word' id='word_1_515' title='bbox 1597 3795 1716 3850; x_wconf 68' lang='lat' dir='ltr'><strong>quae</strong></span> <span class='ocrx_word' id='word_1_516' title='bbox 1746 3780 1798 3834; x_wconf 92' lang='lat' dir='ltr'><strong>in</strong></span> 
     </span>
    </p>
   </div>
   <div class='ocr_carea' id='block_1_69' title="bbox 188 3874 1801 3950">
    <p class='ocr_par' dir='ltr' id='par_1_69' title="bbox 188 3874 1801 3950">
     <span class='ocr_line' id='line_1_69' title="bbox 188 3874 1801 3950; baseline -0.003 -15"><span class='ocrx_word' id='word_1_517' title='bbox 188 3879 416 3936; x_wconf 88' lang='lat' dir='ltr'><strong>homine</strong></span> <span class='ocrx_word' id='word_1_518' title='bbox 438 3879 808 3950; x_wconf 80' lang='lat' dir='ltr'><strong>agnoscimus,</strong></span> <span class='ocrx_word' id='word_1_519' title='bbox 834 3894 953 3944; x_wconf 85' lang='lat' dir='ltr'><strong>seti,</strong></span> <span class='ocrx_word' id='word_1_520' title='bbox 979 3887 1036 3931; x_wconf 93' lang='lat' dir='ltr'><strong>ut</strong></span> <span class='ocrx_word' id='word_1_521' title='bbox 1067 3876 1387 3948; x_wconf 82' lang='lat' dir='ltr'><strong>expressius</strong></span> <span class='ocrx_word' id='word_1_522' title='bbox 1413 3876 1721 3946; x_wconf 89' lang='lat' dir='ltr'><strong>loquamur,</strong></span> <span class='ocrx_word' id='word_1_523' title='bbox 1747 3874 1801 3930; x_wconf 91' lang='lat' dir='ltr'><strong>in</strong></span> 
     </span>
    </p>
   </div>
   <div class='ocr_carea' id='block_1_70' title="bbox 188 3969 1802 4043">
    <p class='ocr_par' dir='ltr' id='par_1_70' title="bbox 188 3969 1802 4043">
     <span class='ocr_line' id='line_1_70' title="bbox 188 3969 1802 4043; baseline -0.004 -14"><span class='ocrx_word' id='word_1_524' title='bbox 188 3974 372 4029; x_wconf 90' lang='lat' dir='ltr'><strong>anima</strong></span> <span class='ocrx_word' id='word_1_525' title='bbox 417 3971 675 4039; x_wconf 87' lang='lat' dir='ltr'><strong>hominis,</strong></span> <span class='ocrx_word' id='word_1_526' title='bbox 727 3982 836 4028; x_wconf 88' lang='lat' dir='ltr'><strong>tres</strong></span> <span class='ocrx_word' id='word_1_527' title='bbox 882 3971 1208 4043; x_wconf 85' lang='lat' dir='ltr'><strong>hypostases</strong></span> <span class='ocrx_word' id='word_1_528' title='bbox 1260 3979 1417 4036; x_wconf 92' lang='lat' dir='ltr'><strong>sunt,</strong></span> <span class='ocrx_word' id='word_1_529' title='bbox 1452 3977 1508 4025; x_wconf 91' lang='lat' dir='ltr'><strong>et</strong></span> <span class='ocrx_word' id='word_1_530' title='bbox 1538 3984 1644 4023; x_wconf 92' lang='lat' dir='ltr'><strong>una</strong></span> <span class='ocrx_word' id='word_1_531' title='bbox 1674 3969 1802 4023; x_wconf 91' lang='lat' dir='ltr'><strong>sub-</strong></span> 
     </span>
    </p>
   </div>
   <div class='ocr_carea' id='block_1_71' title="bbox 189 4062 1805 4136">
    <p class='ocr_par' dir='ltr' id='par_1_71' title="bbox 189 4062 1805 4136">
     <span class='ocr_line' id='line_1_71' title="bbox 189 4062 1805 4136; baseline -0.004 -12"><span class='ocrx_word' id='word_1_532' title='bbox 189 4068 414 4133; x_wconf 82' lang='lat' dir='ltr'><strong>stantia,</strong></span> <span class='ocrx_word' id='word_1_533' title='bbox 438 4085 533 4124; x_wconf 86' lang='lat' dir='ltr'><strong>seu</strong></span> <span class='ocrx_word' id='word_1_534' title='bbox 555 4069 810 4135; x_wconf 74' lang='lat' dir='ltr'><strong>essentia,</strong></span> <span class='ocrx_word' id='word_1_535' title='bbox 846 4068 987 4123; x_wconf 89' lang='lat' dir='ltr'><strong>sicut</strong></span> <span class='ocrx_word' id='word_1_536' title='bbox 1004 4067 1185 4133; x_wconf 90' lang='lat' dir='ltr'><strong>Pater,</strong></span> <span class='ocrx_word' id='word_1_537' title='bbox 1210 4065 1468 4132; x_wconf 91' lang='lat' dir='ltr'><strong>Verbum,</strong></span> <span class='ocrx_word' id='word_1_538' title='bbox 1495 4075 1547 4120; x_wconf 88' lang='lat' dir='ltr'><strong>et</strong></span> <span class='ocrx_word' id='word_1_539' title='bbox 1571 4062 1805 4136; x_wconf 85' lang='lat' dir='ltr'><strong>Spiritus</strong></span> 
     </span>
    </p>
   </div>
   <div class='ocr_carea' id='block_1_72' title="bbox 192 4156 1804 4233">
    <p class='ocr_par' dir='ltr' id='par_1_72' title="bbox 192 4156 1804 4233">
     <span class='ocr_line' id='line_1_72' title="bbox 192 4156 1804 4233; baseline -0.005 -15"><span class='ocrx_word' id='word_1_540' title='bbox 192 4162 429 4218; x_wconf 88' lang='lat' dir='ltr'><strong>Sanctus</strong></span> <span class='ocrx_word' id='word_1_541' title='bbox 460 4176 572 4217; x_wconf 90' lang='lat' dir='ltr'><strong>tres</strong></span> <span class='ocrx_word' id='word_1_542' title='bbox 601 4161 921 4233; x_wconf 84' lang='lat' dir='ltr'><strong>hypostases</strong></span> <span class='ocrx_word' id='word_1_543' title='bbox 957 4171 1106 4226; x_wconf 89' lang='lat' dir='ltr'><strong>sunt,</strong></span> <span class='ocrx_word' id='word_1_544' title='bbox 1141 4171 1194 4216; x_wconf 87' lang='lat' dir='ltr'><strong>et</strong></span> <span class='ocrx_word' id='word_1_545' title='bbox 1226 4175 1364 4215; x_wconf 92' lang='lat' dir='ltr'><strong>unus</strong></span> <span class='ocrx_word' id='word_1_546' title='bbox 1398 4159 1574 4214; x_wconf 86' lang='lat' dir='ltr'><strong>Deus?</strong></span> <span class='ocrx_word' id='word_1_547' title='bbox 1610 4158 1666 4212; x_wconf 88' lang='lat' dir='ltr'><strong>Si</strong></span> <span class='ocrx_word' id='word_1_548' title='bbox 1702 4156 1804 4211; x_wconf 91' lang='lat' dir='ltr'><strong>htt-</strong></span> 
     </span>
    </p>
   </div>
   <div class='ocr_carea' id='block_1_73' title="bbox 189 4250 1804 4326">
    <p class='ocr_par' dir='ltr' id='par_1_73' title="bbox 189 4250 1804 4326">
     <span class='ocr_line' id='line_1_73' title="bbox 189 4250 1804 4326; baseline -0.004 -16"><span class='ocrx_word' id='word_1_549' title='bbox 189 4253 434 4326; x_wconf 90' lang='lat' dir='ltr'><strong>jusmodi</strong></span> <span class='ocrx_word' id='word_1_550' title='bbox 468 4253 844 4311; x_wconf 85' lang='lat' dir='ltr'><strong>convenientia</strong></span> <span class='ocrx_word' id='word_1_551' title='bbox 879 4253 1161 4310; x_wconf 75' lang='lat' dir='ltr'><strong>sufﬁceret</strong></span> <span class='ocrx_word' id='word_1_552' title='bbox 1193 4253 1259 4308; x_wconf 88' lang='lat' dir='ltr'><strong>ad</strong></span> <span class='ocrx_word' id='word_1_553' title='bbox 1287 4253 1577 4323; x_wconf 89' lang='lat' dir='ltr'><strong>imaginem</strong></span> <span class='ocrx_word' id='word_1_554' title='bbox 1622 4251 1713 4306; x_wconf 91' lang='lat' dir='ltr'><strong>Dei</strong></span> <span class='ocrx_word' id='word_1_555' title='bbox 1751 4250 1804 4304; x_wconf 90' lang='lat' dir='ltr'><strong>iu</strong></span> 
     </span>
    </p>
   </div>
   <div class='ocr_carea' id='block_1_74' title="bbox 196 4347 1864 4419">
    <p class='ocr_par' dir='ltr' id='par_1_74' title="bbox 196 4347 1864 4419">
     <span class='ocr_line' id='line_1_74' title="bbox 196 4347 1864 4419; baseline -0.003 -14"><span class='ocrx_word' id='word_1_556' title='bbox 196 4349 425 4405; x_wconf 86' lang='lat' dir='ltr'><strong>homine</strong></span> <span class='ocrx_word' id='word_1_557' title='bbox 463 4347 866 4414; x_wconf 88' lang='lat' dir='ltr'><strong>stabiliendam,</strong></span> <span class='ocrx_word' id='word_1_558' title='bbox 909 4347 1052 4404; x_wconf 86' lang='lat' dir='ltr'><strong>haud</strong></span> <span class='ocrx_word' id='word_1_559' title='bbox 1091 4363 1235 4419; x_wconf 79' lang='lat' dir='ltr'><strong>:egre</strong></span> <span class='ocrx_word' id='word_1_560' title='bbox 1265 4347 1450 4418; x_wconf 89' lang='lat' dir='ltr'><strong>utique</strong></span> <span class='ocrx_word' id='word_1_561' title='bbox 1480 4347 1532 4402; x_wconf 92' lang='lat' dir='ltr'><strong>in</strong></span> <span class='ocrx_word' id='word_1_562' title='bbox 1573 4347 1809 4400; x_wconf 89' lang='lat' dir='ltr'><strong>humano</strong></span> <span class='ocrx_word' id='word_1_563' title='bbox 1855 4366 1864 4374; x_wconf 91' lang='grc'><strong>·</strong></span> 
     </span>
    </p>
   </div>
   <div class='ocr_carea' id='block_1_75' title="bbox 195 4438 1810 4516">
    <p class='ocr_par' dir='ltr' id='par_1_75' title="bbox 195 4438 1810 4516">
     <span class='ocr_line' id='line_1_75' title="bbox 195 4438 1810 4516; baseline -0.006 -16"><span class='ocrx_word' id='word_1_564' title='bbox 195 4459 432 4516; x_wconf 87' lang='lat' dir='ltr'><strong>corpore</strong></span> <span class='ocrx_word' id='word_1_565' title='bbox 461 4457 581 4498; x_wconf 90' lang='lat' dir='ltr'><strong>eam</strong></span> <span class='ocrx_word' id='word_1_566' title='bbox 611 4443 935 4500; x_wconf 92' lang='lat' dir='ltr'><strong>collocares.</strong></span> <span class='ocrx_word' id='word_1_567' title='bbox 959 4443 1178 4499; x_wconf 89' lang='lat' dir='ltr'><strong>Scilicet</strong></span> <span class='ocrx_word' id='word_1_568' title='bbox 1201 4455 1400 4511; x_wconf 90' lang='lat' dir='ltr'><strong>corpus</strong></span> <span class='ocrx_word' id='word_1_569' title='bbox 1419 4438 1488 4494; x_wconf 90' lang='lat' dir='ltr'><strong>ad</strong></span> <span class='ocrx_word' id='word_1_570' title='bbox 1518 4438 1810 4495; x_wconf 87' lang='lat' dir='ltr'><strong>essentiam</strong></span> 
     </span>
    </p>
   </div>
   <div class='ocr_carea' id='block_1_76' title="bbox 1899 3313 3502 3386">
    <p class='ocr_par' dir='ltr' id='par_1_76' title="bbox 1899 3313 3502 3386">
     <span class='ocr_line' id='line_1_76' title="bbox 1899 3313 3502 3386; baseline -0.002 -15"><span class='ocrx_word' id='word_1_571' title='bbox 1899 3329 1984 3374; x_wconf 91' lang='lat' dir='ltr'><strong>tus</strong></span> <span class='ocrx_word' id='word_1_572' title='bbox 2011 3325 2096 3372; x_wconf 88' lang='lat' dir='ltr'><strong>est</strong></span> <span class='ocrx_word' id='word_1_573' title='bbox 2136 3332 2165 3371; x_wconf 89' lang='lat' dir='ltr'><strong>a</strong></span> <span class='ocrx_word' id='word_1_574' title='bbox 2200 3315 2540 3386; x_wconf 82' lang='lat' dir='ltr'><strong>philosophis</strong></span> <span class='ocrx_word' id='word_1_575' title='bbox 2570 3333 2583 3371; x_wconf 88' lang='lat'><strong>:</strong></span> <span class='ocrx_word' id='word_1_576' title='bbox 2615 3319 2685 3369; x_wconf 89' lang='lat' dir='ltr'><strong>ita</strong></span> <span class='ocrx_word' id='word_1_577' title='bbox 2719 3313 2883 3370; x_wconf 86' lang='lat' dir='ltr'><strong>homo</strong></span> <span class='ocrx_word' id='word_1_578' title='bbox 2917 3313 3304 3384; x_wconf 69' lang='lat' dir='ltr'><strong>perfectiones,</strong></span> <span class='ocrx_word' id='word_1_579' title='bbox 3337 3323 3502 3384; x_wconf 89' lang='lat' dir='ltr'><strong>atque</strong></span> 
     </span>
    </p>
   </div>
   <div class='ocr_carea' id='block_1_77' title="bbox 1899 3408 3496 3480">
    <p class='ocr_par' dir='ltr' id='par_1_77' title="bbox 1899 3408 3496 3480">
     <span class='ocr_line' id='line_1_77' title="bbox 1899 3408 3496 3480; baseline -0.002 -13"><span class='ocrx_word' id='word_1_580' title='bbox 1899 3411 2248 3468; x_wconf 74' lang='lat' dir='ltr'><strong>cxcellentias</strong></span> <span class='ocrx_word' id='word_1_581' title='bbox 2272 3419 2643 3466; x_wconf 86' lang='lat' dir='ltr'><strong>creaturarum</strong></span> <span class='ocrx_word' id='word_1_582' title='bbox 2674 3410 2914 3464; x_wconf 90' lang='lat' dir='ltr'><strong>omnium</strong></span> <span class='ocrx_word' id='word_1_583' title='bbox 2940 3410 2991 3463; x_wconf 92' lang='lat' dir='ltr'><strong>in</strong></span> <span class='ocrx_word' id='word_1_584' title='bbox 3021 3424 3079 3464; x_wconf 92' lang='lat' dir='ltr'><strong>se</strong></span> <span class='ocrx_word' id='word_1_585' title='bbox 3100 3408 3496 3480; x_wconf 87' lang='lat' dir='ltr'><strong>complectitur;</strong></span> 
     </span>
    </p>
   </div>
   <div class='ocr_carea' id='block_1_78' title="bbox 1899 3502 3503 3575">
    <p class='ocr_par' dir='ltr' id='par_1_78' title="bbox 1899 3502 3503 3575">
     <span class='ocr_line' id='line_1_78' title="bbox 1899 3502 3503 3575; baseline 0 -17"><span class='ocrx_word' id='word_1_586' title='bbox 1899 3521 2071 3575; x_wconf 88' lang='lat' dir='ltr'><strong>quam.</strong></span> <span class='ocrx_word' id='word_1_587' title='bbox 2098 3505 2168 3561; x_wconf 89' lang='lat' dir='ltr'><strong>ob</strong></span> <span class='ocrx_word' id='word_1_588' title='bbox 2208 3520 2319 3560; x_wconf 90' lang='lat' dir='ltr'><strong>rem</strong></span> <span class='ocrx_word' id='word_1_589' title='bbox 2355 3505 2737 3570; x_wconf 81' lang='lat' dir='ltr'><strong>microcosmus,</strong></span> <span class='ocrx_word' id='word_1_590' title='bbox 2781 3520 2878 3559; x_wconf 90' lang='lat' dir='ltr'><strong>seu</strong></span> <span class='ocrx_word' id='word_1_591' title='bbox 2912 3519 3109 3575; x_wconf 87' lang='lat' dir='ltr'><strong>parvus</strong></span> <span class='ocrx_word' id='word_1_592' title='bbox 3148 3502 3399 3569; x_wconf 85' lang='lat' dir='ltr'><strong>Mundus,</strong></span> <span class='ocrx_word' id='word_1_593' title='bbox 3445 3511 3503 3559; x_wconf 88' lang='lat' dir='ltr'><strong>et</strong></span> 
     </span>
    </p>
   </div>
   <div class='ocr_carea' id='block_1_79' title="bbox 1902 3598 3506 3670">
    <p class='ocr_par' dir='ltr' id='par_1_79' title="bbox 1902 3598 3506 3670">
     <span class='ocr_line' id='line_1_79' title="bbox 1902 3598 3506 3670; baseline -0.001 -14"><span class='ocrx_word' id='word_1_594' title='bbox 1902 3608 2151 3656; x_wconf 88' lang='lat' dir='ltr'><strong>creatura</strong></span> <span class='ocrx_word' id='word_1_595' title='bbox 2179 3601 2420 3656; x_wconf 92' lang='lat' dir='ltr'><strong>omnium</strong></span> <span class='ocrx_word' id='word_1_596' title='bbox 2446 3601 2838 3670; x_wconf 88' lang='lat' dir='ltr'><strong>perfectissima</strong></span> <span class='ocrx_word' id='word_1_597' title='bbox 2866 3609 2951 3655; x_wconf 88' lang='lat' dir='ltr'><strong>est</strong></span> <span class='ocrx_word' id='word_1_598' title='bbox 2975 3599 3294 3670; x_wconf 87' lang='lat' dir='ltr'><strong>appellatus.</strong></span> <span class='ocrx_word' id='word_1_599' title='bbox 3341 3600 3410 3656; x_wconf 84' lang='lat' dir='ltr'><strong>Et</strong></span> <span class='ocrx_word' id='word_1_600' title='bbox 3437 3598 3506 3654; x_wconf 91' lang='lat' dir='ltr'><strong>de</strong></span> 
     </span>
    </p>
   </div>
   <div class='ocr_carea' id='block_1_80' title="bbox 1907 3694 3503 3766">
    <p class='ocr_par' dir='ltr' id='par_1_80' title="bbox 1907 3694 3503 3766">
     <span class='ocr_line' id='line_1_80' title="bbox 1907 3694 3503 3766; baseline 0.001 -16"><span class='ocrx_word' id='word_1_601' title='bbox 1907 3697 2017 3752; x_wconf 86' lang='lat' dir='ltr'><strong>Deo</strong></span> <span class='ocrx_word' id='word_1_602' title='bbox 2046 3695 2263 3766; x_wconf 89' lang='lat' dir='ltr'><strong>quidem</strong></span> <span class='ocrx_word' id='word_1_603' title='bbox 2314 3696 2389 3762; x_wconf 92' lang='lat' dir='ltr'><strong>id,</strong></span> <span class='ocrx_word' id='word_1_604' title='bbox 2443 3694 2585 3766; x_wconf 91' lang='lat' dir='ltr'><strong>quod</strong></span> <span class='ocrx_word' id='word_1_605' title='bbox 2613 3695 2745 3762; x_wconf 82' lang='lat' dir='ltr'><strong>dixi,</strong></span> <span class='ocrx_word' id='word_1_606' title='bbox 2773 3694 3133 3750; x_wconf 87' lang='lat' dir='ltr'><strong>indubitatum</strong></span> <span class='ocrx_word' id='word_1_607' title='bbox 3174 3703 3278 3750; x_wconf 88' lang='lat' dir='ltr'><strong>est.</strong></span> <span class='ocrx_word' id='word_1_608' title='bbox 3313 3695 3503 3752; x_wconf 78' lang='lat' dir='ltr'><strong>Restat</strong></span> 
     </span>
    </p>
   </div>
   <div class='ocr_carea' id='block_1_81' title="bbox 1903 3788 3500 3862">
    <p class='ocr_par' dir='ltr' id='par_1_81' title="bbox 1903 3788 3500 3862">
     <span class='ocr_line' id='line_1_81' title="bbox 1903 3788 3500 3862; baseline -0.001 -16"><span class='ocrx_word' id='word_1_609' title='bbox 1903 3791 2104 3862; x_wconf 87' lang='lat' dir='ltr'><strong>itaque,</strong></span> <span class='ocrx_word' id='word_1_610' title='bbox 2138 3801 2196 3844; x_wconf 93' lang='lat' dir='ltr'><strong>ut</strong></span> <span class='ocrx_word' id='word_1_611' title='bbox 2216 3789 2359 3860; x_wconf 88' lang='lat' dir='ltr'><strong>qttod</strong></span> <span class='ocrx_word' id='word_1_612' title='bbox 2391 3789 2459 3846; x_wconf 87' lang='lat' dir='ltr'><strong>de</strong></span> <span class='ocrx_word' id='word_1_613' title='bbox 2491 3791 2707 3845; x_wconf 90' lang='lat' dir='ltr'><strong>homine</strong></span> <span class='ocrx_word' id='word_1_614' title='bbox 2733 3789 2948 3852; x_wconf 86' lang='lat' dir='ltr'><strong>tradidi,</strong></span> <span class='ocrx_word' id='word_1_615' title='bbox 2981 3790 3164 3859; x_wconf 88' lang='lat' dir='ltr'><strong>paucis</strong></span> <span class='ocrx_word' id='word_1_616' title='bbox 3193 3788 3500 3846; x_wconf 87' lang='lat' dir='ltr'><strong>ostendam.</strong></span> 
     </span>
    </p>
   </div>
   <div class='ocr_carea' id='block_1_82' title="bbox 1910 3883 3502 3955">
    <p class='ocr_par' dir='ltr' id='par_1_82' title="bbox 1910 3883 3502 3955">
     <span class='ocr_line' id='line_1_82' title="bbox 1910 3883 3502 3955; baseline -0.003 -14"><span class='ocrx_word' id='word_1_617' title='bbox 1910 3886 2225 3955; x_wconf 88' lang='lat' dir='ltr'><strong>Spectemus</strong></span> <span class='ocrx_word' id='word_1_618' title='bbox 2254 3885 2428 3955; x_wconf 91' lang='lat' dir='ltr'><strong>primo</strong></span> <span class='ocrx_word' id='word_1_619' title='bbox 2461 3884 2758 3950; x_wconf 90' lang='lat' dir='ltr'><strong>hominem,</strong></span> <span class='ocrx_word' id='word_1_620' title='bbox 2784 3894 2844 3938; x_wconf 90' lang='lat' dir='ltr'><strong>ut</strong></span> <span class='ocrx_word' id='word_1_621' title='bbox 2869 3884 2941 3939; x_wconf 91' lang='lat' dir='ltr'><strong>ita</strong></span> <span class='ocrx_word' id='word_1_622' title='bbox 2970 3884 3178 3955; x_wconf 92' lang='lat' dir='ltr'><strong>loquar,</strong></span> <span class='ocrx_word' id='word_1_623' title='bbox 3213 3883 3502 3954; x_wconf 84' lang='lat' dir='ltr'><strong>particula-</strong></span> 
     </span>
    </p>
   </div>
   <div class='ocr_carea' id='block_1_83' title="bbox 1907 3977 3506 4048">
    <p class='ocr_par' dir='ltr' id='par_1_83' title="bbox 1907 3977 3506 4048">
     <span class='ocr_line' id='line_1_83' title="bbox 1907 3977 3506 4048; baseline 0 -15"><span class='ocrx_word' id='word_1_624' title='bbox 1907 3981 2025 4034; x_wconf 91' lang='lat' dir='ltr'><strong>tim.</strong></span> <span class='ocrx_word' id='word_1_625' title='bbox 2070 3977 2374 4033; x_wconf 89' lang='lat' dir='ltr'><strong>Humanum</strong></span> <span class='ocrx_word' id='word_1_626' title='bbox 2397 3992 2592 4046; x_wconf 90' lang='lat' dir='ltr'><strong>corpus</strong></span> <span class='ocrx_word' id='word_1_627' title='bbox 2619 3993 2780 4048; x_wconf 90' lang='lat' dir='ltr'><strong>quam</strong></span> <span class='ocrx_word' id='word_1_628' title='bbox 2815 3985 3076 4048; x_wconf 85' lang='lat' dir='ltr'><strong>praestans</strong></span> <span class='ocrx_word' id='word_1_629' title='bbox 3103 3978 3194 4042; x_wconf 89' lang='lat' dir='ltr'><strong>sit,</strong></span> <span class='ocrx_word' id='word_1_630' title='bbox 3217 3984 3274 4032; x_wconf 91' lang='lat' dir='ltr'><strong>et</strong></span> <span class='ocrx_word' id='word_1_631' title='bbox 3316 3977 3506 4033; x_wconf 89' lang='lat' dir='ltr'><strong>bruto-</strong></span> 
     </span>
    </p>
   </div>
   <div class='ocr_carea' id='block_1_84' title="bbox 1907 4070 3510 4142">
    <p class='ocr_par' dir='ltr' id='par_1_84' title="bbox 1907 4070 3510 4142">
     <span class='ocr_line' id='line_1_84' title="bbox 1907 4070 3510 4142; baseline 0.001 -15"><span class='ocrx_word' id='word_1_632' title='bbox 1907 4087 2026 4127; x_wconf 88' lang='lat' dir='ltr'><strong>rum</strong></span> <span class='ocrx_word' id='word_1_633' title='bbox 2057 4070 2408 4126; x_wconf 91' lang='lat' dir='ltr'><strong>animantium</strong></span> <span class='ocrx_word' id='word_1_634' title='bbox 2438 4071 2696 4142; x_wconf 89' lang='lat' dir='ltr'><strong>speciem,</strong></span> <span class='ocrx_word' id='word_1_635' title='bbox 2739 4086 2803 4127; x_wconf 91' lang='lat' dir='ltr'><strong>ac</strong></span> <span class='ocrx_word' id='word_1_636' title='bbox 2841 4073 3066 4127; x_wconf 86' lang='lat' dir='ltr'><strong>formam</strong></span> <span class='ocrx_word' id='word_1_637' title='bbox 3099 4083 3302 4142; x_wconf 91' lang='lat' dir='ltr'><strong>quanto</strong></span> <span class='ocrx_word' id='word_1_638' title='bbox 3341 4072 3510 4130; x_wconf 87' lang='lat' dir='ltr'><strong>inter-</strong></span> 
     </span>
    </p>
   </div>
   <div class='ocr_carea' id='block_1_85' title="bbox 1911 4164 3499 4235">
    <p class='ocr_par' dir='ltr' id='par_1_85' title="bbox 1911 4164 3499 4235">
     <span class='ocr_line' id='line_1_85' title="bbox 1911 4164 3499 4235; baseline 0.002 -17"><span class='ocrx_word' id='word_1_639' title='bbox 1911 4165 2052 4219; x_wconf 89' lang='lat' dir='ltr'><strong>vallo</strong></span> <span class='ocrx_word' id='word_1_640' title='bbox 2112 4174 2381 4235; x_wconf 87' lang='lat' dir='ltr'><strong>superet,</strong></span> <span class='ocrx_word' id='word_1_641' title='bbox 2443 4164 2543 4218; x_wconf 88' lang='lat' dir='ltr'><strong>viri</strong></span> <span class='ocrx_word' id='word_1_642' title='bbox 2601 4165 3032 4234; x_wconf 70' lang='lat' dir='ltr'><strong>praestantissimi</strong></span> <span class='ocrx_word' id='word_1_643' title='bbox 3071 4167 3076 4169; x_wconf 80' lang='grc'><strong>’</strong></span> <span class='ocrx_word' id='word_1_644' title='bbox 3105 4166 3218 4235; x_wconf 86' lang='lat' dir='ltr'><strong>jam</strong></span> <span class='ocrx_word' id='word_1_645' title='bbox 3292 4165 3499 4235; x_wconf 91' lang='lat' dir='ltr'><strong>pridem</strong></span> 
     </span>
    </p>
   </div>
   <div class='ocr_carea' id='block_1_86' title="bbox 1910 4255 3509 4328">
    <p class='ocr_par' dir='ltr' id='par_1_86' title="bbox 1910 4255 3509 4328">
     <span class='ocr_line' id='line_1_86' title="bbox 1910 4255 3509 4328; baseline -0.001 -15"><span class='ocrx_word' id='word_1_646' title='bbox 1910 4255 2286 4321; x_wconf 88' lang='lat' dir='ltr'><strong>ostenderunt,</strong></span> <span class='ocrx_word' id='word_1_647' title='bbox 2315 4271 2348 4313; x_wconf 88' lang='lat' dir='ltr'><strong>e</strong></span> <span class='ocrx_word' id='word_1_648' title='bbox 2370 4256 2566 4326; x_wconf 85' lang='lat' dir='ltr'><strong>quibus</strong></span> <span class='ocrx_word' id='word_1_649' title='bbox 2618 4256 2705 4312; x_wconf 90' lang='lat' dir='ltr'><strong>hic</strong></span> <span class='ocrx_word' id='word_1_650' title='bbox 2735 4255 2916 4311; x_wconf 84' lang='lat' dir='ltr'><strong>indico</strong></span> <span class='ocrx_word' id='word_1_651' title='bbox 2953 4255 3319 4323; x_wconf 89' lang='lat' dir='ltr'><strong>Lactantium,</strong></span> <span class='ocrx_word' id='word_1_652' title='bbox 3347 4272 3509 4328; x_wconf 87' lang='lat' dir='ltr'><strong>quem</strong></span> 
     </span>
    </p>
   </div>
   <div class='ocr_carea' id='block_1_87' title="bbox 1913 4347 3515 4422">
    <p class='ocr_par' dir='ltr' id='par_1_87' title="bbox 1913 4347 3515 4422">
     <span class='ocr_line' id='line_1_87' title="bbox 1913 4347 3515 4422; baseline 0.001 -18"><span class='ocrx_word' id='word_1_653' title='bbox 1913 4349 2061 4420; x_wconf 88' lang='lat' dir='ltr'><strong>legas</strong></span> <span class='ocrx_word' id='word_1_654' title='bbox 2090 4357 2219 4420; x_wconf 94' lang='lat' dir='ltr'><strong>opto</strong></span> <span class='ocrx_word' id='word_1_655' title='bbox 2247 4347 2359 4422; x_wconf 83' lang='lat' dir='ltr'><strong>(lib.</strong></span> <span class='ocrx_word' id='word_1_656' title='bbox 2379 4350 2472 4403; x_wconf 81' lang='lat' dir='ltr'><strong>ide</strong></span> <span class='ocrx_word' id='word_1_657' title='bbox 2502 4347 2772 4420; x_wconf 81' lang='lat' dir='ltr'><strong>Opi/icio).</strong></span> <span class='ocrx_word' id='word_1_658' title='bbox 2820 4351 2916 4405; x_wconf 87' lang='lat' dir='ltr'><strong>Diu</strong></span> <span class='ocrx_word' id='word_1_659' title='bbox 2945 4365 3107 4421; x_wconf 88' lang='lat' dir='ltr'><strong>porro</strong></span> <span class='ocrx_word' id='word_1_660' title='bbox 3133 4361 3260 4408; x_wconf 89' lang='lat' dir='ltr'><strong>ante</strong></span> <span class='ocrx_word' id='word_1_661' title='bbox 3280 4351 3515 4408; x_wconf 86' lang='lat' dir='ltr'><strong>Lactan-</strong></span> 
     </span>
    </p>
   </div>
   <div class='ocr_carea' id='block_1_88' title="bbox 1916 4442 3514 4518">
    <p class='ocr_par' dir='ltr' id='par_1_88' title="bbox 1916 4442 3514 4518">
     <span class='ocr_line' id='line_1_88' title="bbox 1916 4442 3514 4518; baseline 0.005 -22"><span class='ocrx_word' id='word_1_662' title='bbox 1916 4443 2046 4497; x_wconf 89' lang='lat' dir='ltr'><strong>tium</strong></span> <span class='ocrx_word' id='word_1_663' title='bbox 2075 4443 2263 4499; x_wconf 84' lang='lat' dir='ltr'><strong>Cicero</strong></span> <span class='ocrx_word' id='word_1_664' title='bbox 2291 4442 2405 4515; x_wconf 78' lang='lat' dir='ltr'><strong>(lib.</strong></span> <span class='ocrx_word' id='word_1_665' title='bbox 2440 4459 2456 4496; x_wconf 93' lang='lat' dir='ltr'><strong>l</strong></span> <span class='ocrx_word' id='word_1_666' title='bbox 2487 4443 2552 4498; x_wconf 84' lang='lat' dir='ltr'><strong>de</strong></span> <span class='ocrx_word' id='word_1_667' title='bbox 2576 4443 2760 4515; x_wconf 79' lang='lat' dir='ltr'><strong>Ofﬁc.)</strong></span> <span class='ocrx_word' id='word_1_668' title='bbox 2787 4461 2799 4498; x_wconf 90' lang='lat'>:</span> <span class='ocrx_word' id='word_1_669' title='bbox 2829 4462 2849 4498; x_wconf 75' lang='grc' dir='ltr'><strong>ι</strong></span> <span class='ocrx_word' id='word_1_670' title='bbox 2883 4443 3073 4513; x_wconf 66' lang='lat' dir='ltr'><strong>Nobis,</strong></span> <span class='ocrx_word' id='word_1_671' title='bbox 3104 4447 3295 4517; x_wconf 80' lang='lat' dir='ltr'><strong>inquit,</strong></span> <span class='ocrx_word' id='word_1_672' title='bbox 3324 4462 3514 4518; x_wconf 87' lang='lat' dir='ltr'><strong>perso-</strong></span> 
     </span>
    </p>
   </div>
   <div class='ocr_carea' id='block_1_89' title="bbox 199 4531 3512 4629">
    <p class='ocr_par' dir='ltr' id='par_1_89' title="bbox 199 4531 3512 4629">
     <span class='ocr_line' id='line_1_89' title="bbox 199 4531 3512 4629; baseline -0.002 -23"><span class='ocrx_word' id='word_1_673' title='bbox 199 4539 440 4595; x_wconf 68' lang='lat' dir='ltr'><strong>hominis</strong></span> <span class='ocrx_word' id='word_1_674' title='bbox 474 4541 728 4610; x_wconf 69' lang='grc' dir='ltr'><strong>Ρϐτιίηθι,</strong></span> <span class='ocrx_word' id='word_1_675' title='bbox 753 4553 856 4595; x_wconf 74' lang='lat' dir='ltr'><strong>nec</strong></span> <span class='ocrx_word' id='word_1_676' title='bbox 884 4538 1003 4596; x_wconf 77' lang='lat' dir='ltr'><strong>Sine</strong></span> <span class='ocrx_word' id='word_1_677' title='bbox 1028 4551 1258 4608; x_wconf 74' lang='lat' dir='ltr'><strong>corpore</strong></span> <span class='ocrx_word' id='word_1_678' title='bbox 1289 4535 1494 4606; x_wconf 76' lang='lat' dir='ltr'><strong>Percipi</strong></span> <span class='ocrx_word' id='word_1_679' title='bbox 1523 4531 1688 4590; x_wconf 78' lang='lat' dir='ltr'><strong>homo</strong></span> <span class='ocrx_word' id='word_1_680' title='bbox 1718 4545 1812 4602; x_wconf 79' lang='grc' dir='ltr'><strong>ρο·</strong></span> <span class='ocrx_word' id='word_1_681' title='bbox 1836 4568 1892 4629; x_wconf 81' lang='lat' dir='ltr'><strong>D</strong></span> <span class='ocrx_word' id='word_1_682' title='bbox 1917 4554 2038 4594; x_wconf 92' lang='lat' dir='ltr'><strong>nam</strong></span> <span class='ocrx_word' id='word_1_683' title='bbox 2070 4537 2328 4609; x_wconf 91' lang='lat' dir='ltr'><strong>imposuit</strong></span> <span class='ocrx_word' id='word_1_684' title='bbox 2348 4538 2464 4607; x_wconf 92' lang='lat' dir='ltr'><strong>ipsa</strong></span> <span class='ocrx_word' id='word_1_685' title='bbox 2493 4549 2683 4593; x_wconf 88' lang='lat' dir='ltr'><strong>natura</strong></span> <span class='ocrx_word' id='word_1_686' title='bbox 2711 4553 2832 4594; x_wconf 84' lang='lat' dir='ltr'><strong>cum</strong></span> <span class='ocrx_word' id='word_1_687' title='bbox 2862 4540 3207 4604; x_wconf 78' lang='lat' dir='ltr'><strong>excellentia,</strong></span> <span class='ocrx_word' id='word_1_688' title='bbox 3241 4551 3512 4611; x_wconf 69' lang='lat' dir='ltr'><strong>praestan-</strong></span> 
     </span>
    </p>
   </div>
   <div class='ocr_carea' id='block_1_90' title="bbox 201 4625 1812 4700">
    <p class='ocr_par' dir='ltr' id='par_1_90' title="bbox 201 4625 1812 4700">
     <span class='ocr_line' id='line_1_90' title="bbox 201 4625 1812 4700; baseline -0.004 -13"><span class='ocrx_word' id='word_1_689' title='bbox 201 4643 334 4700; x_wconf 85' lang='lat' dir='ltr'><strong>test,</strong></span> <span class='ocrx_word' id='word_1_690' title='bbox 365 4634 506 4687; x_wconf 87' lang='lat' dir='ltr'><strong>sicut</strong></span> <span class='ocrx_word' id='word_1_691' title='bbox 540 4648 640 4689; x_wconf 91' lang='lat' dir='ltr'><strong>nec</strong></span> <span class='ocrx_word' id='word_1_692' title='bbox 669 4633 788 4688; x_wconf 91' lang='lat' dir='ltr'><strong>sine</strong></span> <span class='ocrx_word' id='word_1_693' title='bbox 819 4631 994 4687; x_wconf 89' lang='lat' dir='ltr'><strong>tribus</strong></span> <span class='ocrx_word' id='word_1_694' title='bbox 1029 4630 1231 4686; x_wconf 88' lang='lat' dir='ltr'><strong>divinis</strong></span> <span class='ocrx_word' id='word_1_695' title='bbox 1271 4628 1523 4700; x_wconf 86' lang='lat' dir='ltr'><strong>personis</strong></span> <span class='ocrx_word' id='word_1_696' title='bbox 1565 4625 1812 4684; x_wconf 89' lang='lat' dir='ltr'><strong>Sanctis-</strong></span> 
     </span>
    </p>
   </div>
   <div class='ocr_carea' id='block_1_91' title="bbox 200 4723 1812 4795">
    <p class='ocr_par' dir='ltr' id='par_1_91' title="bbox 200 4723 1812 4795">
     <span class='ocr_line' id='line_1_91' title="bbox 200 4723 1812 4795; baseline -0.006 -9"><span class='ocrx_word' id='word_1_697' title='bbox 200 4730 342 4786; x_wconf 85' lang='lat' dir='ltr'><strong>sima</strong></span> <span class='ocrx_word' id='word_1_698' title='bbox 376 4727 630 4784; x_wconf 87' lang='lat' dir='ltr'><strong>Trinitas.</strong></span> <span class='ocrx_word' id='word_1_699' title='bbox 668 4728 802 4794; x_wconf 85' lang='lat' dir='ltr'><strong>Quis</strong></span> <span class='ocrx_word' id='word_1_700' title='bbox 844 4737 1026 4782; x_wconf 92' lang='lat' dir='ltr'><strong>tamen</strong></span> <span class='ocrx_word' id='word_1_701' title='bbox 1062 4726 1117 4780; x_wconf 91' lang='lat' dir='ltr'><strong>in</strong></span> <span class='ocrx_word' id='word_1_702' title='bbox 1158 4739 1388 4795; x_wconf 89' lang='lat' dir='ltr'><strong>corpore</strong></span> <span class='ocrx_word' id='word_1_703' title='bbox 1427 4723 1663 4779; x_wconf 91' lang='lat' dir='ltr'><strong>humano</strong></span> <span class='ocrx_word' id='word_1_704' title='bbox 1691 4737 1812 4778; x_wconf 90' lang='lat' dir='ltr'><strong>eam</strong></span> 
     </span>
    </p>
   </div>
   <div class='ocr_carea' id='block_1_92' title="bbox 201 4817 1816 4894">
    <p class='ocr_par' dir='ltr' id='par_1_92' title="bbox 201 4817 1816 4894">
     <span class='ocr_line' id='line_1_92' title="bbox 201 4817 1816 4894; baseline -0.004 -16"><span class='ocrx_word' id='word_1_705' title='bbox 201 4823 498 4894; x_wconf 90' lang='lat' dir='ltr'><strong>imaginem</strong></span> <span class='ocrx_word' id='word_1_706' title='bbox 527 4821 790 4878; x_wconf 83' lang='lat' dir='ltr'><strong>collocet?</strong></span> <span class='ocrx_word' id='word_1_707' title='bbox 817 4821 1044 4877; x_wconf 87' lang='lat' dir='ltr'><strong>Constat</strong></span> <span class='ocrx_word' id='word_1_708' title='bbox 1071 4821 1254 4890; x_wconf 90' lang='lat' dir='ltr'><strong>itaque</strong></span> <span class='ocrx_word' id='word_1_709' title='bbox 1281 4818 1592 4890; x_wconf 90' lang='lat' dir='ltr'><strong>hujusmodi</strong></span> <span class='ocrx_word' id='word_1_710' title='bbox 1623 4817 1816 4874; x_wconf 88' lang='lat' dir='ltr'><strong>simili-</strong></span> 
     </span>
    </p>
   </div>
   <div class='ocr_carea' id='block_1_93' title="bbox 205 4911 1817 4987">
    <p class='ocr_par' dir='ltr' id='par_1_93' title="bbox 205 4911 1817 4987">
     <span class='ocr_line' id='line_1_93' title="bbox 205 4911 1817 4987; baseline -0.002 -18"><span class='ocrx_word' id='word_1_711' title='bbox 205 4915 604 4987; x_wconf 54' lang='lat' dir='ltr'><strong>tttdines,.seu,</strong></span> <span class='ocrx_word' id='word_1_712' title='bbox 635 4915 682 4969; x_wconf 92' lang='lat' dir='ltr'><strong>si</strong></span> <span class='ocrx_word' id='word_1_713' title='bbox 721 4913 1003 4986; x_wconf 90' lang='lat' dir='ltr'><strong>appellare</strong></span> <span class='ocrx_word' id='word_1_714' title='bbox 1028 4914 1102 4968; x_wconf 90' lang='lat' dir='ltr'><strong>ita</strong></span> <span class='ocrx_word' id='word_1_715' title='bbox 1130 4913 1231 4979; x_wconf 88' lang='lat' dir='ltr'><strong>vis,</strong></span> <span class='ocrx_word' id='word_1_716' title='bbox 1279 4913 1552 4983; x_wconf 73' lang='lat' dir='ltr'><strong>imagines,</strong></span> <span class='ocrx_word' id='word_1_717' title='bbox 1592 4911 1817 4968; x_wconf 89' lang='lat' dir='ltr'><strong>minimc</strong></span> 
     </span>
    </p>
   </div>
   <div class='ocr_carea' id='block_1_94' title="bbox 204 5005 1814 5081">
    <p class='ocr_par' dir='ltr' id='par_1_94' title="bbox 204 5005 1814 5081">
     <span class='ocr_line' id='line_1_94' title="bbox 204 5005 1814 5081; baseline -0.001 -19"><span class='ocrx_word' id='word_1_718' title='bbox 204 5009 472 5081; x_wconf 81' lang='lat' dir='ltr'><strong>rigorosas</strong></span> <span class='ocrx_word' id='word_1_719' title='bbox 496 5022 638 5068; x_wconf 87' lang='lat' dir='ltr'><strong>esse,</strong></span> <span class='ocrx_word' id='word_1_720' title='bbox 671 5008 770 5064; x_wconf 89' lang='lat' dir='ltr'><strong>sed</strong></span> <span class='ocrx_word' id='word_1_721' title='bbox 799 5006 1090 5062; x_wconf 84' lang='lat' dir='ltr'><strong>latissimas</strong></span> <span class='ocrx_word' id='word_1_722' title='bbox 1120 5023 1134 5059; x_wconf 89' lang='lat'><strong>:</strong></span> <span class='ocrx_word' id='word_1_723' title='bbox 1160 5005 1304 5076; x_wconf 90' lang='lat' dir='ltr'><strong>quod</strong></span> <span class='ocrx_word' id='word_1_724' title='bbox 1343 5006 1389 5061; x_wconf 91' lang='lat' dir='ltr'><strong>si</strong></span> <span class='ocrx_word' id='word_1_725' title='bbox 1429 5005 1524 5062; x_wconf 89' lang='lat' dir='ltr'><strong>tibi</strong></span> <span class='ocrx_word' id='word_1_726' title='bbox 1559 5006 1692 5061; x_wconf 90' lang='lat' dir='ltr'><strong>satis</strong></span> <span class='ocrx_word' id='word_1_727' title='bbox 1713 5014 1814 5073; x_wconf 89' lang='lat' dir='ltr'><strong>est,</strong></span> 
     </span>
    </p>
   </div>
   <div class='ocr_carea' id='block_1_95' title="bbox 205 5097 1814 5171">
    <p class='ocr_par' dir='ltr' id='par_1_95' title="bbox 205 5097 1814 5171">
     <span class='ocr_line' id='line_1_95' title="bbox 205 5097 1814 5171; baseline -0.002 -17"><span class='ocrx_word' id='word_1_728' title='bbox 205 5116 313 5171; x_wconf 85' lang='lat' dir='ltr'><strong>ego</strong></span> <span class='ocrx_word' id='word_1_729' title='bbox 345 5100 528 5170; x_wconf 90' lang='lat' dir='ltr'><strong>utique</strong></span> <span class='ocrx_word' id='word_1_730' title='bbox 555 5098 922 5157; x_wconf 59' lang='lat' dir='ltr'><strong>Sanctissimae</strong></span> <span class='ocrx_word' id='word_1_731' title='bbox 942 5097 1223 5154; x_wconf 88' lang='lat' dir='ltr'><strong>Trinitatis</strong></span> <span class='ocrx_word' id='word_1_732' title='bbox 1245 5097 1528 5166; x_wconf 87' lang='lat' dir='ltr'><strong>imaginem</strong></span> <span class='ocrx_word' id='word_1_733' title='bbox 1560 5097 1614 5151; x_wconf 90' lang='lat' dir='ltr'><strong>in</strong></span> <span class='ocrx_word' id='word_1_734' title='bbox 1640 5097 1814 5152; x_wconf 85' lang='lat' dir='ltr'><strong>anima</strong></span> 
     </span>
    </p>
   </div>
   <div class='ocr_carea' id='block_1_96' title="bbox 207 5189 1819 5262">
    <p class='ocr_par' dir='ltr' id='par_1_96' title="bbox 207 5189 1819 5262">
     <span class='ocr_line' id='line_1_96' title="bbox 207 5189 1819 5262; baseline -0.002 -14"><span class='ocrx_word' id='word_1_735' title='bbox 207 5193 538 5262; x_wconf 88' lang='lat' dir='ltr'><strong>impressam</strong></span> <span class='ocrx_word' id='word_1_736' title='bbox 567 5207 688 5248; x_wconf 88' lang='lat' dir='ltr'><strong>esse</strong></span> <span class='ocrx_word' id='word_1_737' title='bbox 720 5192 951 5257; x_wconf 89' lang='lat' dir='ltr'><strong>fatebor,</strong></span> <span class='ocrx_word' id='word_1_738' title='bbox 974 5199 1192 5261; x_wconf 90' lang='lat' dir='ltr'><strong>propter</strong></span> <span class='ocrx_word' id='word_1_739' title='bbox 1208 5203 1327 5245; x_wconf 88' lang='lat' dir='ltr'><strong>eam</strong></span> <span class='ocrx_word' id='word_1_740' title='bbox 1352 5189 1543 5257; x_wconf 86' lang='lat' dir='ltr'><strong>etiam,</strong></span> <span class='ocrx_word' id='word_1_741' title='bbox 1570 5203 1729 5259; x_wconf 89' lang='lat' dir='ltr'><strong>quam</strong></span> <span class='ocrx_word' id='word_1_742' title='bbox 1752 5204 1819 5244; x_wconf 78' lang='lat' dir='ltr'><strong>ex</strong></span> 
     </span>
    </p>
   </div>
   <div class='ocr_carea' id='block_1_97' title="bbox 213 5285 1158 5352">
    <p class='ocr_par' dir='ltr' id='par_1_97' title="bbox 213 5285 1158 5352">
     <span class='ocr_line' id='line_1_97' title="bbox 213 5285 1158 5352; baseline -0.002 -10"><span class='ocrx_word' id='word_1_743' title='bbox 213 5287 560 5342; x_wconf 83' lang='lat' dir='ltr'><strong>Damasceno</strong></span> <span class='ocrx_word' id='word_1_744' title='bbox 586 5285 835 5352; x_wconf 91' lang='lat' dir='ltr'><strong>attulisti,</strong></span> <span class='ocrx_word' id='word_1_745' title='bbox 868 5287 1158 5341; x_wconf 89' lang='lat' dir='ltr'><strong>rationem.</strong></span> 
     </span>
    </p>
   </div>
   <div class='ocr_carea' id='block_1_98' title="bbox 286 5374 1822 5449">
    <p class='ocr_par' dir='ltr' id='par_1_98' title="bbox 286 5374 1822 5449">
     <span class='ocr_line' id='line_1_98' title="bbox 286 5374 1822 5449; baseline -0.002 -14"><span class='ocrx_word' id='word_1_746' title='bbox 286 5377 384 5435; x_wconf 71' lang='grc'><strong>44.</strong></span> <span class='ocrx_word' id='word_1_747' title='bbox 424 5377 528 5447; x_wconf 90' lang='lat' dir='ltr'><strong>Qui</strong></span> <span class='ocrx_word' id='word_1_748' title='bbox 567 5379 878 5449; x_wconf 87' lang='lat' dir='ltr'><strong>imaginem,</strong></span> <span class='ocrx_word' id='word_1_749' title='bbox 913 5377 981 5434; x_wconf 90' lang='lat' dir='ltr'><strong>de</strong></span> <span class='ocrx_word' id='word_1_750' title='bbox 1006 5395 1110 5448; x_wconf 89' lang='lat' dir='ltr'><strong>qua</strong></span> <span class='ocrx_word' id='word_1_751' title='bbox 1134 5377 1373 5449; x_wconf 89' lang='lat' dir='ltr'><strong>agimus,</strong></span> <span class='ocrx_word' id='word_1_752' title='bbox 1407 5377 1459 5432; x_wconf 92' lang='lat' dir='ltr'><strong>in</strong></span> <span class='ocrx_word' id='word_1_753' title='bbox 1488 5374 1822 5432; x_wconf 89' lang='lat' dir='ltr'><strong>beatitudine</strong></span> 
     </span>
    </p>
   </div>
   <div class='ocr_carea' id='block_1_99' title="bbox 211 5472 1823 5544">
    <p class='ocr_par' dir='ltr' id='par_1_99' title="bbox 211 5472 1823 5544">
     <span class='ocr_line' id='line_1_99' title="bbox 211 5472 1823 5544; baseline -0.001 -14"><span class='ocrx_word' id='word_1_754' title='bbox 211 5473 513 5540; x_wconf 88' lang='lat' dir='ltr'><strong>collocant,</strong></span> <span class='ocrx_word' id='word_1_755' title='bbox 554 5488 657 5544; x_wconf 91' lang='lat' dir='ltr'><strong>qna</strong></span> <span class='ocrx_word' id='word_1_756' title='bbox 694 5473 913 5528; x_wconf 89' lang='lat' dir='ltr'><strong>demum</strong></span> <span class='ocrx_word' id='word_1_757' title='bbox 954 5473 1218 5543; x_wconf 89' lang='lat' dir='ltr'><strong>potiturus</strong></span> <span class='ocrx_word' id='word_1_758' title='bbox 1258 5483 1343 5528; x_wconf 90' lang='lat' dir='ltr'><strong>est</strong></span> <span class='ocrx_word' id='word_1_759' title='bbox 1385 5472 1570 5535; x_wconf 91' lang='lat' dir='ltr'><strong>homo,</strong></span> <span class='ocrx_word' id='word_1_760' title='bbox 1612 5487 1737 5528; x_wconf 91' lang='lat' dir='ltr'><strong>cum</strong></span> <span class='ocrx_word' id='word_1_761' title='bbox 1766 5472 1823 5528; x_wconf 91' lang='lat' dir='ltr'><strong>in</strong></span> 
     </span>
    </p>
   </div>
   <div class='ocr_carea' id='block_1_100' title="bbox 211 5563 1826 5637">
    <p class='ocr_par' dir='ltr' id='par_1_100' title="bbox 211 5563 1826 5637">
     <span class='ocr_line' id='line_1_100' title="bbox 211 5563 1826 5637; baseline -0.004 -10"><span class='ocrx_word' id='word_1_762' title='bbox 211 5567 378 5626; x_wconf 70' lang='lat' dir='ltr'><strong>cmlis</strong></span> <span class='ocrx_word' id='word_1_763' title='bbox 405 5567 570 5622; x_wconf 91' lang='lat' dir='ltr'><strong>Deum</strong></span> <span class='ocrx_word' id='word_1_764' title='bbox 595 5564 799 5622; x_wconf 87' lang='lat' dir='ltr'><strong>videbit</strong></span> <span class='ocrx_word' id='word_1_765' title='bbox 822 5565 957 5637; x_wconf 80' lang='lat' dir='ltr'><strong>facie</strong></span> <span class='ocrx_word' id='word_1_766' title='bbox 996 5565 1065 5620; x_wconf 86' lang='lat' dir='ltr'><strong>ad</strong></span> <span class='ocrx_word' id='word_1_767' title='bbox 1095 5564 1281 5635; x_wconf 79' lang='lat' dir='ltr'><strong>faciem</strong></span> <span class='ocrx_word' id='word_1_768' title='bbox 1309 5564 1414 5636; x_wconf 90' lang='lat' dir='ltr'><strong>(a),</strong></span> <span class='ocrx_word' id='word_1_769' title='bbox 1445 5565 1560 5621; x_wconf 67' lang='lat' dir='ltr'><strong>haec</strong></span> <span class='ocrx_word' id='word_1_770' title='bbox 1588 5563 1826 5620; x_wconf 87' lang='lat' dir='ltr'><strong>Ambro-</strong></span> 
     </span>
    </p>
   </div>
   <div class='ocr_carea' id='block_1_101' title="bbox 212 5657 1823 5732">
    <p class='ocr_par' dir='ltr' id='par_1_101' title="bbox 212 5657 1823 5732">
     <span class='ocr_line' id='line_1_101' title="bbox 212 5657 1823 5732; baseline -0.002 -14"><span class='ocrx_word' id='word_1_771' title='bbox 212 5661 288 5718; x_wconf 85' lang='lat' dir='ltr'><strong>sii</strong></span> <span class='ocrx_word' id='word_1_772' title='bbox 325 5659 496 5717; x_wconf 90' lang='lat' dir='ltr'><strong>verba</strong></span> <span class='ocrx_word' id='word_1_773' title='bbox 547 5658 1082 5732; x_wconf 69' lang='lat' dir='ltr'><strong>afferuntmexaem.</strong></span> <span class='ocrx_word' id='word_1_774' title='bbox 1117 5658 1206 5715; x_wconf 82' lang='lat' dir='ltr'><strong>lib.</strong></span> <span class='ocrx_word' id='word_1_775' title='bbox 1238 5675 1295 5715; x_wconf 87' lang='lat' dir='ltr'><strong>vt</strong></span> <span class='ocrx_word' id='word_1_776' title='bbox 1325 5676 1442 5731; x_wconf 84' lang='lat' dir='ltr'><strong>cap.</strong></span> <span class='ocrx_word' id='word_1_777' title='bbox 1487 5659 1544 5726; x_wconf 89' lang='lat'><strong>8,</strong></span> <span class='ocrx_word' id='word_1_778' title='bbox 1601 5677 1656 5713; x_wconf 81' lang='grc' dir='ltr'><strong>η.</strong></span> <span class='ocrx_word' id='word_1_779' title='bbox 1705 5657 1823 5730; x_wconf 75' lang='grc'><strong>45).</strong></span> 
     </span>
    </p>
   </div>
   <div class='ocr_carea' id='block_1_102' title="bbox 1917 4631 3518 4706">
    <p class='ocr_par' dir='ltr' id='par_1_102' title="bbox 1917 4631 3518 4706">
     <span class='ocr_line' id='line_1_102' title="bbox 1917 4631 3518 4706; baseline 0.003 -18"><span class='ocrx_word' id='word_1_780' title='bbox 1917 4633 2096 4704; x_wconf 91' lang='lat' dir='ltr'><strong>tiaque</strong></span> <span class='ocrx_word' id='word_1_781' title='bbox 2121 4631 2480 4688; x_wconf 89' lang='lat' dir='ltr'><strong>animantium</strong></span> <span class='ocrx_word' id='word_1_782' title='bbox 2524 4631 2877 4703; x_wconf 91' lang='lat' dir='ltr'><strong>reliquarum,</strong></span> <span class='ocrx_word' id='word_1_783' title='bbox 2910 4651 2930 4685; x_wconf 74' lang='grc' dir='ltr'><strong>ι</strong></span> <span class='ocrx_word' id='word_1_784' title='bbox 2991 4633 3058 4688; x_wconf 86' lang='lat' dir='ltr'><strong>Et</strong></span> <span class='ocrx_word' id='word_1_785' title='bbox 3108 4635 3223 4706; x_wconf 90' lang='lat' dir='ltr'><strong>ipse</strong></span> <span class='ocrx_word' id='word_1_786' title='bbox 3275 4635 3518 4706; x_wconf 89' lang='lat' dir='ltr'><strong>profecto</strong></span> 
     </span>
    </p>
   </div>
   <div class='ocr_carea' id='block_1_103' title="bbox 1917 4725 3520 4800">
    <p class='ocr_par' dir='ltr' id='par_1_103' title="bbox 1917 4725 3520 4800">
     <span class='ocr_line' id='line_1_103' title="bbox 1917 4725 3520 4800; baseline 0.005 -20"><span class='ocrx_word' id='word_1_787' title='bbox 1917 4735 2170 4796; x_wconf 89' lang='lat' dir='ltr'><strong>aspectus</strong></span> <span class='ocrx_word' id='word_1_788' title='bbox 2214 4740 2278 4782; x_wconf 88' lang='lat' dir='ltr'><strong>ac</strong></span> <span class='ocrx_word' id='word_1_789' title='bbox 2321 4725 2504 4781; x_wconf 87' lang='lat' dir='ltr'><strong>vultus</strong></span> <span class='ocrx_word' id='word_1_790' title='bbox 2551 4725 2808 4793; x_wconf 87' lang='lat' dir='ltr'><strong>hominis,</strong></span> <span class='ocrx_word' id='word_1_791' title='bbox 2835 4736 3097 4797; x_wconf 90' lang='lat' dir='ltr'><strong>quantum</strong></span> <span class='ocrx_word' id='word_1_792' title='bbox 3140 4729 3230 4784; x_wconf 90' lang='lat' dir='ltr'><strong>ille</strong></span> <span class='ocrx_word' id='word_1_793' title='bbox 3279 4729 3520 4800; x_wconf 89' lang='lat' dir='ltr'><strong>reliquas</strong></span> 
     </span>
    </p>
   </div>
   <div class='ocr_carea' id='block_1_104' title="bbox 1918 4819 3522 4893">
    <p class='ocr_par' dir='ltr' id='par_1_104' title="bbox 1918 4819 3522 4893">
     <span class='ocr_line' id='line_1_104' title="bbox 1918 4819 3522 4893; baseline 0.002 -17"><span class='ocrx_word' id='word_1_794' title='bbox 1918 4821 2222 4876; x_wconf 89' lang='lat' dir='ltr'><strong>animantes</strong></span> <span class='ocrx_word' id='word_1_795' title='bbox 2254 4819 2575 4876; x_wconf 80' lang='lat' dir='ltr'><strong>excellentia</strong></span> <span class='ocrx_word' id='word_1_796' title='bbox 2605 4821 2804 4886; x_wconf 83' lang='lat' dir='ltr'><strong>vincat,</strong></span> <span class='ocrx_word' id='word_1_797' title='bbox 2832 4835 2895 4876; x_wconf 82' lang='lat' dir='ltr'><strong>ac</strong></span> <span class='ocrx_word' id='word_1_798' title='bbox 2926 4820 3208 4893; x_wconf 89' lang='lat' dir='ltr'><strong>dignitate,</strong></span> <span class='ocrx_word' id='word_1_799' title='bbox 3235 4823 3522 4880; x_wconf 81' lang='lat' dir='ltr'><strong>manifesto</strong></span> 
     </span>
    </p>
   </div>
   <div class='ocr_carea' id='block_1_105' title="bbox 1921 4911 3518 4990">
    <p class='ocr_par' dir='ltr' id='par_1_105' title="bbox 1921 4911 3518 4990">
     <span class='ocr_line' id='line_1_105' title="bbox 1921 4911 3518 4990; baseline 0.001 -21"><span class='ocrx_word' id='word_1_800' title='bbox 1921 4913 2180 4970; x_wconf 89' lang='lat' dir='ltr'><strong>ostendit.</strong></span> <span class='ocrx_word' id='word_1_801' title='bbox 2208 4912 2430 4969; x_wconf 90' lang='lat' dir='ltr'><strong>Scilicet</strong></span> <span class='ocrx_word' id='word_1_802' title='bbox 2453 4913 2497 4968; x_wconf 93' lang='lat' dir='ltr'><strong>si</strong></span> <span class='ocrx_word' id='word_1_803' title='bbox 2516 4911 2735 4968; x_wconf 86' lang='lat' dir='ltr'><strong>easdem</strong></span> <span class='ocrx_word' id='word_1_804' title='bbox 2766 4912 3066 4971; x_wconf 88' lang='lat' dir='ltr'><strong>animantes</strong></span> <span class='ocrx_word' id='word_1_805' title='bbox 3101 4915 3327 4972; x_wconf 88' lang='lat' dir='ltr'><strong>intueris</strong></span> <span class='ocrx_word' id='word_1_806' title='bbox 3351 4915 3518 4990; x_wconf 86' lang='lat' dir='ltr'><strong>(Boet.</strong></span> 
     </span>
    </p>
   </div>
   <div class='ocr_carea' id='block_1_106' title="bbox 1923 5004 2644 5078">
    <p class='ocr_par' dir='ltr' id='par_1_106' title="bbox 1923 5004 2644 5078">
     <span class='ocr_line' id='line_1_106' title="bbox 1923 5004 2644 5078; baseline -0.003 -15"><span class='ocrx_word' id='word_1_807' title='bbox 1923 5009 1986 5064; x_wconf 90' lang='lat' dir='ltr'><strong>de</strong></span> <span class='ocrx_word' id='word_1_808' title='bbox 2009 5007 2268 5064; x_wconf 82' lang='lat' dir='ltr'><strong>Cousolat.</strong></span> <span class='ocrx_word' id='word_1_809' title='bbox 2301 5007 2390 5062; x_wconf 83' lang='lat' dir='ltr'><strong>lib.</strong></span> <span class='ocrx_word' id='word_1_810' title='bbox 2428 5022 2485 5075; x_wconf 78' lang='grc' dir='ltr'><strong>ν,</strong></span> <span class='ocrx_word' id='word_1_811' title='bbox 2537 5004 2596 5078; x_wconf 83' lang='lat'><strong>5)</strong></span> <span class='ocrx_word' id='word_1_812' title='bbox 2629 5024 2644 5061; x_wconf 91' lang='lat'>:</span> 
     </span>
    </p>
   </div>
   <div class='ocr_carea' id='block_1_107' title="bbox 2024 5098 3334 5166">
    <p class='ocr_par' dir='ltr' id='par_1_107' title="bbox 2024 5098 3334 5166">
     <span class='ocr_line' id='line_1_107' title="bbox 2024 5098 3334 5166; baseline 0.005 -19"><span class='ocrx_word' id='word_1_813' title='bbox 2148 5098 2312 5148; x_wconf 85' lang='lat' dir='ltr'><strong>Variis</strong></span> <span class='ocrx_word' id='word_1_814' title='bbox 2329 5098 2498 5166; x_wconf 79' lang='lat' dir='ltr'><strong>videas</strong></span> <span class='ocrx_word' id='word_1_815' title='bbox 2519 5100 2637 5166; x_wconf 81' lang='lat' dir='ltr'><strong>licet</strong></span> <span class='ocrx_word' id='word_1_816' title='bbox 2658 5102 2820 5152; x_wconf 88' lang='lat' dir='ltr'><strong>omnia</strong></span> <span class='ocrx_word' id='word_1_817' title='bbox 2842 5101 3128 5166; x_wconf 86' lang='lat' dir='ltr'><strong>discrepare</strong></span> <span class='ocrx_word' id='word_1_818' title='bbox 3151 5102 3334 5163; x_wconf 84' lang='lat' dir='ltr'><strong>formis,</strong></span> 
     </span>
    </p>
   </div>
   <div class='ocr_carea' id='block_1_108' title="bbox 2020 5162 3430 5216">
    <p class='ocr_par' dir='ltr' id='par_1_108' title="bbox 2020 5162 3430 5216">
     <span class='ocr_line' id='line_1_108' title="bbox 2020 5162 3430 5216; baseline 0.002 -4"><span class='ocrx_word' id='word_1_819' title='bbox 2020 5162 2180 5214; x_wconf 88' lang='lat' dir='ltr'><strong>Prona</strong></span> <span class='ocrx_word' id='word_1_820' title='bbox 2202 5170 2366 5213; x_wconf 78' lang='lat' dir='ltr'><strong>tamen</strong></span> <span class='ocrx_word' id='word_1_821' title='bbox 2388 5162 2536 5212; x_wconf 74' lang='lat' dir='ltr'><strong>facies</strong></span> <span class='ocrx_word' id='word_1_822' title='bbox 2560 5162 2775 5216; x_wconf 87' lang='lat' dir='ltr'><strong>hebetes</strong></span> <span class='ocrx_word' id='word_1_823' title='bbox 2800 5165 2931 5216; x_wconf 90' lang='lat' dir='ltr'><strong>valet</strong></span> <span class='ocrx_word' id='word_1_824' title='bbox 2950 5162 3211 5216; x_wconf 67' lang='lat' dir='ltr'><strong>inuravare</strong></span> <span class='ocrx_word' id='word_1_825' title='bbox 3235 5162 3430 5216; x_wconf 85' lang='lat' dir='ltr'><strong>sensus.</strong></span> 
     </span>
    </p>
   </div>
   <div class='ocr_carea' id='block_1_109' title="bbox 2021 5223 3402 5291">
    <p class='ocr_par' dir='ltr' id='par_1_109' title="bbox 2021 5223 3402 5291">
     <span class='ocr_line' id='line_1_109' title="bbox 2021 5223 3402 5291; baseline 0.004 -19"><span class='ocrx_word' id='word_1_826' title='bbox 2021 5223 2174 5291; x_wconf 75' lang='lat' dir='ltr'><strong>Unica</strong></span> <span class='ocrx_word' id='word_1_827' title='bbox 2197 5238 2323 5291; x_wconf 80' lang='lat' dir='ltr'><strong>gens</strong></span> <span class='ocrx_word' id='word_1_828' title='bbox 2345 5224 2595 5274; x_wconf 88' lang='lat' dir='ltr'><strong>hominum</strong></span> <span class='ocrx_word' id='word_1_829' title='bbox 2618 5226 2806 5277; x_wconf 88' lang='lat' dir='ltr'><strong>celsum</strong></span> <span class='ocrx_word' id='word_1_830' title='bbox 2833 5226 2963 5277; x_wconf 86' lang='lat' dir='ltr'><strong>levat</strong></span> <span class='ocrx_word' id='word_1_831' title='bbox 2982 5223 3126 5278; x_wconf 77' lang='lat' dir='ltr'><strong>altius</strong></span> <span class='ocrx_word' id='word_1_832' title='bbox 3145 5241 3402 5291; x_wconf 87' lang='lat' dir='ltr'><strong>cacumen,</strong></span> 
     </span>
    </p>
   </div>
   <div class='ocr_carea' id='block_1_110' title="bbox 2027 5285 3403 5354">
    <p class='ocr_par' dir='ltr' id='par_1_110' title="bbox 2027 5285 3403 5354">
     <span class='ocr_line' id='line_1_110' title="bbox 2027 5285 3403 5354; baseline 0.004 -17"><span class='ocrx_word' id='word_1_833' title='bbox 2027 5286 2191 5351; x_wconf 81' lang='lat' dir='ltr'><strong>Atque</strong></span> <span class='ocrx_word' id='word_1_834' title='bbox 2204 5285 2342 5338; x_wconf 84' lang='lat' dir='ltr'><strong>levis</strong></span> <span class='ocrx_word' id='word_1_835' title='bbox 2363 5295 2500 5338; x_wconf 86' lang='lat' dir='ltr'><strong>recto</strong></span> <span class='ocrx_word' id='word_1_836' title='bbox 2518 5295 2616 5338; x_wconf 87' lang='lat' dir='ltr'><strong>stat</strong></span> <span class='ocrx_word' id='word_1_837' title='bbox 2639 5303 2866 5353; x_wconf 90' lang='lat' dir='ltr'><strong>corpore,</strong></span> <span class='ocrx_word' id='word_1_838' title='bbox 2892 5291 3204 5354; x_wconf 88' lang='lat' dir='ltr'><strong>despicitque</strong></span> <span class='ocrx_word' id='word_1_839' title='bbox 3224 5285 3403 5342; x_wconf 66' lang='lat' dir='ltr'><strong>terras.</strong></span> 
     </span>
    </p>
   </div>
   <div class='ocr_carea' id='block_1_111' title="bbox 2003 5379 3528 5455">
    <p class='ocr_par' dir='ltr' id='par_1_111' title="bbox 2003 5379 3528 5455">
     <span class='ocr_line' id='line_1_111' title="bbox 2003 5379 3528 5455; baseline 0.004 -21"><span class='ocrx_word' id='word_1_840' title='bbox 2003 5379 2092 5434; x_wconf 64' lang='lat'><strong>‘7.</strong></span> <span class='ocrx_word' id='word_1_841' title='bbox 2135 5379 2437 5435; x_wconf 86' lang='lat' dir='ltr'><strong>Pertractat</strong></span> <span class='ocrx_word' id='word_1_842' title='bbox 2467 5379 2571 5436; x_wconf 88' lang='lat' dir='ltr'><strong>hoc</strong></span> <span class='ocrx_word' id='word_1_843' title='bbox 2616 5393 2993 5453; x_wconf 89' lang='lat' dir='ltr'><strong>argumentum</strong></span> <span class='ocrx_word' id='word_1_844' title='bbox 3035 5383 3368 5452; x_wconf 83' lang='lat' dir='ltr'><strong>Augustinus</strong></span> <span class='ocrx_word' id='word_1_845' title='bbox 3410 5382 3528 5455; x_wconf 84' lang='lat' dir='ltr'><strong>(lib.</strong></span> 
     </span>
    </p>
   </div>
   <div class='ocr_carea' id='block_1_112' title="bbox 1932 5470 3532 5547">
    <p class='ocr_par' dir='ltr' id='par_1_112' title="bbox 1932 5470 3532 5547">
     <span class='ocr_line' id='line_1_112' title="bbox 1932 5470 3532 5547; baseline 0.003 -20"><span class='ocrx_word' id='word_1_846' title='bbox 1932 5472 2036 5528; x_wconf 80' lang='lat' dir='ltr'><strong>ide</strong></span> <span class='ocrx_word' id='word_1_847' title='bbox 2065 5470 2250 5528; x_wconf 81' lang='lat' dir='ltr'><strong>Genesi</strong></span> <span class='ocrx_word' id='word_1_848' title='bbox 2271 5481 2452 5527; x_wconf 86' lang='lat' dir='ltr'><strong>contra</strong></span> <span class='ocrx_word' id='word_1_849' title='bbox 2475 5471 2706 5527; x_wconf 73' lang='lat' dir='ltr'><strong>Martiali.</strong></span> <span class='ocrx_word' id='word_1_850' title='bbox 2749 5490 2865 5544; x_wconf 84' lang='lat' dir='ltr'><strong>cap.</strong></span> <span class='ocrx_word' id='word_1_851' title='bbox 2918 5475 3008 5540; x_wconf 85' lang='grc'><strong>17,</strong></span> <span class='ocrx_word' id='word_1_852' title='bbox 3047 5491 3101 5528; x_wconf 85' lang='lat' dir='ltr'><strong>n.</strong></span> <span class='ocrx_word' id='word_1_853' title='bbox 3157 5473 3275 5546; x_wconf 71' lang='lat'><strong>28),</strong></span> <span class='ocrx_word' id='word_1_854' title='bbox 3332 5477 3532 5547; x_wconf 91' lang='lat' dir='ltr'><strong>quippe</strong></span> 
     </span>
    </p>
   </div>
   <div class='ocr_carea' id='block_1_113' title="bbox 1931 5566 3533 5639">
    <p class='ocr_par' dir='ltr' id='par_1_113' title="bbox 1931 5566 3533 5639">
     <span class='ocr_line' id='line_1_113' title="bbox 1931 5566 3533 5639; baseline 0.002 -18"><span class='ocrx_word' id='word_1_855' title='bbox 1931 5567 2024 5637; x_wconf 91' lang='lat' dir='ltr'><strong>qui</strong></span> <span class='ocrx_word' id='word_1_856' title='bbox 2056 5566 2284 5624; x_wconf 88' lang='lat' dir='ltr'><strong>innuere</strong></span> <span class='ocrx_word' id='word_1_857' title='bbox 2329 5581 2437 5624; x_wconf 91' lang='lat' dir='ltr'><strong>non</strong></span> <span class='ocrx_word' id='word_1_858' title='bbox 2483 5575 2722 5634; x_wconf 88' lang='lat' dir='ltr'><strong>veretur,</strong></span> <span class='ocrx_word' id='word_1_859' title='bbox 2755 5582 2916 5638; x_wconf 91' lang='lat' dir='ltr'><strong>posse</strong></span> <span class='ocrx_word' id='word_1_860' title='bbox 2968 5567 3150 5639; x_wconf 91' lang='lat' dir='ltr'><strong>aliquo</strong></span> <span class='ocrx_word' id='word_1_861' title='bbox 3178 5568 3340 5626; x_wconf 88' lang='lat' dir='ltr'><strong>modo</strong></span> <span class='ocrx_word' id='word_1_862' title='bbox 3370 5570 3533 5626; x_wconf 90' lang='lat' dir='ltr'><strong>etiam</strong></span> 
     </span>
    </p>
   </div>
   <div class='ocr_carea' id='block_1_114' title="bbox 1934 5659 3532 5732">
    <p class='ocr_par' dir='ltr' id='par_1_114' title="bbox 1934 5659 3532 5732">
     <span class='ocr_line' id='line_1_114' title="bbox 1934 5659 3532 5732; baseline 0.001 -17"><span class='ocrx_word' id='word_1_863' title='bbox 1934 5673 2134 5732; x_wconf 89' lang='lat' dir='ltr'><strong>corpus</strong></span> <span class='ocrx_word' id='word_1_864' title='bbox 2187 5659 2480 5718; x_wconf 87' lang='lat' dir='ltr'><strong>humanum</strong></span> <span class='ocrx_word' id='word_1_865' title='bbox 2527 5659 2597 5716; x_wconf 87' lang='lat' dir='ltr'><strong>ad</strong></span> <span class='ocrx_word' id='word_1_866' title='bbox 2641 5659 2930 5732; x_wconf 86' lang='lat' dir='ltr'><strong>imaginem</strong></span> <span class='ocrx_word' id='word_1_867' title='bbox 2963 5660 3058 5717; x_wconf 92' lang='lat' dir='ltr'><strong>Dei</strong></span> <span class='ocrx_word' id='word_1_868' title='bbox 3087 5660 3291 5719; x_wconf 90' lang='lat' dir='ltr'><strong>factum</strong></span> <span class='ocrx_word' id='word_1_869' title='bbox 3339 5662 3532 5730; x_wconf 91' lang='lat' dir='ltr'><strong>videri,</strong></span> 
     </span>
    </p>
   </div>
   <div class='ocr_carea' id='block_1_115' title="bbox 298 5794 3528 5873">
    <p class='ocr_par' dir='ltr' id='par_1_115' title="bbox 298 5794 3528 5873">
     <span class='ocr_line' id='line_1_115' title="bbox 298 5794 3528 5873; baseline 0.003 -21"><span class='ocrx_word' id='word_1_870' title='bbox 298 5798 377 5871; x_wconf 88' lang='grc' dir='ltr'><strong>(α)</strong></span> <span class='ocrx_word' id='word_1_871' title='bbox 419 5797 568 5855; x_wconf 81' lang='lat' dir='ltr'><strong>lianc</strong></span> <span class='ocrx_word' id='word_1_872' title='bbox 617 5798 910 5873; x_wconf 70' lang='lat' dir='ltr'><strong>imaginem</strong></span> <span class='ocrx_word' id='word_1_873' title='bbox 965 5797 1042 5873; x_wconf 89' lang='lat' dir='ltr'><strong>in_</strong></span> <span class='ocrx_word' id='word_1_874' title='bbox 1081 5795 1435 5873; x_wconf 74' lang='lat' dir='ltr'><strong>similitudine</strong></span> <span class='ocrx_word' id='word_1_875' title='bbox 1486 5794 1815 5869; x_wconf 78' lang='lat' dir='ltr'><strong>expressiori</strong></span> <span class='ocrx_word' id='word_1_876' title='bbox 1855 5795 2146 5866; x_wconf 83' lang='lat' dir='ltr'><strong>collocant,</strong></span> <span class='ocrx_word' id='word_1_877' title='bbox 2187 5813 2352 5870; x_wconf 89' lang='lat' dir='ltr'><strong>quam</strong></span> <span class='ocrx_word' id='word_1_878' title='bbox 2404 5797 2681 5857; x_wconf 88' lang='lat' dir='ltr'><strong>hominem</strong></span> <span class='ocrx_word' id='word_1_879' title='bbox 2711 5799 2874 5867; x_wconf 89' lang='lat' dir='ltr'><strong>inter,</strong></span> <span class='ocrx_word' id='word_1_880' title='bbox 2924 5805 2983 5857; x_wconf 87' lang='lat' dir='ltr'><strong>et</strong></span> <span class='ocrx_word' id='word_1_881' title='bbox 3021 5798 3217 5870; x_wconf 83' lang='lat' dir='ltr'><strong>Deum,</strong></span> <span class='ocrx_word' id='word_1_882' title='bbox 3263 5808 3528 5873; x_wconf 84' lang='lat' dir='ltr'><strong>quatenus</strong></span> 
     </span>
    </p>
   </div>
   <div class='ocr_carea' id='block_1_116' title="bbox 220 5867 1288 5943">
    <p class='ocr_par' dir='ltr' id='par_1_116' title="bbox 220 5867 1288 5943">
     <span class='ocr_line' id='line_1_116' title="bbox 220 5867 1288 5943; baseline -0.005 -12"><span class='ocrx_word' id='word_1_883' title='bbox 220 5867 428 5931; x_wconf 82' lang='lat' dir='ltr'><strong>beatus</strong></span> <span class='ocrx_word' id='word_1_884' title='bbox 451 5880 556 5943; x_wconf 84' lang='lat' dir='ltr'><strong>est,</strong></span> <span class='ocrx_word' id='word_1_885' title='bbox 578 5867 844 5930; x_wconf 81' lang='lat' dir='ltr'><strong>statuunt.</strong></span> <span class='ocrx_word' id='word_1_886' title='bbox 877 5867 1081 5930; x_wconf 76' lang='lat' dir='ltr'><strong>Recole</strong></span> <span class='ocrx_word' id='word_1_887' title='bbox 1106 5885 1164 5927; x_wconf 92' lang='lat' dir='ltr'><strong>n.</strong></span> <span class='ocrx_word' id='word_1_888' title='bbox 1201 5869 1288 5928; x_wconf 79' lang='lat' dir='ltr'><strong>i9.</strong></span> 
     </span>
    </p>
   </div>
  </div>
