4066 6424
557 325 660 381 8‘17

1235 319 1303 377 IN
1343 315 1603 376 HILARII
1636 314 1853 374 EPIST.
1897 312 2026 372 SEU
2079 303 2299 370 LIBEL.
2347 305 2800 370 DISSERTATIO
2837 310 3183 370 SECUNDA.

3748 307 3852 366 $68

546 445 688 517 quod
721 441 922 499 indicet
945 455 1043 498 nos
1073 440 1324 496 meliores
1346 454 1490 506 esse,
1516 452 1675 508 quam
1709 434 1911 491 bestias
1938 450 1950 485 :
1981 451 1999 483 ι
2020 430 2147 486 Om-
2173 431 2230 492 Α
2253 429 2394 498 quod
2427 430 2579 486 adest
2604 473 2616 495 ,
2671 431 2922 502 quodque
2962 444 3202 500 praesens
3231 437 3335 494 est,
3369 442 3431 485 se
3454 429 3850 494 accommodat,

545 540 692 594 nium
723 536 866 593 enim
899 534 1210 590 animalium
1239 548 1489 603 corpora,
1541 531 1656 586 sive
1686 545 1806 602 qua:
1857 528 1912 583 in
1954 527 2107 597 aquis
2133 571 2146 594 ,

545 633 660 688 sive
683 647 803 701 qua:
824 631 874 685 in
897 637 1042 685 terra
1077 629 1298 694 vivunt,
1326 626 1440 682 sive
1467 640 1586 697 qtuc
1623 625 1676 678 in
1715 638 1843 679 aere
1876 619 2107 677 volitant
2129 662 2142 684 ,

545 723 801 779 inclinata
860 731 987 776 sunt
1029 719 1095 776 ad
1129 730 1352 782 terram,
1394 728 1446 772 et
1495 733 1601 771 non
1634 724 1759 772 sunt
1781 724 1982 778 erecta,
2009 711 2151 767 sicut

546 814 785 872 hominis
807 827 1024 884 corpus.
1052 813 1171 880 Quo
1195 809 1530 882 significatur
1559 810 1722 864 etiam
1755 807 1992 862 animum
2023 818 2148 859 nos-

543 918 684 963 trum
713 909 764 963 in
791 921 1022 978 superna
1052 922 1169 973 sua,
1202 905 1256 959 id
1275 913 1356 960 est
1383 903 1435 958 in
1468 913 1666 957 :ctcrna
1697 899 1995 971 spiritualia
2023 911 2146 952 erc-

540 1012 688 1058 ctum
753 1015 872 1056 esse
943 999 1163 1055 debere.
1239 999 1312 1054 lta
1376 996 1697 1067 intelligitur
1744 1010 1838 1066 per
1903 991 2145 1049 animum

541 1096 816 1157 mavime,
864 1094 1166 1148 adtestante
1216 1091 1378 1147 etiam
1419 1098 1602 1146 erecta
1653 1085 1904 1157 corporis
1949 1084 2140 1151 forma,

540 1187 706 1243 homo
739 1188 911 1241 factus
948 1185 1015 1240 ad
1049 1185 1358 1256 imaginem,
1387 1190 1442 1238 et
1473 1179 1883 1236 similitudinem
1915 1179 2033 1232 Dei.
2067 1195 2086 1230 ι

614 1280 757 1335 Idem
792 1278 918 1334 alibi
947 1276 1031 1333 his
1054 1279 1235 1334 verbis
1281 1276 1475 1348 repetit
1509 1275 1633 1348 (lib.
1665 1289 1866 1330 uuln
1903 1271 2145 1342 quastio-

540 1393 682 1440 num,
741 1383 921 1445 quwst.
949 1373 1037 1440 51,
1092 1389 1145 1427 n.
1174 1371 1229 1436 2,
1288 1370 1385 1441 5):
1422 1389 1442 1423 ι
1471 1367 1758 1438 Quomodo
1803 1377 1984 1421 autem
2034 1379 2141 1418 non

540 1472 610 1527 sit
642 1473 1019 1540 incongruum,
1051 1466 1193 1538 quod
1225 1467 1421 1521 dicitur
1445 1465 1607 1521 etiam
1636 1477 1831 1532 corpus
1854 1463 2052 1518 factum
2073 1458 2142 1513 ad

543 1563 954 1619 similitudinem
987 1561 1104 1626 Dei,
1138 1560 1295 1615 facile
1321 1558 1597 1628 intelligit,
1630 1555 1721 1627 qui
1747 1555 2033 1625 diligenter
2057 1561 2144 1606 at-

540 1658 706 1713 tendit
735 1655 877 1728 quod
909 1656 1110 1711 dictum
1153 1665 1236 1709 est
1267 1672 1278 1705 :
1316 1654 1382 1708 Et
1427 1653 1555 1708 fecit
1588 1653 1728 1707 Deus
1779 1650 1962 1706 omnia
2000 1649 2139 1704 bona

538 1749 696 1804 valde
729 1747 882 1819 (Gen.
921 1763 998 1811 ιιι,
1033 1747 1108 1817 l).
1156 1746 1328 1801 Nemo
1374 1745 1522 1800 enim
1567 1744 1802 1808 dubitat,
1844 1743 1972 1814 quin
2021 1742 2142 1812 ipse

2253 521 2528 592 paululum
2579 521 2872 579 admodum
2921 525 3166 580 sentiens
3200 523 3556 594 pratteritum,
3585 531 3678 578 aut
3706 521 3856 578 futu-

2253 631 2394 672 rmn.
2437 615 2612 672 Homo
2640 629 2844 687 autem,
2871 617 3017 690 quod
3048 619 3276 674 rationis
3304 618 3694 690 esvparticeps
3712 660 3726 683 ,
3758 633 3861 687 per

2250 725 2409 779 quam
2438 711 2825 782 consequentia
2857 712 3050 776 cernit,
3077 726 3269 767 causas
3300 727 3483 768 rerum
3521 711 3692 772 videt,
3757 725 3858 765 ea-

2251 818 2479 875 rumque
2508 819 2848 875 progressus,
2880 815 2932 861 et
2959 807 3110 878 quasi
3137 805 3538 861 antecessiones
3565 818 3671 859 non
3701 803 3863 875 igno-

2249 905 2354 963 rat,
2401 897 2783 955 similitudines
2833 909 3129 970 comparat,
3172 908 3226 954 et
3280 899 3444 955 rebus
3483 897 3856 970 praesentibus

2248 989 2507 1062 adjungit.
2539 1002 2698 1064 atque
2747 993 2988 1048 annectit
3035 992 3280 1047 futuras:
3313 991 3465 1046 facile
3515 993 3679 1046 totius
3723 992 3862 1045 vita:

2247 1097 2468 1139 cursum
2511 1085 2675 1154 videt,
2724 1087 2791 1142 ad
2838 1101 3067 1157 eamque
3117 1087 3407 1157 regendam
3446 1094 3711 1156 praeparat
3755 1099 3857 1140 res

2247 1178 2606 1233 necessarias.
2660 1178 2971 1251 Eademque
3015 1188 3204 1235 natura
3233 1180 3284 1235 vi
3322 1181 3547 1236 rationis
3572 1179 3863 1234 hominem

2245 1272 2499 1328 conciliat
2522 1273 2722 1330 homini
2754 1275 2822 1330 ad
2843 1275 3128 1344 orationis,
3158 1285 3213 1332 et
3241 1275 3308 1331 ad
3337 1275 3459 1330 vitm
3482 1276 3814 1331 societatem
3849 1291 3862 1327 :

2248 1363 2640 1437 ingeneratque
2687 1367 2743 1423 in
2775 1369 2964 1438 primis
3004 1371 3334 1439 praecipuum
3376 1369 3657 1441 quemdam
3690 1384 3862 1423 amo-

2246 1472 2364 1514 rem
2393 1459 2443 1512 in
2479 1474 2594 1521 eos,
2628 1461 2718 1530 qui
2751 1463 3018 1531 procreati
3052 1471 3176 1518 sunt
3215 1480 3228 1515 :
3259 1463 3612 1534 impellitque,
3655 1471 3711 1516 ut
3750 1461 3862 1515 lm-

2247 1553 2449 1606 minum
2480 1564 2674 1619 castus,
2705 1562 2759 1609 et
2788 1555 3183 1612 celebrationes
3211 1565 3266 1612 et
3301 1571 3446 1622 esse,
3473 1566 3524 1612 et
3549 1572 3576 1610 a
3606 1572 3665 1610 se
3692 1555 3853 1610 obiri

2248 1643 2434 1699 velit.»

2316 1737 2406 1792 5f.
2454 1738 2545 1794 His
2576 1740 2715 1796 addc
2740 1784 2753 1809 ,
2788 1757 2856 1798 ne
2886 1743 3084 1798 multos
3113 1742 3358 1810 alierant,
3389 1760 3508 1815 qua:
3531 1743 3686 1799 docet
3739 1742 3860 1800 hoc

538 1841 786 1913 primitus
814 1841 883 1896 sit
907 1843 1099 1895 bonus.
1128 1841 1338 1910 Corpus
1366 1854 1581 1910 quoque
1612 1837 1870 1901 hominis,
1898 1836 2022 1906 quia
2047 1851 2137 1890 so-
2167 1834 2215 1893 B
2241 1844 2407 1901 Super
2437 1845 2758 1903 argumento
2791 1835 3125 1906 Augustinus
3173 1837 3260 1907 (de
3312 1838 3526 1893 diversis
3561 1839 3859 1909 question.

537 1933 648 1990 lum
689 1936 827 1988 inter
869 1932 1184 1988 animalium
1238 1942 1578 1987 terrenorum
1607 1945 1836 2000 corpora
1878 1945 1984 1983 non
2015 1946 2138 1998 pro-

535 2045 662 2083 num
692 2027 742 2082 in
773 2027 937 2082 alimn
965 2034 1292 2097 prostratum
1317 2035 1421 2092 est,
1448 2040 1571 2079 cum
1596 2026 1665 2078 sit
1692 2024 1928 2091 visibile,
1947 2023 2044 2078 scd
2069 2023 2135 2078 ad

534 2119 852 2176 intuendum
884 2120 1082 2176 cmlntn
1113 2126 1427 2175 erectum...
1452 2117 1615 2174 etiam
1647 2118 1768 2188 quia
1805 2117 1913 2172 tale
1941 2124 2043 2180 est,
2080 2125 2138 2170 ιιι

533 2213 599 2268 ad
628 2211 1102 2282 contemplandum
1126 2212 1322 2267 caelum
1344 2209 1415 2264 sit
1443 2209 1643 2279 aptius,
1663 2209 1830 2279 magis
1860 2208 1910 2262 in
1944 2207 2046 2262 hoc
2069 2207 2135 2261 ad

538 2307 848 2378 imaginem,
873 2313 929 2362 et
949 2305 1358 2360 similitudinem
1386 2301 1669 2374 Dei,quam
1691 2311 1888 2358 czetera
1909 2315 2134 2371 corpora

545 2399 882 2466 animalium,
914 2400 1112 2455 factum
1145 2398 1316 2453 videri
1350 2406 1547 2468 potest.
1575 2415 1594 2448 ι

604 2493 693 2548 48.
723 2492 949 2561 Quth
977 2491 1149 2546 Potho
1179 2487 1513 2544 Prumiensis
1535 2487 1651 2561 (lib.
1698 2502 1716 2541 ι
1761 2486 1832 2542 de
1860 2494 2003 2541 statu
2031 2484 2134 2541 d0—

533 2603 654 2642 ntus
687 2587 805 2650 Dei,
827 2585 918 2640 sub
949 2586 1244 2654 ﬁnemtom.
1269 2599 1322 2637 ιχ
1352 2581 1596 2636 Biblioth.
1630 2579 1777 2634 Patr.
1807 2580 1930 2633 edit.
1959 2577 2132 2634 Paris.

534 2700 654 2754 pag.
684 2679 815 2751 569)
876 2681 928 2737 id
980 2682 1154 2751 ipsum
1189 2679 1386 2747 innuit,
1421 2688 1684 2749 quatenus
1708 2675 2131 2750 pulcritudinem

531 2777 776 2846 corporis
820 2777 893 2830 ita
934 2774 1301 2840 con-unendat,
1336 2783 1394 2828 ut
1424 2781 1652 2829 testetur
1676 2788 1814 2844 opus
1851 2772 2136 2844 sapientiae

530 2885 626 2942 per
653 2868 828 2924 ofﬁcia
853 2868 1100 2939 corporis
1128 2867 1346 2924 diversa
1381 2869 1698 2923 monstrari.

596 2964 690 3018 '49.
733 2961 840 3019 Sed
866 2977 963 3017 cur
993 2963 1381 3016 Damascenum
1417 2976 1524 3017 non
1571 2962 1909 3032 allcgamus?
1931 2959 2134 3031 quippe

527 3071 593 3112 ex
623 3055 848 3126 antiquo
883 3055 1160 3125 Scriptore
1182 3096 1196 3120 ,
1229 3070 1384 3124 quem
1433 3052 1764 3108 Methodium
1806 3053 1857 3107 in
1894 3052 2033 3107 libro
2071 3052 2136 3106 de

524 3152 916 3216 resurrectione,
932 3166 1052 3206 esse
1074 3151 1150 3204 ait
1165 3150 1223 3202 P.
1241 3149 1290 3204 le
1312 3150 1507 3217 Quien,
1529 3149 1644 3203 haec
1663 3149 1820 3204 docet
1841 3145 1917 3219 (α)
1939 3146 2134 3214 :tQuis

2242 1937 2476 1987 Lxxxtn,
2500 1934 2684 1994 quam.
2708 1924 2798 1988 5i,
2827 1941 2881 1978 η.
2911 1923 2989 1998 5).
3017 1925 3190 1982 Pauca
3215 1928 3420 1998 selige:
3452 1947 3470 1979 ι
3508 1927 3620 1982 Non
3650 1929 3866 1989 imum.

2242 2015 2368 2079 rito,
2405 2017 2580 2085 inquit
2601 2017 2710 2083 ille,
2742 2029 2798 2073 et
2836 2019 2940 2074 iste
2972 2016 3135 2074 homo
3165 2020 3435 2092 particeps
3465 2019 3658 2076 dicitur
3685 2022 3854 2076 simi-

2242 2107 2484 2162 litudinis
2518 2109 2633 2175 Dei,
2691 2126 2800 2166 non
2852 2111 3026 2168 solum
3080 2114 3205 2184 quia
3242 2115 3394 2177 vivit,
3418 2114 3558 2184 quod
3585 2116 3764 2170 etiam
3805 2115 3864 2171 in

2241 2199 2430 2255 bestiis
2475 2211 2735 2272 apparet;
2769 2203 2864 2261 sed
2896 2207 3131 2277 amplius
3160 2207 3303 2278 quod
3335 2207 3402 2263 ad
3429 2217 3658 2264 mentem
3687 2224 3856 2264 cono

2241 2295 2468 2350 vertitur
2494 2311 2554 2351 se
2583 2307 2883 2368 regentem,
2913 2315 3075 2370 quam
3118 2302 3356 2357 illustrat
3384 2303 3662 2373 sapientia,
3687 2304 3864 2376 quod

2238 2385 2293 2442 in
2325 2388 2511 2444 bestiis
2542 2405 2646 2444 non
2705 2399 2882 2460 potest
2929 2394 3138 2449 ratione
3186 2395 3519 2450 carentibus.
3555 2414 3575 2449 ι
3630 2396 3868 2455 Recole

2237 2496 2360 2550 quae
2390 2496 2456 2537 ea
2485 2482 2733 2550 Philone,
2758 2484 3042 2544 Clemente
3069 2489 3459 2556 Alexandrino,
3488 2490 3723 2563 aliisque
3751 2493 3871 2549 Pa-

2241 2579 2434 2647 trihus,
2457 2579 2600 2634 11.24
2627 2594 2679 2637 et
2702 2582 2795 2652 26,
2822 2594 2877 2640 et
2907 2601 3096 2644 rursus
3120 2603 3176 2642 n.
3200 2588 3272 2644 '52
3297 2604 3362 2645 ex
3394 2589 3670 2647 Ambrosio
3700 2602 3871 2649 attu-

2238 2670 2422 2728 limus.

2313 2765 2404 2822 52.
2444 2765 2770 2840 Conjunctio
2824 2787 2987 2843 porro
3033 2775 3146 2848 ipsa
3193 2777 3389 2832 anima:
3443 2785 3496 2833 et
3544 2779 3816 2847 Corporis
3850 2823 3865 2845 ,

2236 2877 2561 2935 quamquam
2591 2864 2820 2932 homini,
2855 2877 3138 2940 postquam
3196 2871 3248 2924 in
3279 2879 3555 2942 peceatum
3596 2871 3826 2927 decidit
3851 2916 3866 2937 ,

2238 2955 2469 3028 ideoque
2502 2968 2784 3030 postquam
2839 2975 2868 3014 a
2921 2963 3350 3031 praeclarissimo
3383 2963 3477 3018 illo
3507 2963 3864 3020 innocentiae

2236 3059 2402 3116 statu,
2436 3053 2487 3107 in
2511 3068 2618 3124 quo
2654 3054 2906 3111 conditus
2935 3067 3040 3124 est,
3085 3058 3312 3124 corruit,
3349 3057 3588 3112 nonnihil
3625 3058 3867 3114 incom-

2237 3145 2395 3198 moda
2428 3147 2519 3210 sit,
2552 3148 2807 3217 quoniam
2838 3165 3049 3220 corpus,
3086 3151 3225 3222 quod
3250 3152 3616 3221 corrumpitur,
3646 3168 3868 3224 aggra-

525 3242 718 3298 duram
745 3245 950 3299 ossium
1003 3242 1362 3299 substantiam
1399 3240 1705 3312 compegit?
1733 3243 1852 3312 quis
1884 3239 2127 3295 ntembra
2155 3219 2201 3284 (ἶ
2235 3247 2318 3291 vat
2346 3239 2590 3306 animam,
2627 3256 2749 3295 cum
2778 3241 3067 3298 utilissima
3111 3242 3294 3300 futura
3326 3244 3530 3307 fuisset,
3561 3243 3605 3298 si
3649 3244 3715 3299 in
3749 3260 3865 3299 an-

524 3337 818 3408 colligavit,
853 3347 910 3392 ut
957 3340 1139 3391 nervis
1169 3336 1544 3404 tenderentur,
1577 3343 1636 3390 et
1675 3336 1818 3391 circa
1843 3335 2128 3405 iuncturas

525 3429 724 3485 inﬂexa
780 3429 1292 3498 laxarentur?Quis
1348 3430 1626 3494 humores,
1685 3431 2012 3502 mollemque
2060 3447 2127 3486 ex

526 3523 696 3578 homo
723 3538 962 3588 carnem,
990 3524 1250 3592 sanguine
1281 3537 1400 3576 eam
1431 3521 1802 3590 perfundendo
1833 3521 2126 3576 fermenta-

524 3616 651 3669 vit?
682 3614 843 3671 Solus
873 3616 1030 3685 plane
1063 3615 1544 3684 praestantissimus
1588 3615 1782 3669 artifex
1843 3614 2002 3679 Deus,
2036 3615 2125 3683 qui

524 3708 821 3772 hominem,
858 3707 906 3762 id
935 3715 1020 3764 est
1048 3709 1256 3762 ratione
1283 3707 1588 3778 praeditam,
1611 3717 1662 3761 et
1691 3707 1971 3760 animatum
1991 3707 2124 3760 iraa-

520 3801 692 3872 ginem
720 3817 890 3866 suam,
923 3815 1043 3862 nos,
1071 3800 1312 3871 inquam,
1347 3798 1656 3864 fabricavit,
1690 3808 1744 3854 et
1772 3814 1839 3854 ex
1867 3799 2090 3853 humido
2109 3841 2124 3866 ,

521 3907 577 3952 et
603 3896 898 3966 perexiguo
939 3897 1148 3950 semine
1200 3895 1253 3948 in
1300 3895 1459 3949 vulva
1515 3893 1724 3958 matris,
1758 3893 1905 3947 velut
1933 3910 1963 3947 e
1993 3907 2122 3948 cera

519 3989 902 4046 confortnavit.
935 3987 1133 4059 Ecquis
1151 3987 1298 4042 enim
1321 3997 1425 4054 est,
1450 3988 1539 4056 qui
1567 3987 1833 4056 providet,
1865 4001 1932 4039 ne
1963 3983 2126 4042 fastus

521 4085 766 4141 humoris
814 4084 993 4155 cOpia,
1025 4093 1081 4137 et
1118 4082 1528 4151 compressione
1558 4095 1811 4135 vasorum
1856 4080 2081 4134 obrutus
2107 4119 2122 4143 ,

517 4177 665 4234 intus
707 4176 1055 4248 prwfocetur?
1090 4179 1196 4230 Aut
1221 4175 1362 4245 quis,
1392 4183 1674 4245 postquam
1699 4179 1942 4244 gestatus
1971 4182 2125 4228 utero

519 4284 623 4338 est,
655 4282 709 4328 et
734 4271 948 4327 tandem
977 4271 1029 4326 in
1064 4271 1236 4325 lucem
1266 4270 1464 4330 editus,
1495 4284 1559 4324 ex
1609 4268 1906 4329 imbecillo.
1943 4279 2000 4323 et
2022 4284 2122 4336 pu-

520 4367 645 4419 sillo
676 4379 946 4434 magnum,
981 4364 1286 4433 pulchrmn,
1319 4372 1374 4417 et
1411 4363 1690 4418 robustum
1723 4361 1980 4425 reddidit,
2015 4362 2120 4415 nisi

516 4459 660 4514 idem
712 4457 850 4526 ipse.
896 4473 1058 4527 quem
1115 4456 1276 4511 modo
1324 4455 1596 4522 dicebam,
1633 4455 2120 4524 pratstantissimus

515 4549 770 4604 conditor
797 4549 957 4611 Deus,
991 4549 1082 4617 qui
1130 4545 1389 4616 potentiae
1431 4560 1546 4599 suae
1577 4546 1918 4613 ellicacitate,
1951 4546 2120 4601 instar

2235 3333 2380 3403 tiqna
2433 3333 2739 3404 dignitate,
2790 3337 2903 3393 Deo
2949 3337 3251 3406 obediens,
3314 3340 3634 3409 perstitisset
3668 3357 3685 3391 :
3735 3341 3866 3396 suis

2234 3435 2413 3481 tamen
2442 3427 2619 3482 adhuc
2659 3444 2764 3484 non
2797 3439 2948 3485 caret
2971 3431 3376 3487 emolumentis.
3407 3433 3627 3488 Scilicet
3663 3430 3867 3488 beati-

2235 3517 2435 3572 tudinis
2456 3520 2901 3577 cumulatissimze
2947 3523 3264 3594 participem
3299 3525 3512 3579 tandem
3539 3524 3858 3592 aliquando

2233 3610 2396 3668 faciet
2428 3614 2700 3671 hominem
2725 3657 2739 3682 ,
2784 3631 2888 3686 qua
2931 3616 3186 3673 nimirum
3237 3618 3328 3674 ille
3361 3619 3613 3689 potietur,
3643 3618 3694 3672 si
3725 3633 3865 3674 cor-

2232 3721 2364 3775 pore
2410 3707 2475 3762 ad
2522 3723 2645 3763 eum
2679 3725 2833 3765 nsum
2868 3718 3050 3766 utetur
3076 3753 3091 3778 ,
3143 3720 3369 3782 prapter
3393 3728 3550 3784 quem
3577 3714 3860 3769 conditus

2231 3797 2399 3854 homo
2427 3808 2543 3867 est;
2576 3809 2636 3855 ιιι
2671 3802 2879 3858 scilicet
2905 3803 3102 3858 divinis
3123 3804 3367 3875 jnssibus
3401 3807 3770 3874 obsequatur,
3807 3819 3866 3863 et

2231 3903 2438 3960 pareat.
2468 3892 2550 3948 An
2581 3910 2688 3948 non
2723 3896 2865 3950 ismd
2898 3911 3119 3967 corpus,
3153 3899 3294 3967 quod
3322 3884 3606 3952 seminatur
3637 3898 3694 3950 in
3733 3917 3863 3954 cor-

2229 3987 2486 4054 ruptione,
2514 3998 2687 4058 surget
2739 3989 2792 4043 in
2820 3990 3209 4062 incorruptione
3232 3992 3328 4045 i’...
3360 3991 3428 4045 Et
3447 3991 3584 4062 quod
3611 3995 3868 4048 milia-

2229 4091 2316 4134 tur
2333 4083 2578 4149 animale,
2608 4094 2785 4156 surget
2813 4101 2998 4154 corpus
3028 4087 3260 4158 spiritale
3289 4086 3334 4160 (l
3356 4087 3590 4144 Corinth.
3616 4104 3721 4155 xv,
3761 4093 3866 4152 4‘2.

2228 4175 2370 4247 Ην
2425 4176 2746 4234 Eﬂ‘undetur
2800 4181 3008 4236 scilicet
3049 4181 3099 4234 in
3148 4196 3348 4251 corpus
3399 4183 3569 4251 ipsum
3623 4187 3862 4256 egregia

2228 4267 2501 4339 quaedam,
2535 4279 2589 4325 et
2618 4285 2747 4326 vere
2771 4272 3012 4328 caelestis
3032 4273 3306 4340 voluptas,
3345 4289 3410 4330 ac
3444 4275 3713 4342 suavitas,
3750 4295 3863 4346 qua

2227 4359 2357 4416 illud
2387 4362 2676 4427 imbutum,
2704 4378 2770 4420 ac
2790 4365 2955 4420 veluti
2988 4366 3327 4438 absorptum,
3361 4383 3468 4421 non
3502 4366 3664 4421 modo
3702 4369 3857 4424 nihil

2225 4470 2295 4510 cx
2333 4456 2474 4512 mole
2499 4457 2638 4528 ipsa,
2663 4474 2746 4522 ac,
2781 4460 2826 4514 si
2860 4474 3054 4516 vocare
3079 4461 3151 4516 ita
3181 4462 3336 4526 sinis,
3369 4461 3706 4531 corpulentia
3753 4479 3859 4521 sua

2226 4549 2462 4618 patietur
2492 4551 2845 4619 incommodi,
2883 4568 3070 4609 verum
3101 4555 3266 4609 etiam
3289 4553 3758 4624 iucundissimam
3795 4575 3864 4614 ac

514 4643 740 4714 pictoris
768 4640 1070 4710 cujusdam,
1097 4641 1300 4694 formas
1329 4640 1380 4694 in
1403 4638 1685 4694 diversum.
1715 4640 1926 4694 mutat?
1975 4640 2118 4695 Deus
2145 4623 2199 4688 Ι)
2226 4644 2380 4712 plane
2423 4643 2708 4698 mirificam
2737 4659 2801 4699 ex
2851 4659 2914 4700 ea
2945 4645 3207 4714 percipiet
3233 4623 3681 4700 oblectationem.
3729 4647 3858 4705 [loc

513 4733 935 4791 imtuortalitatis
964 4743 1068 4797 est,
1099 4736 1231 4799 vita,
1274 4744 1327 4788 et
1358 4732 1700 4802 incorruptio
1728 4750 1740 4787 :
1771 4749 1908 4803 opus
1933 4743 2114 4789 autem

515 4831 634 4896 Dei,
664 4829 895 4884 homo...
928 4831 995 4883 At
1023 4828 1092 4884 de
1116 4828 1334 4884 homine
1361 4844 1464 4884 non
1492 4829 1618 4883 item
1643 4827 1798 4894 dixit,
1825 4826 2118 4895 Producat;

509 4925 606 4982 sed
633 4943 646 4982 :
673 4921 953 4978 Faciamus
981 4924 1235 4978 hominem
1259 4925 1328 4978 ad
1350 4923 1626 4995 imaginem
1649 4932 1950 4989 nostram,et
1973 4924 2119 4977 simi-

510 5020 799 5075 litudinem.
838 5019 904 5073 Et
933 5019 1227 5090 assumpsit
1265 5019 1409 5074 Deus
1461 5019 1742 5090 pulverem
1775 5019 1844 5075 de
1874 5029 2035 5084 terra,
2062 5029 2120 5076 et

509 5115 725 5172 el’linxit
752 5130 900 5171 eum.
932 5133 952 5167 ι
986 5113 1181 5168 Afﬁnia
1208 5113 1373 5168 tradit
1404 5113 1456 5168 in
1490 5114 1761 5186 parallelis
1790 5113 1842 5169 in
1873 5129 1944 5170 eo
1965 5115 2109 5182 loco,

508 5224 670 5281 quem
703 5211 756 5266 in
785 5208 938 5265 calce
968 5207 1178 5279 pagina:
1209 5206 1381 5279 allego
1410 5202 1507 5280 (ὁ),
1543 5223 1706 5278 quem
1730 5207 1927 5264 Lector
1979 5222 2110 5265 con-

508 5303 651 5358 sulat
681 5311 832 5359 onto.

582 5319 856 5466 $3.033;
895 5396 941 5451 si
981 5395 1220 5450 animum
1269 5393 1510 5449 hominis
1532 5392 1790 5459 attendis,
1821 5393 1964 5449 inter
2011 5391 2112 5448 ho-

505 5495 708 5550 minem
739 5493 818 5566 (ut
850 5506 1036 5547 rursus
1067 5489 1247 5546 verbis
1264 5489 1554 5544 Ciceronis
1592 5486 1740 5559 utar)
1776 5487 1879 5561 (de
1903 5485 2112 5542 Officiis

507 5588 690 5653 lib.tv,
716 5586 807 5656 Η)
839 5603 858 5637 σ
894 5595 949 5640 et
976 5585 1232 5649 belluam,
1265 5582 1370 5638 hoc
1398 5581 1635 5638 maxime
1668 5581 1934 5646 interest,
1965 5580 2107 5649 quod

509 5679 628 5735 haec
654 5689 882 5744 tantum,
913 5687 1173 5749 quantum
1218 5691 1381 5733 sensu
1428 5682 1698 5739 movetur,
1741 5673 1812 5727 ad
1839 5671 1891 5727 id
1931 5673 2106 5728 solum

587 5805 662 5870 (α)
705 5805 761 5857 In
790 5804 975 5872 Eclog.
1009 5818 1106 5859 seu
1128 5801 1320 5872 parall.
1349 5798 1455 5857 litt.
1480 5799 1546 5869 Α,
1579 5797 1719 5856 titul.
1750 5812 1864 5862 vui,
1888 5795 2021 5854 edit.
2061 5795 2104 5851 le

521 5873 708 5942 Quian,
734 5882 868 5930 toni.
897 5871 957 5942 tt,
985 5887 1106 5944 pag.
1140 5871 1266 5930 510.

2225 4735 2296 4790 de
2321 4745 2641 4805 argumento
2666 4751 2789 4790 cum
2820 4737 2912 4790 alii
2943 4738 3119 4803 multi,
3148 4747 3262 4792 tum
3287 4739 3589 4808 prmsertim
3611 4737 3860 4797 disserit

2225 4830 2478 4900 egregius
2518 4829 2606 4884 vir
2630 4827 2936 4886 Cat-dinalis
2971 4830 3334 4886 Bellarminus
3387 4832 3440 4886 in
3480 4845 3544 4886 eo
3599 4830 3808 4889 libello
3834 4877 3848 4898 ,

2223 4938 2383 4994 quem
2406 4923 2470 4977 de
2487 4923 2797 4979 Sanctorum
2825 4925 3074 4996 felicitate
3094 4925 3366 4994 inscribit,
3391 4925 3461 4982 de
3481 4927 3858 4997 quoquidem

2223 5018 2407 5073 libello
2443 5020 2756 5088 pronuntiat
2806 5019 3232 5092 Vindelious(iu
3275 5021 3485 5093 pra-fat.
3519 5021 3588 5077 ad
3617 5021 3853 5097 physic.

2223 5110 2632 5184 particularem)
2666 5112 2956 5182 (eruditus,
3005 5113 3203 5181 fateor,
3253 5114 3681 5185 ii'tgeniosusque
3717 5118 3851 5188 phi-

2222 5203 2505 5274 losophus,
2554 5203 2653 5259 sed
2681 5203 3022 5268 Bellarmini.
3049 5217 3213 5278 atque
3253 5207 3392 5263 adeo
3421 5207 3849 5267 Catholicorum

2214 5296 2459 5350 omnium
2487 5296 2789 5352 acerrimus
2805 5297 3004 5371 hostis)
3018 5301 3139 5370 plus
3159 5317 3276 5355 eum
3292 5301 3526 5357 veritatis
3542 5304 3850 5372 continere,

2214 5405 2367 5460 quam
2391 5389 2611 5462 grandes
2627 5391 2752 5446 illos
2767 5395 3233 5449 controversiarum
3255 5393 3414 5449 libros
3438 5411 3457 5450 :
3481 5410 3589 5467 quo
3612 5397 3848 5467 quidem

2209 5482 2417 5554 judicio
2461 5484 2590 5540 dum
2644 5485 2976 5543 malevolum
3027 5489 3298 5545 adversus
3347 5489 3658 5546 Catholicos
3717 5495 3846 5548 ani-

2215 5596 2361 5636 mum
2390 5577 2617 5651 profert,
2653 5595 2775 5636 eum
2815 5593 3019 5653 tamen,
3047 5582 3118 5640 de
3163 5597 3276 5655 quo
3302 5581 3541 5655 agimus,
3581 5583 3848 5644 libellum

2216 5673 2450 5731 miriﬁce
2489 5674 2856 5733 commendat.

2286 5796 2364 5881 (ρ)
2395 5796 2531 5881 fas.
2584 5799 2690 5856 760
2725 5801 2848 5870 (per
2879 5814 3122 5857 errorem
3175 5793 3306 5870 7i8)
3337 5799 3466 5854 tomi
3500 5814 3536 5855 ιι
3564 5800 3836 5858 editionis

2215 5869 2274 5925 Ρ.
2309 5868 2354 5922 le
2387 5868 2573 5938 Quieti.
