4066 6424
194 255 302 333 369

896 268 965 333 in
1002 269 1263 341 HILABII
1304 249 1515 339 ερβτ.
1556 266 1687 339 seu
1728 261 1952 333 usus.
1998 233 2449 331 DlSSEltTA'l‘lO
2486 260 2829 335 secenas.

3400 254 3506 319 870

269 393 361 449 55-
396 390 492 453 His
523 388 852 458 constitutis,
885 389 1078 449 mirum
1124 403 1230 447 non
1274 396 1359 445 est
1384 388 1578 459 primo.
1620 387 1663 445 si
1698 385 1795 441 ho-
1821 382 2001 462 Ageli
2032 382 2234 437 etenim
2264 382 2439 454 Lsunt,
2492 381 2705 448 vivunt,
2753 379 3018 446 sentiunt,
3069 383 3125 433 et
3165 375 3503 461 discernunt.

200 485 337 547 mini
363 486 560 555 ampla:
585 501 649 539 ao
672 483 970 556 magnifica:
1001 484 1191 541 laudes
1222 484 1544 550 tribuantur.
1567 483 1803 543 dicatur—

209 595 319 651 que
364 578 656 653 aliquando
707 595 740 635 a
787 578 1158 651 Scriptoribus
1182 576 1287 653 (α),
1309 578 1452 650 quod
1480 588 1639 635 antea
1667 576 1800 645 dixi,

202 689 397 747 parum
422 673 665 743 mundus,
692 671 986 745 aliquando
1011 683 1387 731 creaturarum
1414 671 1654 729 omnium
1678 686 1803 742 per-

206 766 523 833 feCIissima,
557 766 853 839 aliquando
900 766 1064 827 totius
1110 777 1375 827 creaturae
1404 766 1673 838 epilogus.
1707 765 1807 827 allv

206 860 427 932 quando
449 861 612 917 etiam
642 870 892 919 creatura
920 861 1117 928 omnis,
1148 860 1296 931 quod
1324 860 1396 915 ita
1424 870 1611 931 postea
1638 859 1809 930 expli—

204 963 333 1019 cant
360 997 376 1024 ,
420 953 566 1027 quod
598 954 694 1015 «γει
726 965 1098 1015 creaturarum
1149 957 1392 1010 omnium
1448 952 1809 1023 perfectiones

204 1048 494 1120 turmatim
534 1048 728 1109 habeat
753 1090 769 1115 ,
817 1048 901 1105 vel
953 1049 1147 1105 saltem
1195 1048 1491 1105 cmineum.
1543 1047 1808 1105 Nimirum

205 1158 399 1216 paruus
428 1141 649 1201 mundus
679 1149 964 1212 propterea
991 1140 1189 1201 dicitur
1213 1183 1230 1209 ,
1262 1139 1404 1212 quod
1435 1138 1659 1212 quiquid
1714 1154 1809 1209 per

205 1236 450 1308 reliquas
477 1245 756 1297 creaturas
778 1235 1030 1293 diffusum
1062 1242 1169 1299 est.
1191 1235 1480 1305 complecti
1507 1236 1558 1291 in
1587 1250 1648 1293 se
1671 1249 1811 1297 unus

205 1329 443 1398 videtur,
467 1343 696 1400 eamque
720 1328 793 1386 ob
835 1344 1055 1387 causam
1085 1331 1250 1389 omnis
1277 1339 1527 1389 creatura:
1575 1330 1811 1401 epilogus

206 1420 377 1483 etiam
403 1421 621 1483 dicitur.
652 1421 1107 1481 Perfectissimatn
1140 1439 1270 1481 vero
1295 1433 1666 1481 creaturarum
1690 1439 1811 1481 oin-

210 1514 367 1577 ninm
425 1522 710 1585 propterea
751 1515 1012 1586 appellari
1071 1515 1303 1586 volunt,
1373 1518 1499 1589 quia
1540 1517 1813 1577 inanimae

210 1620 349 1662 sane
390 1621 485 1662 sua
535 1607 871 1677 prtestantia,
900 1622 964 1663 ac
989 1608 1205 1677 spiritu,
1228 1623 1337 1680 quo
1362 1609 1693 1677 vivificatur,
1722 1624 1816 1666 suc

213 1709 403 1777 perat;
436 1698 646 1773 Angelo
690 1715 823 1759 vero
876 1709 1099 1772 praestat
1153 1716 1216 1757 ea
1275 1702 1390 1771 ipsa
1432 1702 1501 1759 de
1540 1717 1626 1769 re,
1652 1716 1813 1774 quam

211 1792 381 1853 modo
408 1795 756 1866 exposuimus
782 1836 796 1861 ,
841 1793 1225 1866 conjunctione
1256 1796 1464 1852 scilicet
1510 1797 1729 1862 animae.
1759 1808 1815 1856 et
1847 1805 1892 1867 Β

209 1888 491 1958 corporis;
523 1903 627 1959 qua
665 1887 882 1959 quidem
908 1887 978 1944 de
1031 1903 1193 1944 causa
1220 1889 1540 1960 ampliorem
1574 1890 1629 1946 in
1657 1890 1816 1951 cmlis

212 1978 605 2036 beatitudinem
631 1989 972 2059 assequetur.

291 2082 384 2139 54.
424 2081 579 2149 Quod
610 2097 740 2139 vero
793 2081 864 2138 de
892 2082 1317 2153 perfectionibus
1361 2084 1443 2141 vel
1503 2086 1812 2157 formaliter,

211 2174 305 2230 vel
334 2175 613 2230 eminenter
640 2175 708 2231 ab
736 2189 804 2231 eo
838 2175 1101 2244 possessis
1132 2176 1264 2244 dixi,
1297 2177 1368 2231 ita
1414 2177 1708 2247 explicant,
1759 2188 1818 2234 ut

213 2267 360 2323 sicut
388 2267 533 2322 Deus
572 2267 932 2339 perfectiones
961 2280 1155 2324 omnes
1183 2268 1267 2326 vel
1306 2270 1597 2342 formaliler
1652 2270 1817 2329 habet

223 2363 346 2435 (eas
369 2361 575 2417 scilicet
602 2376 723 2432 qua:
764 2363 947 2417 statim
978 2377 1130 2418 suam
1161 2363 1530 2433 prmstantiam
1557 2364 1817 2441 produnt,

214 2470 323 2512 nec
353 2455 406 2512 in
434 2457 515 2512 eis
537 2454 735 2527 aliquid
767 2455 1191 2528 imperfectionis
1217 2457 1550 2534 involvitur),
1582 2459 1663 2515 vel
1688 2461 1818 2517 emi-

215 2561 397 2607 nenter
421 2551 439 2623 (
464 2566 556 2608 eas
580 2551 779 2623 quippe
805 2554 1163 2623 perfectiones
1201 2552 1508 2609 eminenter
1540 2553 1822 2624 possidere

216 2644 452 2712 dicitur,
487 2658 606 2715 qua:
636 2642 987 2714 c0ujunctum
1021 2644 1076 2698 in
1105 2659 1199 2700 sua
1232 2646 1453 2701 notione
1482 2644 1683 2701 habent
1715 2647 1818 2702 ali-

216 2736 353 2809 quid
380 2736 832 2809 imperfectionis,
864 2737 1164 2808 cuiusmodi
1194 2750 1275 2795 est
1306 2739 1567 2809 perfectio
1591 2737 1820 2795 Creatu-

218 2846 409 2887 rarum
434 2846 451 2897 ;
481 2845 603 2885 nam
635 2829 735 2886 has
755 2845 947 2886 omnes
974 2830 1247 2901 possidet,
1283 2830 1379 2887 sed
1411 2830 1670 2901 seposita,
1693 2847 1829 2903 qua-

220 2923 360 2981 libet
388 2924 818 2997 imperfectioue)
846 2943 860 2981 :
888 2925 960 2982 ita
1003 2927 1179 2983 homo
1210 2925 1571 2997 perfectiones
1611 2942 1825 2995 omnes,

217 3032 361 3089 quas
392 3014 649 3072 Creatura
676 3018 888 3088 assequi
936 3027 1134 3091 potest,
1165 3019 1249 3074 vel
1281 3036 1336 3073 re
1363 3018 1504 3090 ipsa,
1535 3034 1600 3075 ac
1624 3024 1829 3093 forma-

224 3112 348 3166 liter
379 3107 563 3181 habet,
623 3108 698 3171 uti
739 3110 976 3167 animant
1020 3111 1394 3182 spiritualem,
1437 3114 1721 3180 eximium,
1769 3130 1833 3171 ac

1906 477 2097 535 Omnis
2142 486 2323 535 autem
2351 487 2618 535 creaturae
2659 475 2858 548 aliquid
2905 472 3069 529 habet
3114 471 3297 527 hutno.
3331 455 3507 527 Habet

1908 582 2142 639 namque
2171 581 2459 623 commune
2487 582 2612 623 esse
2655 581 2776 625 cum
2826 563 3121 634 lapidibus,
3151 564 3335 623 vivere
3380 575 3504 618 cum

1908 659 2222 727 arboribus,
2253 660 2457 718 sentire
2499 674 2623 717 cum
2648 657 2996 725 animalibus,
3030 656 3334 728 intelligere
3375 669 3503 713 cum

1907 752 2154 825 Angelis.
2189 752 2247 810 Si
2287 767 2419 823 ergo
2445 767 2737 809 commune
2787 753 2945 815 habet
2982 749 3184 823 aliquid
3210 764 3331 807 cum
3359 747 3510 819 omni

1911 834 2185 903 creatura
2215 845 2402 911 homo,
2439 845 2590 916 juxta
2638 845 2840 916 aliquid
2887 844 3065 900 omnis
3119 852 3369 901 creatura
3424 850 3510 899 est

1912 943 2097 1005 homo.
2126 942 2282 1005 Omni
2311 957 2443 1014 ergo
2485 951 2749 1009 creaturae
2786 941 3113 1013 praedicatur
3136 938 3510 1013 Evangelium,

1912 1054 2079 1109 quum
2102 1038 2205 1095 soli
2237 1036 2447 1095 homini
2479 1034 2829 1109 pra-dicatur,
2861 1036 2985 1107 quia
3028 1034 3118 1099 ille
3140 1032 3393 1101 videlicet
3416 1032 3515 1093 d0-

1912 1141 2089 1199 cetur,
2116 1143 2338 1203 propter
2361 1144 2522 1202 quem
2549 1127 2606 1186 in
2642 1139 2783 1185 terra
2808 1138 2999 1189 cuncta
3023 1135 3205 1187 creata
3226 1136 3374 1190 sunt.
3404 1135 3460 1187 et
3484 1141 3514 1181 a

1913 1240 2023 1297 quo
2069 1224 2253 1289 omnia
2299 1239 2396 1297 per
2421 1223 2709 1295 quamdam
2754 1219 3171 1289 similitudinem
3195 1220 3374 1283 aliena
3405 1234 3515 1277 non

1913 1327 2065 1379 sunt.
2091 1338 2112 1377 ι

1987 1409 2166 1475 55.1d
2212 1410 2387 1480 ipsum
2428 1424 2589 1481 porro
2619 1417 2745 1471 ante
2784 1407 3039 1467 doctores
3076 1417 3294 1467 nostros
3333 1404 3522 1471 Chris-

1916 1505 2061 1567 tiana
2100 1502 2209 1563 ﬁde
2259 1504 2556 1569 instructos
2584 1501 2895 1561 subodorati
2925 1508 3055 1561 sunt
3094 1509 3307 1561 veteres
3333 1496 3520 1557 Philo-

1916 1596 2108 1669 sophi.
2162 1609 2227 1651 ac
2278 1604 2472 1664 poetae.
2504 1592 2754 1650 Ovidium
2798 1592 3021 1661 omitto,
3053 1594 3209 1664 cuius
3254 1589 3521 1661 notissimi

1917 1690 2173 1755 versiculi
2213 1689 2329 1760 (lib.
2358 1706 2425 1751 xv
2444 1688 2837 1763 metamorph.),

2011 1791 2113 1857 eius
2132 1805 2331 1857 quoque
2358 1804 2472 1857 pars
2497 1790 2661 1845 Ilitndi
2682 1789 2951 1857 ,_quoniam
2975 1801 3073 1845 non
3089 1799 3297 1853 corpora
3314 1785 3495 1851 solun»

2015 1852 2202 1906 Verum
2227 1852 2374 1905 etiam
2396 1853 2624 1906 volucres
2644 1852 2818 1903 animae
2843 1866 3032 1917 sumus,

1918 1947 1973 2005 id
2027 1948 2241 2019 ipsum,
2293 1946 2434 2019 quod
2479 1945 2750 2012 diximus,
2796 1945 3151 2017 comprobare
3194 1943 3525 2011 creduntur;

1919 2050 2189 2114 quatenus
2239 2042 2469 2096 innuunt
2500 2040 2775 2095 hominem
2807 2038 2945 2111 (nos)
2981 2036 3482 2111 prwstantissimam
3505 2077 3521 2103 ,

1921 2147 1978 2195 et
2008 2147 2187 2212 partes
2212 2136 2447 2207 reliquas
2468 2135 2917 2207 complectentem
2946 2131 3124 2191 Mundi
3148 2147 3270 2187 esse
3298 2137 3527 2212 partem.

1922 2230 2194 2298 Ovidium,
2229 2230 2469 2301 inquam,
2500 2230 2712 2294 omitto,
2745 2238 2802 2282 ut
2825 2226 3166 2300 expressiora
3193 2234 3529 2278 vetustorum

1924 2323 2262 2394 Scriptorum
2287 2323 2405 2377 loca
2426 2320 2669 2380 afferam.
2702 2321 2784 2377 An
2814 2335 2922 2375 non
2951 2318 3235 2391 perSpieue
3255 2315 3347 2371 tibi
3378 2315 3531 2371 vide-

1927 2426 2014 2472 tttr
2042 2416 2252 2472 loeutus
2294 2415 2514 2481 Cicero,
2557 2413 2688 2468 dum
2730 2412 2849 2468 haec
2874 2412 2950 2467 ait
2994 2409 3101 2482 (De
3141 2406 3531 2479 universitate):

1934 2531 1951 2563 ι
1979 2511 2121 2566 Deus
2149 2509 2348 2564 animal
2380 2524 2543 2564 unum
2563 2507 2861 2579 spectabile
2883 2504 3184 2580 hominem,
3217 2500 3273 2558 in
3292 2517 3396 2573 quo
3416 2515 3535 2558 om-

1930 2608 2021 2662 nia
2044 2606 2295 2663 animalia
2322 2603 2755 2669 continerentur,
2778 2597 2977 2657 eﬂ‘ecit.
3002 2618 3021 2652 ι

2002 2701 2093 2758 56.
2128 2700 2264 2770 Quid
2297 2715 2429 2756 vero
2462 2696 2662 2777 clarius
2717 2694 2802 2751 his
2839 2695 3039 2753 Manilii
3067 2693 3286 2771 monitis
3313 2690 3451 2766 (Lib.
3488 2705 3541 2746 tv

1932 2795 2257 2867 Astronom.)
2303 2812 2317 2849 :

2199 2896 2323 2957 Quid
2347 2896 2524 2946 mirum
2550 2906 2761 2944 noscere
2782 2891 3019 2941 mundum

1964 2952 1981 2960 ’
2025 2958 2078 3012 Si
2104 2952 2307 3023 possunt
2329 2958 2571 3023 homines,
2600 2957 2779 3023 quibus
2802 2963 2880 3006 est
2904 2952 3192 3023 cernendus
3213 2952 3431 3023 inipsis,

2031 3016 2431 3086 Exemplumque
2453 3020 2548 3073 Dei
2559 3016 2777 3084 quisque
2803 3026 2880 3075 est
2901 3020 2951 3069 in
2972 3018 3188 3082 imagine
3214 3016 3397 3082 parva?

1938 3117 2132 3188 quibus
2169 3113 2388 3184 quidem
2432 3113 2677 3169 versibus
2705 3111 2848 3169 haud
2879 3111 3113 3173 obscure
3141 3108 3363 3178 iudicat,
3407 3108 3543 3168 imas

227 3200 417 3257 nobile
452 3217 684 3272 corpus;
717 3203 800 3257 vel
849 3204 1160 3270 eminenter,
1196 3205 1247 3260 id
1293 3216 1376 3260 est
1424 3206 1494 3261 ita
1543 3206 1740 3273 habet,
1771 3218 1826 3263 ut
1853 3209 1905 3274 Ο
1933 3212 2117 3282 ginem
2144 3207 2260 3276 Dei,
2286 3207 2497 3267 ratione
2519 3205 2682 3272 duce,
2706 3220 2777 3262 ac
2796 3202 2969 3263 veluti
2984 3202 3244 3269 ductrice,
3279 3203 3334 3263 in
3362 3217 3448 3269 ea,
3472 3199 3543 3257 de

222 3304 474 3365 superet,
506 3296 589 3351 vel
621 3307 766 3351 certe
790 3295 1026 3353 involvat
1057 3295 1443 3367 perfectionem
1474 3299 1828 3370 illam,quam

233 3390 291 3444 in
324 3390 541 3446 ceteris
568 3390 834 3449 creaturis
874 3391 1184 3461 admiraris,
1215 3393 1299 3449 vel
1322 3393 1399 3448 illi
1431 3393 1622 3450 saltem
1655 3393 1828 3466 aequi—

225 3482 432 3537 valeat.
462 3481 598 3541 Hinc
632 3481 951 3548 bonitatem.
980 3498 1076 3543 seu
1102 3484 1488 3556 perfectionem
1511 3484 1616 3542 sibi
1638 3500 1827 3543 conve-

227 3575 474 3631 nientem
530 3575 690 3632 habet
743 3577 1031 3649 formatum
1083 3578 1185 3651 (id
1212 3587 1297 3635 est
1342 3594 1641 3651 expresse,
1671 3590 1834 3653 atque

229 3665 486 3739 ipsam),
533 3668 858 3741 reliquarum
913 3679 1093 3726 autem
1136 3672 1488 3728 animantium
1534 3672 1833 3730 eminenter.

233 3758 538 3817 Perfectior
582 3759 858 3823 nimirum.
901 3771 957 3816 et
985 3762 1343 3819 excellentior
1380 3764 1453 3818 ob
1490 3765 1728 3839 ingenii,
1780 3776 1836 3823 et

231 3852 406 3908 animi
441 3852 584 3910 vires
628 3862 709 3919 est
752 3852 1141 3922 animantibus,
1166 3871 1303 3927 quas
1336 3857 1574 3927 ingenio,
1614 3868 1669 3913 ut
1699 3858 1839 3915 dixi-

238 3960 390 4011 mus,
420 3955 475 4001 et
497 3955 616 4003 arte
638 3954 882 4018 superat,
915 3948 958 4003 si
987 3946 1303 4004 fortitudine
1341 3960 1634 4020 superatur
1662 3968 1677 4006 :
1710 3949 1837 4006 hinc

233 4038 413 4099 multo
443 4038 631 4097 melius
652 4048 740 4096 est
764 4040 1040 4097 hominem
1083 4054 1229 4109 esse,
1275 4057 1437 4112 quam
1470 4042 1683 4101 leonem
1702 4086 1717 4110 ,
1748 4059 1836 4099 ur-

232 4148 380 4200 sum,
414 4140 506 4188 aut
525 4133 685 4189 aliam
715 4133 1015 4207 quamlibet
1038 4134 1366 4193 animantem
1395 4136 1628 4192 brutam.
1661 4136 1838 4194 Habet

236 4228 443 4302 pariter
456 4229 730 4301 egregiam
750 4228 940 4302 generi
967 4244 1068 4286 suo
1096 4230 1512 4289 convenientem
1532 4230 1809 4303 pulchritu
1822 4259 1839 4278 -

232 4324 444 4390 dinem,
466 4333 523 4379 ut
548 4326 592 4379 si
633 4338 753 4387 eam
789 4323 1100 4396 diligentius
1127 4325 1453 4395 perpendas.
1486 4326 1635 4383 illam
1665 4326 1841 4395 ipsam

230 4425 480 4487 superet,
506 4432 665 4488 quam
687 4416 851 4479 habet
871 4432 1020 4488 ager,
1045 4428 1100 4473 et
1125 4420 1173 4474 si
1197 4433 1302 4488 qua
1323 4429 1449 4479 sunt
1470 4418 1577 4474 alia
1623 4419 1843 4490 egregia

230 4510 420 4581 specie
448 4511 694 4585 praedita.
725 4510 852 4571 Haec
880 4528 1000 4584 qua:
1032 4511 1493 4571 Scholasticorum
1532 4530 1684 4571 more
1711 4509 1860 4570 hac?

1939 3321 2045 3376 qua
2079 3304 2313 3376 agimus,
2362 3300 2599 3358 hominis
2644 3298 3003 3365 excellentia,
3047 3307 3109 3361 et
3152 3294 3544 3367 perfectiormm

1938 3401 2185 3457 omnium
2206 3394 2587 3467 complexione
2610 3393 2736 3464 jure
2763 3406 2828 3453 ac
2857 3391 3053 3453 merito
3079 3388 3362 3457 collocari.

2011 3496 2097 3548 An
2125 3507 2233 3548 non
2269 3490 2465 3556 etiam,
2496 3501 2561 3547 ut
2587 3488 2656 3547 ad
2699 3486 3145 3558 mmdarisSMos
3191 3483 3546 3549 Hebramrum

1942 3588 2239 3658 scriptores
2267 3598 2577 3640 sermonem
2611 3597 2825 3654 quoque
2845 3590 3263 3644 convertamus,
3294 3576 3347 3639 id
3370 3576 3545 3647 ipsum

1941 3681 2109 3736 tradit
2128 3680 2305 3746 Philo,
2329 3692 2491 3749 quem
2518 3675 2829 3739 Judworum
2854 3672 3279 3737 disertissimam
3301 3668 3540 3742 appellat

1942 3775 2306 3846 Hieronymus
2337 3770 2444 3844 (De
2484 3769 2622 3826 Viris
2649 3767 2895 3827 illustria.
2920 3783 3044 3836 cap.
3070 3764 3154 3836 2),
3183 3765 3313 3831 dum
3339 3777 3404 3818 ea
3443 3760 3550 3819 bos

1943 3885 2108 3941 super
2145 3875 2464 3938 argumento
2505 3863 2699 3928 tradit,
2739 3877 2862 3932 qua:
2899 3875 3024 3919 cum
3066 3858 3193 3915 alibi
3223 3854 3502 3917 retulerim
3528 3892 3549 3920 .

1944 3964 2033 4020 hic
2079 3969 2329 4034 repetere
2384 3976 2493 4015 non
2533 3965 2622 4016 est
2667 3955 2938 4019 necesse?
2987 3954 3066 4015 Ea
3118 3962 3297 4009 tamen
3345 3949 3551 4007 recolat

1946 4058 2165 4114 Lector.

2017 4148 2109 4205 57.
2162 4149 2256 4205 llis
2294 4145 2604 4203 constitutis
2648 4143 2846 4203 mirum
2878 4155 2983 4201 non
3010 4148 3126 4205 est,
3157 4139 3203 4199 si
3228 4146 3421 4199 cuneta
3451 4136 3549 4199 bo.-

1948 4244 2082 4299 mini
2117 4240 2449 4305 subdiderit,
2482 4250 2575 4294 aut
2603 4247 2751 4294 certe
2795 4234 3191 4305 obsequentes,
3222 4231 3551 4291 subsidium—

1947 4351 2082 4408 que,
2115 4344 2277 4406 atque
2320 4348 2480 4405 opem
2519 4332 2844 4389 familiarem
2874 4328 3041 4403 (pene
3081 4325 3351 4398 dixeram)
3398 4326 3551 4383 defe-

1948 4438 2132 4485 rentes
2160 4435 2441 4484 creaturas
2467 4426 2705 4496 reliquas
2731 4438 2854 4481 esse
2876 4419 3119 4496 jusserit,
3153 4429 3313 4490 atque
3339 4434 3403 4475 ea
3432 4419 3549 4488 ipsa

1950 4522 2005 4578 in
2030 4538 2091 4578 re
2116 4520 2463 4599 suisimilem
2489 4534 2617 4577 esse
2643 4517 2895 4576 voluerit.
2926 4514 3013 4572 An
3034 4529 3098 4575 ea
3127 4512 3195 4571 de
3217 4524 3277 4570 re
3296 4511 3551 4571 dubitas!

233 4615 396 4659 tenus
435 4619 553 4660 sum
581 4614 920 4675 prosecutus,
953 4605 1147 4661 vetusti
1171 4605 1361 4663 Patres
1393 4606 1663 4665 interdum
1696 4607 1833 4663 indi-
1862 4608 1919 4669 ll
1943 4618 2087 4676 Audi
2144 4617 2429 4676 Dominum
2469 4617 2650 4688 ipsum
2688 4614 2806 4671 hinc
2851 4613 3205 4683 eloquentem
3251 4605 3460 4679 (Cenes.
3511 4621 3553 4674 t,

231 4697 575 4755 cant:veluti
592 4696 922 4769 Augustinus
956 4696 1046 4769 (de
1094 4700 1323 4768 quantit.
1363 4698 1559 4755 anima:
1595 4716 1713 4770 cap.
1742 4700 1837 4766 55,

233 4808 293 4846 ιι.
321 4788 411 4863 70)
439 4831 453 4855 ,
502 4788 866 4845 Damascenus
894 4788 975 4857 (in
1026 4788 1199 4844 libello
1241 4790 1488 4860 inscripto
1517 4809 1531 4845 :
1563 4792 1840 4861 quomodo

234 4884 405 4940 homo
424 4883 492 4938 ad
520 4881 804 4955 imaginem
838 4880 968 4953 Dei)
991 4923 1007 4949 ,
1035 4892 1091 4938 et
1118 4885 1391 4955 copiosius
1414 4883 1707 4957 Gregorius
1729 4886 1841 4945 Ma-

237 4993 406 5051 gnus,
435 4978 589 5049 cujus
618 4977 780 5037 verba
809 4978 1013 5034 referre
1038 4977 1128 5033 bic
1153 4980 1328 5050 placet
1356 4978 1432 5051 (ὁ)
1466 4998 1479 5034 :
1510 4981 1838 5051 «Numquid,

230 5072 436 5128 fratres
453 5072 581 5139 mei,
604 5072 671 5131 Sa
681 5081 861 5128 nctnm
882 5069 1330 5145 Evangeliumyel
1355 5072 1645 5131 insensatis
1659 5074 1839 5143 rebus,

232 5165 324 5222 vel
352 5165 522 5221 brutis
553 5165 876 5243 animalibus
920 5163 1098 5221 fuerat
1143 5164 1568 5237 praedicandum,
1597 5174 1658 5223 ut
1676 5167 1744 5223 de
1772 5182 1844 5237 eo

230 5260 520 5330 discipulis
569 5260 819 5323 dicatur:
854 5261 1133 5332 pradicate
1177 5261 1315 5316 outni
1368 5262 1666 5323 creatum?
1727 5260 1838 5321 Sed

234 5354 420 5411 omnis
445 5364 711 5411 creaturae
732 5352 951 5412 nomine
972 5355 1218 5427 signatur
1242 5354 1427 5415 homo.
1452 5356 1589 5415 Sunt
1608 5372 1844 5429 namque

236 5446 472 5519 lapides,
503 5447 597 5505 sed
630 5463 730 5505 nec
754 5449 972 5515 vivunt,
1021 5464 1120 5504 nec
1150 5448 1391 5513 sentiunt
1422 5459 1591 5513 :sunt
1631 5439 1859 5521 herbas,

236 5549 296 5598 et
327 5540 584 5612 arbusta;
610 5543 797 5599 vivunt
817 5540 1061 5614 quidem,
1097 5541 1193 5599 sed
1221 5556 1329 5599 non
1361 5544 1699 5602 sentiunt....
1725 5546 1844 5603 An-

248 5761 259 5771 .
317 5686 396 5771 (ρ)
530 5699 736 5775 possent
781 5688 1081 5775 homines,-
1104 5687 1302 5775 quibus
1333 5697 1495 5773 estet
1539 5686 1769 5772 mundun
1788 5688 1853 5747 in

242 5759 832 5891 ἷιίἒίεξιιῇεὶέρέωηᾳαε
876 5759 1202 5834 Dei-quimus
1229 5769 1303 5818 est
1327 5762 1381 5817 in
1415 5761 1636 5834 imagine
1662 5776 1847 5832 parva.

244 5868 261 5891 .
336 5848 388 5889 ιιι
418 5871 430 5887 .
590 5851 613 5889 s
639 5850 751 5891 ron.

1944 4711 2061 4785 26).
2094 4730 2114 4764 ι
2151 4710 2435 4768 Faciamus
2466 4710 2739 4769 hominem
2768 4707 2837 4763 ad
2867 4704 3201 4776 imaginem,
3224 4711 3280 4758 et
3305 4698 3557 4757 similitue

1946 4803 2131 4859 dinem
2162 4814 2434 4870 nostram,
2466 4811 2523 4859 et
2562 4801 2752 4872 prtesit
2791 4797 3025 4869 piscibus
3054 4793 3250 4860 maris,
3280 4802 3339 4853 et
3366 4791 3559 4853 volati~

1948 4896 2093 4953 libus
2127 4896 2285 4962 coeli,
2318 4906 2373 4952 et
2399 4893 2619 4963 bestiis,
2655 4878 3033 4961 universasque
3072 4898 3255 4953 terrae,
3301 4884 3559 4955 omnique

1946 4987 2151 5061 reptili,
2172 4990 2327 5059 quod
2359 4999 2606 5045 movetur
2633 4988 2690 5044 in
2718 4995 2862 5045 terra
2879 5006 2925 5044 ,ι
2956 4984 3041 5049 Ad
3066 4999 3188 5057 qua:
3208 4981 3368 5047 verba
3385 4979 3563 5053 ωιτν.

1953 5092 2226 5137 sostoutus
2255 5080 2481 5154 (Homil.
2513 5083 2547 5139 8
2570 5081 2627 5137 in
2655 5079 2788 5137 Gen.
2821 5097 2875 5134 rt.
2904 5078 2963 5151 ὅ)
2995 5078 3112 5135 haec
3135 5073 3366 5133 scribit:
3403 5089 3427 5129 ι
3456 5069 3562 5133 Nc:

1953 5190 2060 5246 que
2084 5176 2233 5231 enim
2273 5189 2399 5231 eum
2437 5175 2570 5233 dicit
2600 5194 2616 5232 :
2660 5172 2943 5232 Faciamus
2983 5171 3242 5231 mm».
3278 5166 3562 5227 secundum

1952 5268 2232 5341 imaginem
2270 5278 2534 5337 uacuam,
2585 5278 2635 5325 et
2681 5269 2967 5326 secundum
3003 5263 3430 5329 similitudinem,
3473 5258 3565 5323 his

1954 5379 2264 5422 sermonem
2295 5363 2489 5429 ﬁnivit,
2513 5363 2611 5421 sed
2639 5378 2737 5434 per
2759 5376 2847 5427 ea,
2873 5376 2996 5433 qua:
3017 5356 3282 5430 adiungit,
3307 5352 3565 5413 manifes-

1957 5466 2075 5512 tum
2103 5456 2261 5513 nobis
2298 5456 2443 5523 facit,
2472 5472 2581 5529 quo
2606 5471 2775 5514 sensu
2803 5467 3007 5511 nomen
3029 5450 3273 5522 imaginis
3299 5446 3563 5521 posuerit.

1955 5545 2096 5616 Quid
2127 5549 2271 5604 enim
2311 5548 2486 5606 dicit?
2515 5548 2584 5604 Et
2608 5548 2902 5605 dominetur
2941 5543 3166 5618 piscibus
3192 5541 3375 5606 maris,
3404 5549 3453 5594 et
3478 5553 3567 5593 va-

2037 5695 2117 5770 (ὁ)
2158 5694 2356 5770 Homil.
2389 5692 2461 5750 29
2487 5693 2541 5749 in
2572 5687 2883 5770 Evangelia,
2909 5686 2981 5770 ad
3002 5684 3171 5747 verba
3202 5679 3339 5749 illa:
3370 5679 3565 5754 prwdi~

1959 5759 2070 5826 cate
2093 5759 2435 5841 Evangelia":
2459 5764 2597 5822 omni
2621 5759 2892 5829 creditam.
2925 5759 3088 5821 Marc.
3122 5773 3231 5816 xu.
