4066 6424
594 305 690 361 871

1272 300 1345 365 IN
1383 298 1642 358 HILARII
1679 295 1896 355 EPIST.
1939 293 2072 354 SEU
2115 293 2332 352 LIBEL.
2381 295 2831 356 DISSERTATIO
2867 297 3207 358 SECUNDA.

3783 305 3882 362 8'3

591 417 820 473 latilibus
865 418 1006 483 roth“,
1041 416 1275 473 omnibus
1304 417 1570 488 reptilibus
1607 431 1759 487 super
1787 424 2025 468 terrram.
2053 413 2196 467 lma-
2223 417 2274 476 Α
2303 413 2396 479 cit,
2428 424 2482 470 et
2521 423 2722 470 tantam
2753 419 2966 474 caeteris
2996 419 3398 475 venerationem
3428 421 3509 476 sui
3537 419 3798 489 infundit,
3833 434 3886 478 ut

587 512 765 582 ginem
796 525 926 581 ergo
965 510 1102 566 dixit
1127 509 1195 566 de
1224 511 1556 582 principatu,
1587 517 1640 563 et
1681 505 1954 572 dominio,
1992 519 2097 558 non
2125 504 2192 558 de

586 604 769 674 aliquo
807 603 958 660 alio:
1009 603 1147 671 Quia
1203 602 1344 658 Deus
1390 602 1520 658 fecit
1568 601 1841 654 hominem
1894 597 2191 668 principem

586 697 852 761 omnium,
885 712 1006 768 quae
1033 705 1161 753 sunt
1188 709 1353 766 super
1381 704 1579 751 terram
1599 735 1613 760 ,
1645 701 1700 749 et
1734 691 1869 748 nihil
1895 705 2059 761 super
2085 699 2194 745 ter-

585 805 699 846 ram
730 790 950 848 homine
979 791 1151 862 majus
1181 799 1285 856 est,
1328 798 1383 845 et
1406 787 1587 846 omnia
1619 788 1720 842 sub
1747 793 2013 857 potestate
2045 783 2192 839 illius

584 894 732 941 ευιιῑ.
755 904 774 938 ι

657 981 724 1036 Et
750 973 939 1036 rursus
969 978 1196 1051 (Homil.
1229 980 1320 1045 l0,
1352 995 1407 1032 η.
1443 976 1501 1048 ι)
1534 993 1548 1030 :
1586 993 1607 1029 ι
1632 974 1923 1044 Postquam
1967 987 2066 1026 nos
2093 970 2189 1027 do-

582 1074 694 1130 cuit
732 1089 831 1147 per
870 1073 1252 1145 praecedentia,
1294 1070 1424 1143 quid
1469 1069 1542 1125 sit
1585 1067 1870 1124 secundum
1914 1065 2189 1137 imaginem

583 1165 680 1220 Dei
705 1167 826 1238 fecit
855 1182 969 1220 eum
999 1182 1018 1220 :
1045 1175 1100 1221 et
1149 1172 1208 1220 ut
1239 1179 1306 1220 ne
1351 1161 1720 1234 impudentem
1758 1158 1976 1230 quidem
2001 1156 2189 1213 defen-

579 1258 750 1315 sionis
781 1268 1106 1330 praetextum
1137 1256 1409 1328 relinquat
1441 1254 1702 1311 Ecclesiae
1732 1252 1983 1323 dogmata
2015 1250 2188 1321 impu-

577 1366 748 1422 gnare
772 1352 1074 1407 volentibus
1093 1391 1109 1416 ,
1140 1349 1416 1421 paululum
1447 1360 1764 1418 progressus
1803 1343 1946 1399 idem
1990 1344 2183 1398 iterum

577 1445 768 1514 docet,
826 1445 968 1516 quod
1011 1445 1134 1502 ideo
1175 1443 1424 1514 imaginis
1466 1440 1684 1497 nomine
1729 1453 1862 1494 usus
1903 1437 1996 1505 sit,
2041 1435 2184 1508 quod

577 1539 962 1613 imperaturus,
1011 1550 1067 1596 et
1105 1538 1207 1596 sub
1241 1553 1302 1595 se
1348 1547 1627 1594 creaturas
1662 1549 1856 1592 omnes
1899 1531 2184 1588 habiturus

577 1642 952 1798 ess[flgthp’aucis
990 1725 1326 1798 interpositis
1353 1725 1432 1794 (η.
1463 1723 1563 1794 5):
1611 1741 1632 1776 ‹
1674 1720 1862 1778 Vidisti
1905 1719 2185 1774 inenarra-

2297 505 2544 561 certatim
2571 507 2727 578 quasi
2757 509 2867 579 regi
2899 509 3172 574 obediant.
3210 523 3264 569 et
3309 514 3428 568 voci
3473 514 3591 585 ejus
3637 516 3888 572 obsecun-

2295 599 2426 655 dent
2451 617 2465 655 :
2495 610 2691 656 etcum
2715 601 2824 658 sint
2847 603 3261 672 irrationabilia,
3286 606 3554 664 rationem
3578 619 3884 679 agnoscant,

2295 703 2351 750 et
2395 695 2734 766 disciplinam
2787 711 2908 752 eam
2961 698 3294 768 imprimant,
3340 715 3502 771 quam
3552 713 3735 757 natura
3785 719 3884 760 non

2297 787 2504 844 tribuit.
2539 788 2779 861 Denique
2808 789 3054 849 videntes
3095 791 3224 850 ferre
3249 795 3368 864 ejus
3395 797 3881 866 mansuetudinem,

2293 879 2413 950 ejus
2445 881 2672 952 imperio
2704 893 3106 940 mansuescunt.
3137 885 3294 958 Srpe
3320 889 3722 958 suspenderunt
3751 904 3886 945 mor-

2291 989 2386 1029 sus
2415 989 2565 1043 suos,
2611 987 2900 1032 revocante
2936 993 3072 1032 sono
3123 978 3270 1034 vocis
3311 979 3583 1036 humanae.
3633 981 3885 1038 Videmus

2292 1064 2513 1124 innoxio
2535 1082 2729 1124 canum
2756 1072 2920 1125 dente
2947 1071 3162 1142 lepores
3191 1071 3309 1128 sine
3339 1073 3563 1130 vulnere
3589 1075 3709 1145 capi
3734 1093 3750 1128 :
3776 1075 3882 1131 leo-

2293 1177 2390 1219 nes
2411 1178 2624 1234 quoque
2645 1165 2864 1235 ipsos,si
2885 1181 2986 1222 vox
3010 1166 3244 1223 hominis
3265 1170 3624 1238 resultaverit,
3654 1173 3883 1238 prmdam

2288 1258 2562 1316 dimittere
2590 1277 2602 1312 :
2645 1261 2863 1329 pardos.
2906 1271 3066 1332 atque
3095 1278 3250 1319 ursos
3280 1265 3513 1330 incitari,
3547 1281 3611 1322 ac
3642 1267 3882 1322 revocari

2291 1351 2554 1407 vocibus;
2597 1368 2766 1422 equos
2797 1354 2982 1423 plausu
3031 1354 3310 1410 hominum
3352 1356 3613 1423 fremere,
3662 1358 3874 1413 silentio

2286 1444 2498 1500 mollire
2528 1459 2744 1499 cursum
2780 1463 2792 1498 :
2820 1443 3054 1517 denique
3081 1462 3226 1516 saepe
3257 1447 3376 1503 sine
3401 1449 3633 1504 verbere
3663 1460 3884 1520 prteter-

2285 1548 2417 1595 eunt
2455 1538 2812 1595 verberatos:
2856 1541 2926 1597 ita
2961 1541 3336 1598 vehementius
3381 1541 3504 1598 illos
3549 1542 3742 1598 incitat
3790 1543 3884 1598 liu-

2283 1648 2403 1704 gute
2436 1632 2736 1704 ﬂagellum.
2788 1654 2806 1688 ›

2353 1725 2444 1782 61.
2473 1727 2614 1783 Ecce
2639 1727 2766 1783 item
2795 1726 3021 1783 Marium
3051 1728 3319 1785 Victorem
3341 1771 3354 1796 ,
3388 1728 3615 1786 latinum
3643 1731 3880 1796 scilicet,

574 1821 738 1879 bilem
788 1821 1158 1892 potestatem?
1212 1819 1405 1875 Vidisti
1461 1817 1796 1889 principatus
1849 1811 2178 1884 magltiludi-
2208 1819 2258 1881 B
2285 1827 2340 1875 et
2366 1827 2633 1875 vetustum
2682 1821 2912 1876 Patrem.
2956 1821 3082 1876 Haec
3113 1837 3307 1891 nempe
3353 1822 3666 1894 loquentem
3705 1823 3762 1878 in
3795 1823 3881 1878 ho-

579 1917 749 1972 nem?
797 1915 992 1972 Vidisti
1035 1915 1254 1972 condita
1294 1913 1477 1971 omnia
1517 1912 1620 1968 sub
1657 1911 1816 1981 hujus
1858 1916 2178 1979 potestatem

572 2011 836 2068 redacta?
882 2009 1026 2067 Nihil
1072 2009 1302 2082 posdrac
1349 2007 1625 2064 mediocre
1669 2003 1740 2060 de
1784 2001 2033 2058 rationali
2077 1999 2182 2055 hoc

568 2103 785 2160 animali
807 2103 1136 2174 imagineris,
1163 2100 1259 2156 sed
1281 2103 1455 2172 cogita
1480 2097 1704 2154 honoris
1727 2093 2175 2168 magnitudinem,

569 2205 625 2253 et
675 2196 885 2253 Domini
927 2211 1054 2268 erga
1101 2195 1230 2251 illud
1272 2193 1748 2259 benevolentiam,
1788 2191 2178 2260 obstupescens

566 2291 711 2348 illius
753 2293 1108 2358 immensam,
1149 2297 1207 2346 et
1248 2287 1662 2345 inenarrabilem
1707 2284 2114 2355 benignitatem.
2150 2298 2170 2332 ›

646 2388 823 2460 Atque
869 2387 923 2444 id
969 2386 1142 2458 ipsum
1182 2385 1310 2441 alibi
1349 2385 1546 2454 repetit
1587 2381 1700 2456 (lib.
1742 2397 1760 2436 ι
1801 2380 1870 2434 ad
1915 2373 2173 2448 Stagir.),

567 2497 794 2538 monens
825 2499 846 2534 ι
871 2481 1107 2536 voluisse
1133 2479 1301 2535 Deum
1328 2477 1432 2533 hoc
1461 2492 1583 2532 esse
1604 2477 1658 2531 in
1687 2475 1847 2530 terris
1874 2471 2171 2537 hominem,

565 2576 710 2648 quod
742 2575 859 2646 ipse
881 2586 998 2632 erat
1019 2575 1073 2629 in
1102 2572 1312 2630 uelis.»
1346 2571 1481 2626 Vide
1509 2572 1672 2626 etiam
1696 2584 1814 2638 qua:
1843 2582 1961 2622 eam
1977 2564 2035 2619 in
2057 2577 2173 2619 rem

567 2668 731 2724 tradit
769 2668 990 2724 homilia
1016 2667 1130 2723 uin
1160 2664 1458 2736 Epistolam
1485 2662 1552 2717 ad
1587 2661 1843 2716 Hebrmos
1875 2657 1951 2731 (u.
1981 2653 2060 2729 ‘2).

638 2764 728 2820 58.
776 2762 1055 2836 Nyssenus
1103 2759 1556 2833 Chrysostomum
1601 2771 1664 2812 ea
1708 2756 1760 2810 in
1812 2751 2172 2824 explicatione

564 2865 918 2930 praeessem
949 2873 964 2923 ;
994 2855 1399 2926 subsequuntur
1425 2861 1606 2907 autem
1633 2847 1959 2905 Severianus
1987 2842 2168 2900 Gaba-

562 2955 794 3022 litanus,
823 2963 881 3011 et
908 2951 1306 3010 Theodoretus.
1347 2947 1622 3020 Nyssenus
1663 2943 1874 2999 scilicet
1900 2951 2010 2995 tum
2040 2937 2167 2992 alibi

565 3049 800 3123 (Dialog.
831 3065 910 3114 ιιι,
942 3058 1066 3103 tom.
1101 3061 1120 3102 ι
1164 3043 1414 3099 Biblioth.
1446 3039 1572 3095 Pat.
1609 3036 1790 3093 erco
1818 3035 2013 3096 latinae,
2045 3048 2163 3100 cap.

565 3145 668 3215 Δ),
699 3155 810 3200 tum
832 3141 995 3199 etiam
1016 3139 1073 3196 in
1101 3139 1240 3196 libro
1263 3137 1328 3191 de
1373 3134 1594 3190 hominis
1628 3130 1836 3204 cpi/icio
1865 3125 2016 3184 uberi
2037 3137 2165 3180 ora-

563 3239 710 3296 tione
750 3238 876 3305 hoc,
902 3237 971 3294 de
999 3251 1106 3307 quo
1127 3233 1358 3305 agimus,
1388 3227 1750 3300 persequitur,
1789 3223 1906 3277 hrec
1936 3233 2164 3290 prieser-
2191 3222 2237 3286 ς,

565 3336 663 3391 tim
685 3348 913 3390 monens
939 3349 953 3384 :
990 3349 1010 3385 ι
1045 3329 1114 3387 Ut
1146 3329 1200 3384 in
1225 3327 1326 3382 hac
1353 3324 1461 3379 vita
1487 3320 1723 3376 artiﬁces
1749 3318 2165 3373 instrumentum

561 3445 626 3486 ca
669 3428 841 3485 forma
867 3427 1185 3488 moliuntur,
1217 3436 1338 3493 quae
1365 3418 1484 3474 usui
1516 3417 1588 3473 sit
1612 3425 1737 3485 apta
1767 3431 1781 3466 :
1813 3414 1883 3468 ita
1911 3422 2165 3480 tanquam

561 3537 656 3578 vas
702 3518 970 3590 quoddam
1023 3516 1091 3572 ad
1139 3513 1288 3585 regni
1337 3507 1864 3566 administrationem
1909 3502 2161 3559 idoneum

561 3621 808 3670 naturam
837 3617 1078 3666 nostram
1107 3604 1590 3679 praestantissimus
1618 3599 1900 3656 fabricavit
1927 3593 2121 3649 artifex
2147 3610 2160 3645 :

559 3724 625 3768 ac
648 3718 761 3766 tum
789 3707 988 3762 animae
1011 3703 1262 3768 dotibus,
1297 3711 1408 3757 tum
1449 3699 1620 3771 ﬁgura
1655 3697 1768 3766 ipsa
1797 3691 2042 3763 corporis
2079 3698 2162 3744 ta-

559 3802 667 3858 lem
692 3800 996 3872 designavit
1020 3796 1328 3863 hominem,
1359 3804 1418 3849 ut
1451 3791 1519 3847 ad
1552 3803 1776 3861 regnum
1819 3791 1966 3842 esset
1987 3780 2160 3851 aptis-

557 3897 750 3953 simus.
782 3913 802 3948 ι
835 3892 1012 3964 Atque
1050 3890 1104 3948 id
1133 3891 1336 3961 ipsum,
1363 3885 1508 3959 quod
1534 3884 1623 3941 hic
1653 3881 1886 3953 attingit,
1917 3878 2158 3947 copiosa,

558 3991 635 4046 uti
682 3989 938 4052 diximus,
967 3986 1246 4056 deinceps,
1275 3992 1438 4053 atque
1467 3978 1700 4050 eleganti
1732 3978 1940 4031 ratione
1975 3985 2162 4042 perse-

556 4083 758 4156 quitur.
807 4079 964 4148 Quod
1010 4078 1205 4134 attinet
1247 4075 1313 4130 ad
1363 4071 1714 4130 Severianum
1760 4066 2158 4126 Gabalitanum,

554 4190 680 4232 eum
712 4172 957 4238 consule,
979 4186 1140 4242 quem
1172 4169 1226 4224 in
1249 4169 1397 4224 calce
1426 4165 1634 4238 pagina:
1660 4162 1884 4232 designo
1905 4203 1922 4227 ,
1955 4158 2156 4221 locum,

558 4270 744 4339 idque,
785 4269 854 4324 de
891 4281 1000 4339 quo
1027 4267 1259 4339 agimus,
1305 4261 1560 4317 traditum
1595 4255 1838 4313 invenies
1875 4253 1976 4327 (α).

630 4362 719 4418 59.
751 4359 1126 4416 Theodoretus
1155 4371 1284 4413 vero
1311 4354 1362 4410 in
1391 4351 1640 4410 eamdem
1672 4347 1998 4406 sententiam
2041 4344 2159 4401 haec

558 4453 722 4512 tradit
747 4451 840 4522 (In
875 4450 1045 4522 Caput
1093 4467 1146 4506 xu
1172 4447 1422 4521 Epistula:
1451 4462 1466 4500 ι
1496 4443 1563 4499 ad
1591 4441 1889 4512 Corinth.):
1925 4458 1945 4492 ι
1986 4439 2157 4494 Homo

2285 1914 2447 1970 minis
2470 1915 2746 1971 creatione
2780 1915 2948 1971 Deum
2979 1915 3184 1971 inducit
3209 1915 3312 1986 (De
3342 1916 3558 1988 Origine
3587 1917 3816 1988 mundi):

2374 2030 2514 2095 Nunc
2534 2030 2778 2095 hominem
2799 2029 3043 2095 faciamus,
3065 2033 3151 2093 ait,
3181 2032 3264 2094 qui
3284 2039 3466 2090 regnet
3488 2032 3537 2080 in
3561 2033 3702 2095 orbe,

2377 2093 2440 2145 Et
2458 2095 2524 2144 sit
2546 2096 2706 2156 imago
2724 2094 2819 2145 Dei
2839 2107 2852 2144 :
2874 2092 3084 2145 similem
3103 2092 3254 2145 decet
3279 2109 3392 2145 esse
3417 2098 3607 2146 creanti
3623 2132 3640 2158 ,
3661 2092 3762 2146 etc.

2283 2175 2352 2232 Et
2377 2177 2635 2248 deinceps
2667 2195 2679 2229 :

2371 2269 2505 2330 Ergo
2531 2270 2661 2320 hunc
2684 2271 2993 2333 praepositum
3019 2271 3170 2320 rebus
3190 2283 3301 2320 cum
3323 2271 3534 2333 conjuge
3550 2269 3695 2331 jussit

2373 2333 2613 2383 Crescere
2640 2347 2729 2396 per
2754 2332 2990 2393 subolem,
3019 2339 3274 2397 terrasque
3297 2332 3500 2397 replere
3529 2341 3786 2383 vacantes.

2278 2416 2489 2472 Rursus
2519 2431 2734 2488 quoque
2759 2437 2772 2471 :

2372 2508 2720 2573 Erimusgenim
2745 2509 2953 2573 meritis,
2976 2516 3255 2570 postremus
3282 2509 3330 2558 in
3354 2509 3528 2560 ordine
3553 2516 3656 2560 toto

2370 2571 2547 2635 Euctus
2569 2571 2733 2630 homo,
2761 2579 2814 2635 ut
2836 2571 2952 2622 sese
2977 2573 3128 2635 rebus
3147 2580 3382 2635 praestare
3406 2575 3593 2623 creatis

2369 2633 2566 2699 Nosset,
2591 2642 2644 2685 et
2661 2635 2774 2684 hinc
2796 2633 2970 2685 laudes
2987 2633 3198 2685 Domino
3221 2634 3533 2699 persolveret
3556 2650 3752 2699 aequas.

2345 2742 2436 2798 62.
2482 2744 2540 2799 In
2589 2743 2835 2800 eamdem
2881 2747 3206 2800 sententiam
3243 2743 3487 2801 Alcimus
3520 2744 3720 2800 Avitus
3770 2744 3880 2816 ipse

2273 2856 2489 2914 quoque
2516 2841 2631 2897 haec
2659 2841 2725 2897 de
2748 2841 2970 2898 homine
2999 2842 3308 2914 loquentem
3334 2843 3502 2898 Deum
3525 2844 3656 2898 facit
3680 2861 3694 2896 :

2365 2956 2506 3022 pinno
2530 2956 2767 3008 formetur
2787 2957 2952 3019 homo,
2979 2958 3152 3022 summi
3174 2971 3323 3020 quem
3343 2959 3500 3022 tangit
3523 2961 3688 3022 imago

2363 3019 2604 3077 Numinis.
2629 3026 2681 3070 et
2705 3028 2916 3069 nostram
2942 3019 3076 3070 celso
3097 3019 3307 3073 donatus
3330 3019 3517 3072 honore

2364 3082 2545 3145 Induat
2568 3083 2778 3132 interius
2803 3082 3010 3132 formosa
3035 3092 3204 3134 mente
3237 3084 3457 3145 ﬁguram.

2362 3144 2508 3209 Hunc
2530 3146 2654 3194 libet
2679 3145 2864 3195 erectis
2881 3145 3142 3209 sublimem
3166 3144 3403 3198 incedere
3427 3147 3626 3209 plantis,

2365 3207 2455 3273 Qui
2481 3215 2626 3272 regat
2649 3215 2838 3273 aeterno
2859 3207 3130 3270 subjectum
3156 3211 3375 3271 pondere
3397 3207 3657 3273 mundum,

2365 3270 2517 3336 Bruta
2542 3269 2728 3328 domet,
2757 3269 2920 3336 legem
2946 3269 3239 3336 cunctis,‘ac
3259 3276 3447 3323 nomina
3472 3282 3639 3336 ponat,

2365 3333 2506 3394 Astra
2529 3340 2688 3394 notet,
2715 3331 2931 3394 ctelique
2949 3335 3070 3392 vias,
3096 3342 3147 3383 et
3170 3335 3332 3385 sidera
3356 3331 3502 3393 norit,

2364 3393 2529 3462 Discat.
2553 3404 2605 3446 et
2627 3393 2862 3462 inspectis
2883 3397 3172 3462 discernere
3191 3403 3412 3462 tempora
3434 3399 3621 3461 signis;

2365 3458 2602 3524 §ubjieiat
2626 3458 2834 3521 pelagus
2856 3471 3061 3524 saevum,
3086 3458 3384 3524 ingenioque
3403 3458 3559 3512 tenaci

2362 3519 2620 3592 fossideat
2641 3519 2965 3592 quaecumque
2985 3519 3120 3592 videt
3138 3519 3158 3569 Ξ
3174 3523 3253 3572 cui
3279 3519 3433 3592 bestia
3455 3525 3704 3576 frendens

2361 3585 2576 3644 Serviat,
2601 3592 2653 3634 et
2673 3584 2828 3644 posito
2849 3584 3038 3632 discant
3061 3594 3317 3636 mansueta
3339 3587 3505 3640 furore

2362 3645 2630 3712 I_mperium
2650 3647 2870 3712 jumenta
2893 3648 2988 3709 pati
3007 3686 3019 3708 ,
3041 3646 3262 3712 jussiun
3287 3648 3432 3712 ligari

2363 3707 2621 3775 EeStinent
2639 3709 2813 3775 trepidi
2837 3707 3072 3775 consueta
3090 3711 3145 3775 in
3174 3707 3562 3775 vincla'juveuei.

2362 3773 2568 3844 Quoque
2593 3773 2738 3844 etiam
2763 3779 2935 3844 natura
2970 3771 3180 3844 hominis
3203 3771 3454 3844 sublimior
3477 3788 3678 3844 exstet,

2360 3833 2563 3902 lpcipiat
2583 3840 2744 3883 rectos
2767 3834 2812 3881 in
2839 3833 3015 3902 caelum
3043 3833 3221 3902 tollere
3249 3837 3427 3902 vultus,

2287 3911 2289 3914 ‘
2359 3895 2615 3961 Factorem
2639 3903 2828 3961 quaerat
2850 3897 3118 3961 prolirium,
3144 3901 3219 3948 cui
3247 3895 3568 3954 mente'lideli

2360 3958 2619 4023 Impendat
2641 3957 2866 4008 famulam
2891 3957 3114 4023 longaevo
3136 3964 3186 4010 in
3205 3969 3428 4028 tempore
3452 3969 3622 4018 vitam.

2334 4065 2427 4121 63.
2458 4065 2564 4122 Sed
2595 4067 2714 4138 quis
2739 4066 3096 4139 Augustinum
3129 4085 3235 4125 non
3267 4072 3486 4137 referat,
3524 4075 3618 4144 qui
3651 4075 3774 4132 hare
3804 4079 3877 4135 ait

2263 4157 2362 4232 (De
2390 4158 2586 4216 Genesi
2615 4172 2806 4217 contra
2834 4161 3092 4230 Manich.,
3123 4164 3213 4218 lib.
3248 4183 3283 4232 ι,
3313 4183 3427 4238 cap.
3474 4169 3572 4237 l7,
3629 4189 3685 4224 η.
3737 4174 3834 4243 9.8)
3860 4191 3875 4228 :

2267 4270 2287 4304 ι
2319 4252 2471 4320 Quod
2499 4253 2661 4309 homo
2683 4255 2749 4310 ad
2781 4255 3069 4326 imaginem
3104 4257 3195 4312 Dei
3221 4257 3394 4315 factus
3417 4259 3637 4328 dicitur,
3668 4279 3874 4320 secun-

2259 4346 2386 4403 dum
2427 4348 2736 4405 interiorem
2768 4349 3040 4405 hominem
3087 4351 3306 4418 dicitur,
3351 4355 3440 4410 ubi
3491 4365 3572 4411 est
3617 4359 3790 4426 ratio,
3821 4371 3877 4415 et

2259 4442 2605 4500 intellectus:
2649 4446 2795 4503 unde
2842 4448 3005 4504 etiam
3053 4448 3214 4506 habet
3256 4460 3578 4518 potestatem
3634 4454 3876 4522 piscium

555 4557 640 4605 est
672 4547 763 4603 Dei
804 4546 1001 4615 imago,
1058 4556 1233 4612 neque
1271 4539 1449 4611 quoad
1489 4551 1716 4606 corpus,
1761 4549 1937 4603 neque
1977 4530 2155 4604 quoad
2259 4539 2458 4604 maris,
2503 4548 2560 4594 et
2583 4539 2880 4597 volatilium
2911 4543 3066 4610 coeli,
3100 4552 3155 4598 et
3196 4545 3438 4600 omnium
3469 4559 3780 4615 pecorum,
3817 4559 3879 4604 et

554 4643 825 4707 animam,
871 4638 966 4696 sed
1008 4646 1218 4692 tantum
1271 4633 1415 4706 quod
1454 4631 1648 4688 attinet
1687 4630 1752 4683 ad
1790 4627 2148 4699 principatum
2178 4624 2228 4684 D
2259 4631 2514 4700 ferarum,
2556 4643 2612 4691 et
2648 4637 2827 4692 omnis
2895 4647 3085 4706 teme,
3132 4647 3188 4694 et
3226 4639 3464 4695 omnium
3509 4645 3833 4710 repentium
3859 4687 3873 4709 ,

553 4743 611 4791 et
635 4731 920 4803 imperium
938 4747 953 4787 :
973 4737 1032 4786 ut
1049 4729 1136 4786 cui
1160 4742 1290 4799 ergo
1315 4726 1579 4792 omnium,
1602 4739 1722 4795 quae
1751 4729 1877 4777 sunt
1906 4719 1958 4775 iu
1985 4729 2150 4787 terra,

552 4825 838 4898 imperium
860 4833 945 4881 est
971 4823 1262 4889 creditum,
1289 4819 1384 4877 Dei
1408 4820 1584 4890 imago
1607 4815 1930 4887 appellatur;
1957 4813 2152 4868 mulier

551 4933 754 4986 autem,
790 4931 848 4976 ut
871 4935 991 4992 qum
1019 4919 1090 4975 sit
1117 4918 1169 4972 in
1203 4923 1469 4988 potestate
1498 4913 1619 4979 viri,
1650 4923 1721 4967 at
1751 4910 1846 4966 viri
1870 4908 2066 4980 gloria,
2097 4918 2150 4962 et

548 5017 714 5075 veluti
741 5015 921 5087 imago
951 5012 1199 5085 imaginis
1224 5030 1238 5064 :
1267 5026 1390 5067 nam
1416 5011 1528 5078 ipsa
1557 5009 1719 5064 etiam
1752 5005 1870 5060 aliis
1893 5003 2146 5074 imperat,

547 5112 643 5170 sed
672 5111 788 5167 viro
811 5110 1052 5182 subjecta
1081 5122 1224 5175 esse,
1250 5107 1377 5163 etei
1407 5117 1596 5176 parere
1622 5102 1774 5172 jussa
1801 5107 1902 5156 est.
1939 5117 1958 5152 ι

619 5206 708 5263 60.
740 5205 846 5262 Sed
875 5220 944 5260 ne
973 5201 1194 5260 Graecos
1225 5209 1430 5256 tantum
1456 5197 1734 5252 videamur
1761 5191 1956 5249 afferre
1976 5232 1991 5258 ,
2019 5205 2144 5246 eccc
2183 5194 2189 5200 '

546 5299 644 5356 tibi
696 5297 1042 5354 Ambrosium
1092 5293 1211 5349 haec
1255 5291 1324 5348 de
1383 5291 1604 5346 homine
1658 5286 1958 5342 tradentem
2018 5283 2143 5356 (b):

549 5413 570 5447 ι
610 5394 722 5448 Hoc
741 5393 938 5447 mentis
965 5389 1150 5461 vigore
1175 5395 1232 5444 et
1259 5395 1483 5444 externa
1525 5381 1748 5452 subigit,
1777 5389 1833 5436 et
1861 5385 2109 5447 separata
2129 5416 2142 5440 ,

543 5500 609 5544 ac
633 5483 886 5542 distantia
910 5482 1071 5551 videt,
1099 5491 1155 5539 et
1181 5479 1438 5536 validiora
1464 5475 1665 5530 viribus
1691 5471 1945 5528 animalia
1968 5467 2141 5538 subji-

617 5650 698 5724 (α)
745 5647 978 5724 Orat-1;
1011 5647 1076 5702 de
1105 5642 1602 5724 πιαηάέβτςειιεοῖιε
1642 5655 1696 5693 η·
1738 5636 1796 5720 is
1843 5631 2134 5724 Fausti:

547 5711 692 5777 torh.’
710 5737 761 5775 γι
788 5719 890 5790 0p.
919 5718 1199 5789 Chrysost.
1231 5716 1362 5773 edit.
1405 5711 1813 5768 Montfaueonii.
1838 5711 1906 5764 In
1941 5721 2043 5776 quo
2070 5711 2145 5761 est

548 5793 681 5848 ratio
711 5790 996 5862 imaginis?
1023 5790 1074 5844 in
1101 5795 1370 5859 potestate,
1400 5794 1506 5844 etc.

2257 4741 2378 4796 qua:
2403 4737 2529 4783 sunt
2554 4743 2718 4800 super
2746 4741 2942 4786 terram
2969 4749 2983 4785 :
3013 4747 3135 4788 cum
3161 4733 3304 4788 enim
3327 4733 3571 4800 dixisset,
3601 4735 3876 4803 faciamus

2256 4820 2512 4875 hominem
2539 4821 2607 4874 ad
2632 4823 2925 4891 imaginem,
2960 4833 3007 4878 et
3040 4825 3435 4880 similitudinem
3460 4835 3729 4893 nostram,
3768 4831 3873 4885 ad-

2254 4910 2389 4966 didit
2431 4913 2729 4969 continuo:
2767 4913 2835 4968 Et
2875 4916 3056 4971 habeat
3085 4927 3383 4989 potestatem
3415 4920 3638 4988 piscium
3681 4925 3872 4993 maris,

2253 5015 2301 5059 et
2331 5005 2618 5060 volatilia»:
2647 5009 2782 5075 caeli,
2816 5017 2870 5063 et
2899 5019 3094 5066 caetera
3131 5027 3145 5065 :
3175 5021 3232 5066 ut
3262 5011 3720 5085 intelligeremus,
3760 5037 3872 5073 non

2253 5109 2476 5170 propter
2516 5115 2712 5172 corpus
2759 5102 2861 5159 dici
2905 5103 3178 5162 hominem
3221 5107 3418 5163 factum
3465 5108 3532 5163 ad
3560 5109 3872 5182 imaginem

2255 5191 2376 5260 Dei,
2417 5192 2512 5249 sed
2543 5205 2761 5264 propter
2789 5210 2908 5252 eam
2938 5207 3282 5266 potestatem,
3308 5214 3416 5271 qua
3445 5201 3630 5256 omnia
3657 5219 3875 5274 pecora

2252 5293 2490 5356 Superat.
2536 5285 2728 5342 Omnia
2767 5290 2910 5344 enim
2935 5291 3185 5348 animalia
3220 5301 3419 5350 caetera
3453 5293 3703 5365 subjecta
3738 5310 3878 5354 sunt

2253 5374 2456 5431 homini
2486 5393 2592 5433 non
2626 5389 2847 5449 propter
2867 5398 3084 5454 corpus,
3117 5386 3210 5440 sed
3246 5396 3463 5458 propter
3493 5389 3873 5460 intellectum,

2252 5485 2412 5541 quem
2440 5487 2540 5528 nos
2569 5471 2852 5545 habemus,
2881 5487 2934 5532 et
2966 5476 3059 5532 illa
3089 5493 3194 5535 non
3224 5477 3444 5536 habent.
3482 5499 3503 5536 ι

2321 5635 2398 5724 (ὁ)
2443 5634 2564 5724 ξςιι).
2611 5652 2683 5724 vi,
2733 5641 2894 5711 epist.
2942 5657 3166 5711 xxxvm,
3205 5644 3342 5703 alias
3380 5645 3554 5705 classe
3596 5663 3640 5718 ι,
3691 5655 3871 5724 epist.

2251 5705 2398 5776 xu'n,
2434 5705 2780 5768 Horontianol
