4066 6424
545 316 652 374 875

1271 307 1341 366 ΙΝ
1371 303 1626 365 HlLARll
1666 303 1886 362 EPIST.
1932 303 2060 362 SEU
2100 301 2317 361 LIBEL.
2363 302 2815 364 DISSERTATIO
2842 304 3124 363 TERTIA.
3739 305 3833 364 876

542 433 612 489 ad
649 433 919 503 imaginem
970 439 1017 485 et
1057 429 1442 484 similitudinem
1471 436 1696 482 nostram
1721 441 1734 490 ;
1790 433 2014 477 nostram
2044 419 2145 474 uti—
2171 421 2222 480 Α
2320 420 2407 477 78.
2443 421 2498 478 Si
2529 437 2656 478 vero
2684 422 2734 476 in
2755 419 3084 492 perfectione
3113 419 3328 485 eximia,
3362 432 3522 490 quam
3551 431 3711 490 supra
3741 435 3838 474 cm.

541 542 638 596 que
663 541 762 579 non
792 524 1030 591 dixisset,
1061 524 1149 577 sed
1176 532 1315 576 tuam
1346 520 1402 593 (τ)
1425 520 1570 593 Fili).
1599 518 1735 574 Num
1766 517 1879 571 haec
1907 512 2148 568 animad-

542 618 720 675 versio
742 616 1049 687 Opinionem
1071 631 1190 670 eam
1214 616 1341 670 satis
1362 614 1591 680 refutet,
1620 612 1705 666 alii
1728 610 1981 668 viderim.
2007 606 2148 662 Con-

543 711 697 779 sule,
735 709 999 778 obsecro,
1042 708 1315 765 Petavium
1361 707 1536 779 ipsum
1577 722 1694 778 cap.
1729 720 1805 759 vn
1844 703 1964 758 libri
2010 717 2048 756 ιι
2079 700 2146 757 de

544 803 810 859 Trinitate
843 801 919 875 (η.
950 802 1031 872 4).

615 896 699 952 Ex
728 896 987 951 hactenus
1016 895 1175 951 dictis
1204 893 1459 965 dijudicet
1490 892 1705 954 Lector,
1749 887 1874 961 quid
1917 886 1984 943 de
2023 901 2146 957 pos-

545 1002 716 1048 trema
740 990 993 1059 opinione
1015 988 1355 1045 sentiendum
1380 987 1470 1054 sit,
1495 999 1680 1041 eorum
1704 982 1930 1045 scilicet,
1956 980 2044 1051 qui
2070 978 2146 1034 l'a-

541 1101 721 1147 tentur
743 1093 794 1146 in
819 1091 1038 1147 homine
1059 1090 1274 1161 quidem
1300 1099 1486 1145 extare
1513 1102 1631 1143 eam
1653 1131 1667 1155 ,
1692 1085 1760 1142 de
1782 1098 1883 1156 qua
1911 1080 2142 1151 agimus,

539 1186 928 1242 similitudinem
971 1195 1019 1239 et
1046 1186 1356 1256 imaginem:
1410 1181 1502 1238 sed
1534 1183 1584 1236 in
1613 1195 1719 1251 quo
1753 1176 1925 1249 posita
1954 1189 2017 1229 ea
2049 1170 2140 1235 sit,

540 1281 766 1337 minime
791 1295 1074 1351 apparere.
1104 1279 1159 1336 Si
1187 1279 1314 1348 quid
1338 1277 1545 1335 scilicet
1574 1275 1853 1347 probabile
1883 1271 2144 1325 hactenus

538 1374 804 1438 diximus,
837 1383 946 1428 tam
978 1384 1030 1428 et
1062 1373 1106 1427 si
1137 1373 1376 1428 stabilire
1411 1382 1562 1426 certo
1604 1383 1709 1423 non
1755 1365 2054 1436 possimus,
2087 1359 2141 1414 in

535 1480 646 1536 quo
673 1465 790 1520 haec
814 1466 981 1535 posita
1011 1466 1116 1530 sit;
1151 1473 1328 1522 tamen
1351 1465 1569 1519 Patrum
1600 1476 1660 1516 ea
1690 1461 1742 1515 in
1769 1453 2144 1526 disquisitione

536 1559 712 1630 posita
743 1559 919 1615 studia
959 1559 1280 1623 eﬁecerunt,
1325 1567 1384 1613 ut
1421 1557 1714 1613 verisimile
1753 1550 1954 1624 aliquid
1997 1551 2144 1604 inve-

535 1653 809 1719 nerimus,
841 1651 893 1706 in
925 1667 1032 1722 quo
1063 1654 1199 1706 hanc
1225 1651 1570 1706 collocemus.
1603 1649 1676 1703 Ea
1709 1647 1776 1702 de
1817 1659 1877 1701 re
1923 1641 2144 1698 minime

534 1744 837 1812 dubitabis,
879 1745 923 1799 si
966 1760 1028 1798 ea
1068 1743 1392 1814 expenderis
1415 1783 1428 1806 ,
1459 1756 1580 1811 qum
1609 1756 1639 1795 a
1672 1751 1898 1794 numero
1925 1734 2140 1790 decimo

535 1837 699 1894 tertio
724 1838 790 1892 ad
820 1836 962 1894 hunc
990 1851 1159 1908 usque
1190 1836 1366 1891 locum
1398 1835 1618 1905 copiose
1648 1831 1990 1889 tradidimus.

993 1995 1320 2066 QUIESTIO
1359 1994 1423 2050 111
1473 2004 1528 2051 ει
1565 1993 1652 2049 IV.

531 2138 599 2194 In
629 2155 728 2209 qua
755 2136 973 2192 hominis
1003 2147 1146 2208 parte
1178 2134 1345 2204 posita
1385 2133 1450 2187 sit
1491 2130 1600 2186 haec
1621 2172 1634 2196 ,
1669 2130 1732 2184 de
1772 2145 1874 2198 qua
1912 2126 2134 2198 agimus,

599 2233 770 2302 imago
797 2239 844 2284 et
872 2229 1172 2284 similitudo.
1208 2227 1306 2282 Et:
1366 2225 1446 2280 An
1475 2225 1572 2279 soli
1601 2225 1738 2289 viro,
1769 2238 1837 2275 an
1861 2220 2015 2276 etiam
2044 2223 2138 2289 fw-

600 2326 756 2381 mina:
794 2323 1021 2380 eamdem
1073 2321 1350 2392 imaginem
1393 2328 1438 2373 et
1469 2316 1862 2372 similitudinem
1890 2311 2136 2368 indiderit

602 2416 766 2475 Deus.

598 2553 688 2610 75.
720 2555 777 2611 Si
806 2569 871 2611 ea
894 2553 1280 2624 expendimus,
1306 2567 1426 2622 quae
1453 2551 1508 2609 in
1537 2546 1804 2620 superiori
1829 2545 2134 2618 qumstione

527 2650 797 2718 diximus,
841 2650 997 2705 facile
1039 2633 1339 2714 constabit,
1385 2647 1437 2700 in
1474 2658 1701 2714 corpore
1749 2640 1871 2712 poni
1914 2639 2135 2694 minimc

527 2758 692 2816 posse
713 2758 863 2811 eam,
894 2741 962 2797 de
989 2757 1092 2813 qua
1117 2741 1356 2811 agimus,
1383 2738 1476 2795 Dei
1508 2736 1830 2810 imaginem,
1861 2733 1967 2789 nisi
1992 2731 2135 2788 forte

526 2838 584 2894 in
615 2853 674 2893 eo
708 2835 1105 2910 signiﬁcatione
1145 2833 1198 2888 id
1239 2833 1470 2895 dicatur,
1503 2845 1663 2901 quam
1703 2837 1980 2902 praeeunte
2019 2828 2134 2881 Au-

523 2932 741 3005 gustino
770 2949 824 2986 n.
855 2915 922 2985 Π
951 2929 1348 3001 proposuimus.
1395 2924 1453 2980 In
1486 2924 1665 2980 anima
1695 2939 1820 2978 vero
1852 2920 1980 2992 poni
2012 2935 2133 2990 pos-

523 3041 605 3093 se,
635 3025 856 3080 minime
877 3022 1085 3078 dubito.
1115 3024 1180 3076 At
1204 3037 1328 3076 num
1356 3019 1408 3074 in
1435 3020 1628 3073 anima:
1655 3016 1978 3080 substantia,
2003 3029 2130 3068 num

521 3118 576 3173 in
615 3118 760 3172 illius
789 3117 1077 3188 potentiis,
1112 3131 1240 3170 num
1285 3114 1387 3169 alia
1431 3112 1683 3184 quapiam
1730 3109 1975 3175 ratione,
2009 3119 2123 3163 tum

2249 523 2392 570 teras
2421 525 2698 572 creaturas
2732 515 2888 570 habet
2923 513 3114 581 homo,
3148 529 3265 569 eam
3300 511 3707 568 similitudinem
3737 514 3839 568 col-

2249 609 2434 676 loces;
2466 608 2741 666 l'oeminam
2770 607 2838 663 ad
2869 608 2959 662 Dei
2989 607 3273 679 imaginem
3314 601 3510 664 factam
3554 621 3717 678 neges
3757 622 3843 663 ne-

2247 717 2398 759 cesse
2425 711 2526 757 est.
2558 700 2770 756 Etenim
2800 699 3011 754 mulieri
3038 705 3255 769 prteslat
3281 697 3385 762 vir,
3415 696 3670 768 illiusque
3696 707 3847 767 caput

2246 804 2346 852 est.
2377 793 2800 865 Expressissime
2827 788 3243 865 Chrysostomus
3265 789 3370 865 (a):
3400 809 3418 842 ι
3439 788 3510 846 Ut
3538 789 3682 846 enim
3713 789 3846 846 scias

2249 890 2480 944 humana
2509 888 2678 944 forma
2706 885 2986 959 praeditum
3016 901 3124 941 non
3150 899 3272 942 esse
3299 893 3501 940 nomen
3523 926 3538 950 ,
3570 883 3693 939 audi
3716 882 3848 939 Pau-

2247 981 2356 1037 lum
2397 980 2699 1037 dicentem:
2742 978 2835 1035 Vir
2861 979 3066 1052 quidem
3094 995 3196 1034 non
3235 978 3382 1033 debet
3405 977 3602 1045 velari,
3634 994 3750 1033 cum
3786 979 3849 1033 sit

2246 1077 2416 1149 imago
2467 1085 2514 1130 et
2553 1074 2720 1147 gloria
2761 1073 2856 1128 Dei
2885 1089 2904 1128 :
2967 1071 3160 1127 Mulier
3197 1081 3370 1128 autem
3405 1071 3574 1145 gloria
3611 1071 3709 1127 viri
3744 1080 3847 1139 est,

2247 1179 2516 1240 prepterea
2555 1167 2735 1234 debet,
2777 1166 2987 1239 inquit,
3027 1167 3195 1222 velum
3233 1167 3421 1222 habere
3467 1183 3629 1234 supra
3679 1173 3846 1234 caput.

2247 1263 2536 1319 Enimvero
2560 1262 2605 1317 si
2639 1261 2742 1317 hoc
2767 1262 2886 1318 loco
2919 1260 3206 1331 imaginem
3235 1259 3287 1316 id
3317 1259 3641 1331 appellavit,
3675 1273 3850 1330 aequa-

2248 1357 2351 1412 lem
2395 1357 2593 1413 divinre
2631 1356 2776 1411 omni
2822 1369 2887 1410 ex
2929 1365 3082 1425 parte
3124 1354 3310 1410 lormze
3341 1352 3749 1410 similitudinem
3779 1352 3854 1408 si-

2247 1451 2509 1521 gniﬁeans
2531 1493 2546 1519 ,
2578 1461 2630 1505 et
2662 1450 2862 1506 idcirco
2897 1450 2987 1504 Dei
3021 1449 3196 1521 imago
3226 1458 3450 1506 vocatur
3489 1447 3692 1516 homo,
3726 1448 3846 1519 quia

2251 1549 2390 1605 Deus
2421 1547 2524 1604 hoc
2555 1557 2711 1619 pacto
2743 1546 3002 1618 ﬁguratus
3041 1552 3145 1602 est.
3192 1544 3359 1616 Igitur
3395 1544 3692 1600 secundum
3733 1543 3854 1598 illos

2249 1661 2356 1700 non
2387 1645 2561 1698 virum
2593 1652 2798 1697 tantum
2831 1640 2897 1696 ad
2927 1639 3212 1713 imaginem
3255 1638 3452 1716 laetum
3495 1637 3600 1694 dici
3643 1643 3858 1708 oporte-

2248 1736 2371 1804 bat,
2400 1734 2496 1791 sed
2521 1735 2685 1789 etiam
2718 1734 3036 1798 mulierem;
3072 1729 3316 1788 mulieris
3344 1731 3488 1787 enim
3534 1730 3746 1800 virique
3798 1728 3857 1783 ﬁ-

2170 1819 2218 1881 B
2244 1833 2409 1901 gura',
2443 1836 2497 1883 et
2526 1826 2733 1896 forma,
2767 1836 2818 1881 et
2861 1825 3157 1880 similitudo
3198 1834 3280 1880 est
3320 1839 3447 1879 una.
3480 1822 3652 1892 Quam
3696 1822 3857 1893 igitur

2244 1921 2316 1978 ob
2345 1937 2562 1977 causam
2594 1919 2772 1992 imago
2807 1919 2896 1975 Dei
2930 1921 3010 1974 vir
3047 1919 3270 1983 dicitur,
3321 1916 3517 1974 mulier
3575 1932 3708 1973 vero
3752 1932 3856 1972 non

2244 2016 2411 2072 item?
2440 2014 2575 2082 Quia
2605 2014 2859 2069 nimirum
2894 2028 2998 2068 non
3030 2012 3100 2068 de
3127 2012 3358 2084 imagine
3398 2012 3734 2067 mentionem
3769 2011 3846 2065 fa-

2242 2108 2316 2168 cit
2338 2151 2352 2177 ,
2385 2124 2504 2180 qua:
2533 2110 2583 2164 in
2616 2109 2786 2164 forma
2818 2107 2919 2164 sita
2949 2104 3050 2172 sit,
3085 2106 3180 2163 sed
3222 2105 3289 2162 de
3328 2105 3563 2178 imagine
3587 2148 3601 2171 ,
3645 2121 3768 2176 qua:
3799 2105 3851 2160 in

2241 2203 2517 2258 dominatu
2539 2246 2552 2271 ,
2584 2219 2742 2275 quam
2775 2203 2926 2259 solus
2959 2202 3121 2257 homo
3153 2200 3350 2267 habet,
3382 2216 3488 2257 non
3518 2211 3699 2256 autem
3729 2215 3856 2256 mu-

2242 2296 2362 2352 lier.
2395 2296 2528 2352 Nam
2563 2296 2649 2352 hic
2680 2296 2895 2367 quidem
2933 2296 3134 2351 nemini
3166 2295 3413 2351 subditus
3439 2303 3559 2359 est,
3591 2293 3681 2349 illa
3721 2294 3853 2349 huic

2247 2389 2493 2457 subdita,
2521 2389 2974 2461 quemadmodum
3005 2387 3182 2460 inquit
3211 2387 3354 2444 Deus
3378 2405 3390 2441 :
3425 2387 3506 2442 Ad
3525 2387 3690 2441 virum
3713 2395 3860 2441 tuum

2256 2483 2518 2536 conversio
2542 2491 2649 2550 tua,
2675 2491 2721 2536 et
2749 2483 2858 2553 ipse
2876 2481 2952 2536 tui
2980 2479 3348 2536 dominabitur.
3372 2479 3582 2537 idcirco
3611 2480 3701 2536 Dei
3734 2481 3860 2551 qui-

2245 2573 2369 2629 dem
2401 2573 2577 2644 imago
2607 2580 2692 2630 est
2720 2575 2820 2640 vir,
2854 2573 2977 2644 quia
3010 2572 3379 2629 sublimiorem
3411 2571 3622 2628 nullum
3653 2569 3856 2636 habet,

2241 2665 2698 2737 quemadmodum
2735 2666 2843 2721 Deo
2873 2665 3158 2721 sublimior
3182 2673 3267 2721 est
3304 2664 3484 2720 nullus
3505 2705 3521 2731 ,
3551 2665 3645 2721 sed
3673 2664 3862 2720 omni-

2239 2757 2342 2814 bus
2371 2758 2701 2814 dominatur.
2732 2758 2924 2815 Mulier
2953 2773 3083 2815 vero
3108 2758 3277 2830 gloria
3305 2758 3405 2814 viri
3432 2766 3548 2828 est,
3577 2758 3702 2829 quia
3736 2758 3864 2813 viro

2242 2851 2482 2922 subjecta
2513 2861 2615 2908 est.
2645 2871 2664 2904 ι

2314 2945 2402 2999 79.
2441 2945 2702 3013 Imitatur,
2732 2954 2789 3001 et
2814 2954 3018 3002 tantum
3049 2960 3154 3001 non
3183 2954 3352 3001 totum
3385 2944 3646 3001 exscribit
3673 2944 3865 3018 Chry-

2241 3047 2539 3094 sostomum
2565 3037 2942 3094 Theodoretus
2986 3038 3060 3112 (b)
3106 3037 3223 3094 haec
3242 3038 3478 3095 docens:
3508 3056 3527 3090 ι
3553 3038 3730 3094 Homo
3777 3047 3866 3096 est

2243 3132 2340 3189 Dei
2371 3133 2583 3204 imago,
2617 3147 2790 3204 neque
2828 3131 3004 3204 quoad
3043 3148 3277 3203 corpus,
3314 3147 3488 3204 neque
3517 3130 3691 3203 quoad
3731 3113 3864 3188 auio

521 3211 742 3268 demum
781 3225 1029 3273 asseres,
1075 3224 1194 3263 cum
1239 3207 1472 3278 aliquam
1513 3221 1581 3261 ex
1625 3212 1782 3259 antea
1839 3202 2123 3299 explicatis
2157 3224 2204 3290 ρ
2236 3244 2418 3295 mam,
2469 3202 2566 3284 ἐρα
2612 3202 2815 3285 unum
2847 3202 2990 3299 ᾧ]οα
3035 3202 3232 3284 διῄει
3267 3227 3336 3283 ad
3376 3202 3744 3298 p'rincipaum
3812 3237 3867 3282 ει

524 3303 872 3374 Opinionibus
913 3301 1284 3374 amplecteris.
1331 3300 1431 3368 Qui
1479 3299 1622 3354 enim
1673 3300 1726 3352 in
1776 3296 1965 3367 spiritu
2007 3311 2127 3353 eam

522 3397 811 3467 imaginem
845 3395 1146 3461 collocant,
1196 3395 1249 3448 in
1284 3393 1476 3457 animm
1507 3391 1809 3446 substantia
1841 3391 2128 3446 collocant.

525 3490 627 3558 Qui
657 3490 710 3544 in
741 3489 1020 3544 intellectu
1041 3529 1054 3552 ,
1082 3488 1385 3550 voluntate,
1415 3485 1663 3540 libertate
1682 3527 1696 3550 ,
1724 3483 1950 3554 aliisque
1977 3483 2134 3554 hujus

526 3583 668 3639 modi
689 3626 704 3651 ,
730 3585 784 3637 in
807 3581 1059 3654 potentiis
1083 3587 1306 3650 ponunt.
1329 3577 1432 3646 Qui
1455 3591 1582 3631 vero
1605 3577 1656 3631 in
1681 3577 1877 3631 eximia
1899 3575 2136 3630 hominis

523 3676 893 3750 perfectione,
927 3683 981 3730 et
1006 3672 1326 3729 excellentia
1349 3715 1362 3738 ,
1398 3680 1558 3740 atque
1598 3669 1650 3723 in
1682 3669 1956 3735 dominio,
1989 3667 2133 3739 quod

523 3785 687 3842 supra
717 3778 993 3826 creaturas
1021 3775 1279 3834 exercet,
1312 3764 1539 3835 aliisque
1569 3762 1819 3819 afﬁnibus
1847 3764 2004 3817 sitam
2037 3777 2134 3818 vo—

523 3865 641 3919 lunt
664 3906 679 3932 ,
730 3861 832 3918 alia
867 3861 1070 3918 addant
1110 3873 1334 3915 necesse
1363 3867 1479 3923 est,
1511 3857 1726 3912 tametsi
1759 3857 1811 3911 in
1842 3859 2020 3911 anima
2049 3856 2130 3928 (si

527 3958 673 4029 loqui
718 3957 790 4011 ita
832 3952 1119 4020 volumus)
1171 3953 1562 4024 fundamentum
1611 3949 1870 4017 habeant,
1921 3959 2004 4015 et,
2052 3948 2130 4004 uti

522 4048 833 4106 scholastici
863 4046 972 4104 fere
999 4047 1190 4112 aiunt,
1251 4045 1598 4100 adluesionem
1643 4053 1696 4099 et
1724 4041 2026 4108 subiectum.
2063 4043 2131 4099 Et

522 4143 591 4199 de
621 4157 679 4198 ιιι
706 4140 1004 4212 quaestione
1035 4139 1314 4195 hactenus.

597 4237 686 4294 76.
714 4235 865 4305 Quod
895 4236 1072 4304 itaque
1101 4234 1166 4289 ad
1213 4240 1457 4304 quartam
1485 4231 1704 4298 attinet,
1741 4229 2042 4286 desumitur
2065 4231 2131 4286 il-

524 4331 629 4388 lius
648 4330 847 4386 solutio
869 4343 896 4381 a
921 4328 1189 4383 solutione
1211 4327 1418 4398 primm,
1439 4339 1502 4380 ac
1522 4323 1772 4380 secundae
1793 4325 2127 4395 qumstionis,

521 4425 618 4484 sed
644 4423 892 4481 secunda:
915 4424 1232 4494 praesertim.
1267 4421 1477 4476 Etenim
1502 4421 1546 4474 si
1572 4420 1622 4473 in
1643 4420 1818 4474 anima
1840 4459 1854 4484 ,
1880 4420 2129 4491 illiusque

525 4517 781 4589 potentiis
803 4557 818 4583 ,
859 4530 922 4569 ac
955 4513 1302 4581 qualitatibus
1322 4554 1337 4578 ,
1367 4520 1491 4577 aut,
1522 4510 1568 4565 si
1600 4511 1711 4577 vis,
1747 4511 1799 4564 in
1840 4511 2127 4567 virtutibus

2244 3323 2530 3392 imperium
2557 3338 2569 3374 :
2603 3330 2661 3376 ut
2691 3320 2779 3376 cui
2807 3336 2937 3393 ergo
2965 3320 3207 3377 omnium
3229 3362 3245 3388 ,
3278 3335 3398 3392 quae
3427 3320 3632 3376 suntin
3665 3329 3827 3375 terra
3847 3361 3863 3386 ,

2244 3416 2531 3486 imperium
2563 3425 2645 3472 est
2674 3415 2938 3471 creditum
2963 3456 2978 3481 ,
3010 3415 3105 3471 Dei
3146 3415 3326 3486 imago
3365 3413 3684 3485 appellatur.
3741 3412 3868 3468 Mn-

2242 3509 2344 3565 lier
2370 3519 2548 3565 autem
2581 3517 2641 3565 ut
2666 3525 2784 3581 quae
2811 3511 2880 3566 sit
2910 3511 2960 3564 in
2995 3518 3262 3580 potestate
3292 3509 3429 3574 viri,
3463 3516 3548 3564 est
3582 3505 3683 3562 viri
3733 3507 3868 3577 glo—

2243 3605 2326 3659 ria
2367 3611 2423 3659 et
2471 3603 2618 3660 velut
2662 3604 2837 3675 imago
2879 3603 3161 3676 imaginis:
3206 3615 3328 3657 nam
3371 3602 3483 3672 ipsa
3526 3600 3684 3655 etiam
3733 3602 3868 3658 aliis

2244 3698 2514 3768 imperat:
2549 3698 2642 3754 sed
2676 3698 2791 3752 viro
2820 3698 3063 3768 subjecta
3092 3711 3215 3752 esse
3236 3737 3251 3763 ,
3284 3703 3339 3752 et
3376 3696 3424 3751 ei
3469 3705 3657 3766 parere
3689 3693 3861 3764 iussa

2243 3798 2347 3845 est.
2381 3809 2399 3843 ι
2427 3790 2629 3846 Deinde
2678 3790 2839 3846 aliam
2889 3791 3152 3846 rationem
3194 3788 3465 3861 adjungit,
3519 3799 3576 3843 ut-
3622 3787 3870 3858 hujusce

2245 3884 2573 3958 prtcstantiae
2602 3885 2878 3942 l'oeminam
2933 3895 3175 3941 exortem
3229 3884 3422 3940 faciat:
3478 3881 3642 3938 (Non
3698 3884 3864 3938 enim

2241 3979 2362 4044 vir,
2411 3978 2617 4049 inquit,
2675 3994 2738 4034 ex
2771 3978 3000 4034 muliere
3038 3985 3156 4044 est,
3215 3976 3311 4034 sed
3360 3974 3556 4033 mulier
3594 3988 3663 4031 ex
3711 3977 3865 4031 viro.

2242 4070 2389 4142 Ergo
2429 4071 2589 4126 etiam
2621 4071 2830 4127 ratione
2859 4071 3149 4127 ereationis
3179 4069 3280 4125 viri
3311 4071 3512 4142 primas
3542 4076 3731 4140 partes
3767 4069 3866 4124 ob-

2242 4166 2438 4221 tinent.
2491 4164 2701 4220 Etenim
2733 4181 2837 4220 nou
2863 4173 2948 4221 est
2963 4174 3180 4224 creatus
3203 4165 3284 4220 vir
3305 4162 3868 4236 propter‘mulierem.

2239 4259 2338 4315 sed
2363 4258 2556 4314 mulier
2580 4267 2800 4329 propter
2819 4260 3015 4315 virum.
3040 4259 3156 4316 Hoc
3177 4259 3338 4316 etiam
3363 4257 3558 4314 sul‘tlcit
3575 4255 3645 4312 ad
3667 4264 3872 4314 esten-

2241 4350 2476 4407 dendum
2498 4393 2512 4419 ,
2542 4351 2716 4406 virum
2755 4351 2879 4422 jure
2907 4353 3262 4423 principatum
3297 4361 3518 4409 tenere:
3561 4363 3670 4406 non
3701 4353 3864 4408 enim

2239 4441 2330 4498 hic
2360 4454 2577 4514 propter
2608 4443 2752 4498 illius
2781 4459 2934 4499 usum
2957 4486 2972 4511 ,
3004 4443 3100 4501 sed
3129 4445 3241 4517 ipsa
3274 4453 3495 4516 propter
3532 4441 3652 4514 ejus
3692 4459 3868 4499 usum

2240 4541 2506 4611 producta
2531 4551 2668 4598 est.»
2693 4541 2894 4597 Eadem
2918 4543 3214 4599 tradiderat
3240 4540 3539 4612 quaestione
3566 4555 3642 4595 xx
3671 4541 3729 4595 in
3760 4541 3870 4597 Ge-

523 4612 778 4678 collocas,
800 4611 917 4680 quis
937 4609 1005 4664 ab
1026 4624 1089 4664 ea
1114 4607 1372 4676 dignitate
1397 4606 1640 4660 lmminas
1663 4605 2132 4664 arceat?Alcimus

2245 4636 2420 4690 nesim
2454 4639 2471 4706 (
2496 4638 2547 4689 in
2579 4635 2733 4691 veteri
2762 4634 2984 4691 editione
3003 4679 3017 4704 ,
3048 4638 3320 4708 interprete
3344 4633 3546 4691 Joanne
3571 4630 3764 4703 Pico).
3805 4633 3871 4690 Et

524 4705 712 4761 Avitus
750 4703 997 4760 l‘eeminas
1043 4702 1266 4772 hujusce
1304 4699 1641 4755 excellentiae
1682 4709 1959 4769 compotes
2001 4719 2126 4772 pro-

525 4799 668 4854 fecto
692 4796 818 4852 facit
834 4838 847 4861 ,
872 4811 991 4851 cum
1019 4794 1132 4851 haec
1155 4795 1227 4850 ait
1254 4793 1356 4866 (Ad
1378 4791 1662 4848 Fuscinam
1684 4811 1910 4850 sororem
1937 4795 2024 4851 lib.
2049 4799 2085 4867 ι)
2110 4816 2125 4854 :

618 4910 746 4962 Ecce
766 4911 908 4960 vides
927 4923 1052 4958 sexu
1072 4916 1124 4974 ut
1145 4919 1310 4959 careat
1330 4909 1547 4959 caelestis
1571 4911 1755 4974 imago,

616 4975 830 5039 interior
855 4974 1054 5022 sortitus
1075 4972 1218 5020 homo
1236 4986 1380 5035 quam
1398 4982 1567 5024 mente
1590 4972 1832 5039 retentat,

619 5036 727 5088 Nec
750 5049 929 5086 sexum
950 5043 1188 5098 acceptat.

595 5143 684 5198 77.
706 5143 901 5198 Marius
924 5143 1048 5198 item
1067 5141 1247 5197 Victor
1269 5140 1514 5198 fmminas
1534 5142 1775 5213 ejusdem
1797 5148 2128 5217 praestantia:

523 5237 826 5309 participes.
854 5237 1066 5292 videtur
1094 5235 1270 5291 facere
1292 5279 1305 5303 ,
1338 5251 1460 5290 cum
1495 5237 1661 5292 Deum
1705 5237 1820 5293 hrec
1858 5241 2121 5311 eloquen-

523 5341 632 5385 tem
665 5330 865 5385 inducit
891 5328 1005 5403 (lib.
1035 5344 1052 5382 ι
1080 5330 1134 5383 in
1160 5327 1466 5400 Genesium:

619 5442 760 5508 gone
781 5442 1032 5508 hominem
1057 5440 1305 5508 iaciamus,
1334 5441 1422 5508 ait,
1446 5442 1529 5503 qui
1553 5447 1738 5504 regnet
1761 5443 1807 5492 in
1833 5443 1978 5508 orbe,

620 5505 681 5567 Et
702 5507 766 5556 sit
789 5505 954 5567 imago
978 5504 1072 5552 Dei
1095 5517 1106 5551 :
1130 5503 1342 5567 similem
1359 5504 1508 5567 decet
1527 5503 1641 5552 esse
1664 5508 1882 5567 creanti,

621 5565 769 5617 Liber
794 5566 854 5615 ad
874 5567 1129 5616 arbitrium
1155 5565 1328 5616 lruitur
1351 5565 1434 5627 qui
1460 5573 1628 5615 mente
1651 5569 1850 5618 creatis.

601 5716 676 5791 (ᾳ)
706 5714 1032 5791 Sermoni]
1059 5714 1114 5768 in
1140 5714 1379 5791 (_.‘_enesim
1400 5732 1452 5770 n.
1477 5716 1542 5783 2,
1573 5730 1696 5787 pag.
1728 5716 1834 5773 655
1878 5717 2032 5776 Tomi
2061 5737 2120 5777 Π

522 5786 777 5842 editionis
815 5786 1215 5841 Montfaueonii.

594 5856 670 5929 (b)
701 5857 761 5917 lu
789 5858 1125 5917 Commenta.
1153 5857 1205 5913 in
1251 5857 1461 5928 Episto.
1489 5858 1643 5918 Pauli
1684 5859 1705 5916 1
1731 5859 1800 5919 ad
1829 5861 1955 5921 Cor.
1987 5880 2108 5938 cap.

2238 4727 2312 4784 de
2343 4728 2551 4785 duabus
2583 4729 2666 4785 his
2694 4729 3086 4802 quaestionibus
3115 4732 3268 4785 satis.

2660 4928 2666 4934 _
2714 4864 3038 4933 QUIESTIO
3058 4863 3340 4934 QUlNTA.

2351 4987 2431 5043 An
2461 4986 2688 5061 Angelus
2717 4988 2786 5042 ad
2812 4986 3203 5042 similitudinem
3240 4995 3288 5041 et
3313 4985 3590 5057 imaginem
3620 4982 3728 5042 Dei

2904 5081 3073 5152 factus
3110 5080 3199 5136 sit.

2307 5198 2404 5256 80.
2430 5197 2598 5269 Hujus
2619 5213 2832 5270 quoque
2855 5197 3169 5268 quaestionis
3191 5195 3387 5252 solutio
3409 5209 3439 5250 a
3465 5193 3482 5250 1
3514 5201 3569 5251 et
3585 5192 3629 5250 11
3672 5211 3872 5266 (μεως-

2238 5288 2406 5344 tionis
2485 5304 2549 5345 ac
2593 5291 2843 5346 secundae
2889 5289 3188 5360 prmsertim
3233 5287 3504 5343 solutione
3547 5284 3866 5344 derivatur.

2245 5379 2305 5439 Si
2335 5385 2477 5438 enim
2510 5385 2921 5441 similitudinem
2992 5392 3047 5439 et
3077 5383 3363 5454 imaginem
3394 5382 3447 5437 in
3476 5380 3663 5452 gratiae
3690 5380 3871 5440 denis

2239 5475 2514 5544 colloces,
2562 5477 2682 5548 quis
2722 5476 2791 5532 ad
2835 5475 3242 5533 similitudinem
3297 5483 3354 5531 et
3399 5472 3694 5547 imaginem
3764 5474 3868 5532 Dei

2240 5569 2416 5626 factos
2443 5586 2564 5628 esse
2597 5573 2831 5644 Angelos
2861 5579 3055 5643 neget,
3089 5585 3210 5627 cum
3242 5569 3298 5625 hi
3331 5569 3384 5625 in
3425 5569 3541 5641 ipsa
3571 5568 3869 5625 creatione

2235 5740 2328 5808 at,
2375 5730 2439 5784 ad
2484 5732 2645 5808 verba
2688 5731 2810 5786 illa:
2869 5729 2964 5808 Vir
2989 5745 3091 5789 nou
3130 5732 3276 5808 debet
3313 5731 3483 5790 velare
3510 5745 3675 5808 caput
3705 5751 3868 5793 suum

2236 5800 2257 5871 (
2277 5801 2571 5873 interprete
2601 5804 2870 5861 Gentiano
2901 5805 3134 5863 Herveto
3154 5806 3193 5877 ).

2179 6042 2243 6058 Α-ᾴσ
