  <div class='ocr_page' id='page_1' title='image "/cluster/home/n/w/nwhite01/storage/ocr_20150623/10/hvd.32044015471279/444.png"; bbox 0 0 4066 6424; ppageno 0'>
   <div class='ocr_carea' id='block_1_1' title="bbox 228 361 333 421">
    <p class='ocr_par' dir='ltr' id='par_1_1' title="bbox 228 361 333 421">
     <span class='ocr_line' id='line_1_1' title="bbox 228 361 333 421; baseline -0.029 -1"><span class='ocrx_word' id='word_1_1' title='bbox 228 361 333 421; x_wconf 80' lang='grc'><strong>877</strong></span> 
     </span>
    </p>
   </div>
   <div class='ocr_carea' id='block_1_2' title="bbox 225 564 1826 645">
    <p class='ocr_par' dir='ltr' id='par_1_2' title="bbox 225 564 1826 645">
     <span class='ocr_line' id='line_1_2' title="bbox 225 564 1826 645; baseline 0.002 -23"><span class='ocrx_word' id='word_1_2' title='bbox 225 573 286 622; x_wconf 88' lang='lat' dir='ltr'><strong>et</strong></span> <span class='ocrx_word' id='word_1_3' title='bbox 312 580 376 620; x_wconf 91' lang='lat' dir='ltr'><strong>ea</strong></span> <span class='ocrx_word' id='word_1_4' title='bbox 405 564 474 621; x_wconf 88' lang='lat' dir='ltr'><strong>de</strong></span> <span class='ocrx_word' id='word_1_5' title='bbox 501 580 662 621; x_wconf 89' lang='lat' dir='ltr'><strong>causa</strong></span> <span class='ocrx_word' id='word_1_6' title='bbox 723 565 853 622; x_wconf 81' lang='lat' dir='ltr'><strong>Filii</strong></span> <span class='ocrx_word' id='word_1_7' title='bbox 879 567 977 624; x_wconf 73' lang='lat' dir='ltr'><strong>Dei</strong></span> <span class='ocrx_word' id='word_1_8' title='bbox 1000 570 1250 640; x_wconf 88' lang='lat' dir='ltr'><strong>appellati</strong></span> <span class='ocrx_word' id='word_1_9' title='bbox 1284 569 1404 643; x_wconf 85' lang='lat' dir='ltr'><strong>(a)?</strong></span> <span class='ocrx_word' id='word_1_10' title='bbox 1433 572 1512 627; x_wconf 91' lang='lat' dir='ltr'><strong>Ad</strong></span> <span class='ocrx_word' id='word_1_11' title='bbox 1542 572 1826 645; x_wconf 78' lang='lat' dir='ltr'><strong>imaginem</strong></span> 
     </span>
    </p>
   </div>
   <div class='ocr_carea' id='block_1_3' title="bbox 175 656 1828 738">
    <p class='ocr_par' dir='ltr' id='par_1_3' title="bbox 175 656 1828 738">
     <span class='ocr_line' id='line_1_3' title="bbox 175 656 1828 738; baseline 0.004 -24"><span class='ocrx_word' id='word_1_12' title='bbox 175 690 178 692; x_wconf 57' lang='grc' dir='ltr'><strong><em>η</em></strong></span> <span class='ocrx_word' id='word_1_13' title='bbox 232 656 336 714; x_wconf 86' lang='lat' dir='ltr'><strong>Dei</strong></span> <span class='ocrx_word' id='word_1_14' title='bbox 368 660 570 729; x_wconf 85' lang='lat' dir='ltr'><strong>pariter</strong></span> <span class='ocrx_word' id='word_1_15' title='bbox 603 660 772 718; x_wconf 80' lang='lat' dir='ltr'><strong>factos</strong></span> <span class='ocrx_word' id='word_1_16' title='bbox 801 661 952 719; x_wconf 87' lang='lat' dir='ltr'><strong>dices</strong></span> <span class='ocrx_word' id='word_1_17' title='bbox 973 704 987 727; x_wconf 90' lang='lat'><strong>,</strong></span> <span class='ocrx_word' id='word_1_18' title='bbox 1021 663 1064 718; x_wconf 86' lang='lat' dir='ltr'><strong>si</strong></span> <span class='ocrx_word' id='word_1_19' title='bbox 1098 665 1383 735; x_wconf 82' lang='lat' dir='ltr'><strong>imaginem</strong></span> <span class='ocrx_word' id='word_1_20' title='bbox 1415 666 1468 723; x_wconf 93' lang='lat' dir='ltr'><strong>in</strong></span> <span class='ocrx_word' id='word_1_21' title='bbox 1501 668 1690 738; x_wconf 88' lang='lat' dir='ltr'><strong>spiritu</strong></span> <span class='ocrx_word' id='word_1_22' title='bbox 1714 709 1728 734; x_wconf 93' lang='lat'><strong>,</strong></span> <span class='ocrx_word' id='word_1_23' title='bbox 1762 667 1828 721; x_wconf 90' lang='lat' dir='ltr'><strong>il-</strong></span> 
     </span>
    </p>
   </div>
   <div class='ocr_carea' id='block_1_4' title="bbox 228 749 1826 832">
    <p class='ocr_par' dir='ltr' id='par_1_4' title="bbox 228 749 1826 832">
     <span class='ocr_line' id='line_1_4' title="bbox 228 749 1826 832; baseline 0.006 -24"><span class='ocrx_word' id='word_1_24' title='bbox 228 751 445 824; x_wconf 89' lang='lat' dir='ltr'><strong>liusque</strong></span> <span class='ocrx_word' id='word_1_25' title='bbox 485 756 742 825; x_wconf 88' lang='lat' dir='ltr'><strong>potentiis</strong></span> <span class='ocrx_word' id='word_1_26' title='bbox 763 797 777 820; x_wconf 92' lang='lat'><strong>,</strong></span> <span class='ocrx_word' id='word_1_27' title='bbox 809 771 872 813; x_wconf 89' lang='lat' dir='ltr'><strong>ac</strong></span> <span class='ocrx_word' id='word_1_28' title='bbox 900 749 1225 815; x_wconf 81' lang='lat' dir='ltr'><strong>sublimibus</strong></span> <span class='ocrx_word' id='word_1_29' title='bbox 1261 761 1608 831; x_wconf 69' lang='lat' dir='ltr'><strong>qualitatibus</strong></span> <span class='ocrx_word' id='word_1_30' title='bbox 1637 775 1826 832; x_wconf 88' lang='lat' dir='ltr'><strong>pones.</strong></span> 
     </span>
    </p>
   </div>
   <div class='ocr_carea' id='block_1_5' title="bbox 226 845 1830 926">
    <p class='ocr_par' dir='ltr' id='par_1_5' title="bbox 226 845 1830 926">
     <span class='ocr_line' id='line_1_5' title="bbox 226 845 1830 926; baseline 0.004 -24"><span class='ocrx_word' id='word_1_31' title='bbox 226 845 366 902; x_wconf 87' lang='lat' dir='ltr'><strong>Nam</strong></span> <span class='ocrx_word' id='word_1_32' title='bbox 401 849 514 903; x_wconf 72' lang='lat' dir='ltr'><strong>hmc</strong></span> <span class='ocrx_word' id='word_1_33' title='bbox 543 847 728 918; x_wconf 88' lang='lat' dir='ltr'><strong>procul</strong></span> <span class='ocrx_word' id='word_1_34' title='bbox 759 847 923 906; x_wconf 90' lang='lat' dir='ltr'><strong>dubio</strong></span> <span class='ocrx_word' id='word_1_35' title='bbox 954 865 1060 906; x_wconf 90' lang='lat' dir='ltr'><strong>non</strong></span> <span class='ocrx_word' id='word_1_36' title='bbox 1103 851 1266 908; x_wconf 90' lang='lat' dir='ltr'><strong>modo</strong></span> <span class='ocrx_word' id='word_1_37' title='bbox 1309 854 1361 908; x_wconf 91' lang='lat' dir='ltr'><strong>in</strong></span> <span class='ocrx_word' id='word_1_38' title='bbox 1401 852 1626 926; x_wconf 81' lang='lat' dir='ltr'><strong>Angelis</strong></span> <span class='ocrx_word' id='word_1_39' title='bbox 1666 861 1830 920; x_wconf 91' lang='lat' dir='ltr'><strong>sunt,</strong></span> 
     </span>
    </p>
   </div>
   <div class='ocr_carea' id='block_1_6' title="bbox 227 937 1834 1018">
    <p class='ocr_par' dir='ltr' id='par_1_6' title="bbox 227 937 1834 1018">
     <span class='ocr_line' id='line_1_6' title="bbox 227 937 1834 1018; baseline 0.005 -25"><span class='ocrx_word' id='word_1_40' title='bbox 227 951 418 996; x_wconf 82' lang='lat' dir='ltr'><strong>verum</strong></span> <span class='ocrx_word' id='word_1_41' title='bbox 449 937 611 995; x_wconf 90' lang='lat' dir='ltr'><strong>etiam</strong></span> <span class='ocrx_word' id='word_1_42' title='bbox 645 941 696 996; x_wconf 92' lang='lat' dir='ltr'><strong>in</strong></span> <span class='ocrx_word' id='word_1_43' title='bbox 740 937 827 999; x_wconf 89' lang='lat' dir='ltr'><strong>his</strong></span> <span class='ocrx_word' id='word_1_44' title='bbox 855 937 1164 1013; x_wconf 80' lang='lat' dir='ltr'><strong>excellunt,</strong></span> <span class='ocrx_word' id='word_1_45' title='bbox 1193 952 1248 1001; x_wconf 91' lang='lat' dir='ltr'><strong>et</strong></span> <span class='ocrx_word' id='word_1_46' title='bbox 1276 954 1554 1018; x_wconf 65' lang='lat' dir='ltr'><strong>praesunt.</strong></span> <span class='ocrx_word' id='word_1_47' title='bbox 1601 946 1743 1016; x_wconf 82' lang='lat' dir='ltr'><strong>Hac,</strong></span> <span class='ocrx_word' id='word_1_48' title='bbox 1777 956 1834 1001; x_wconf 92' lang='lat' dir='ltr'><strong>ut</strong></span> 
     </span>
    </p>
   </div>
   <div class='ocr_carea' id='block_1_7' title="bbox 227 1032 1894 1110">
    <p class='ocr_par' dir='ltr' id='par_1_7' title="bbox 227 1032 1894 1110">
     <span class='ocr_line' id='line_1_7' title="bbox 227 1032 1894 1110; baseline 0.004 -22"><span class='ocrx_word' id='word_1_49' title='bbox 227 1032 486 1100; x_wconf 86' lang='lat' dir='ltr'><strong>arbitror,</strong></span> <span class='ocrx_word' id='word_1_50' title='bbox 527 1033 594 1089; x_wconf 93' lang='lat' dir='ltr'><strong>de</strong></span> <span class='ocrx_word' id='word_1_51' title='bbox 622 1047 785 1090; x_wconf 87' lang='lat' dir='ltr'><strong>causa</strong></span> <span class='ocrx_word' id='word_1_52' title='bbox 819 1049 924 1091; x_wconf 93' lang='lat' dir='ltr'><strong>non</strong></span> <span class='ocrx_word' id='word_1_53' title='bbox 953 1035 1115 1093; x_wconf 91' lang='lat' dir='ltr'><strong>modo</strong></span> <span class='ocrx_word' id='word_1_54' title='bbox 1142 1039 1408 1110; x_wconf 82' lang='lat' dir='ltr'><strong>Angelum</strong></span> <span class='ocrx_word' id='word_1_55' title='bbox 1439 1039 1505 1094; x_wconf 91' lang='lat' dir='ltr'><strong>ad</strong></span> <span class='ocrx_word' id='word_1_56' title='bbox 1546 1039 1832 1110; x_wconf 80' lang='lat' dir='ltr'><strong>imaginem</strong></span> <span class='ocrx_word' id='word_1_57' title='bbox 1891 1041 1894 1044; x_wconf 80' lang='grc'><strong>’</strong></span> 
     </span>
    </p>
   </div>
   <div class='ocr_carea' id='block_1_8' title="bbox 230 1123 1836 1200">
    <p class='ocr_par' dir='ltr' id='par_1_8' title="bbox 230 1123 1836 1200">
     <span class='ocr_line' id='line_1_8' title="bbox 230 1123 1836 1200; baseline 0.005 -20"><span class='ocrx_word' id='word_1_58' title='bbox 230 1123 332 1180; x_wconf 88' lang='lat' dir='ltr'><strong>Dei</strong></span> <span class='ocrx_word' id='word_1_59' title='bbox 359 1123 578 1192; x_wconf 78' lang='lat' dir='ltr'><strong>factum,</strong></span> <span class='ocrx_word' id='word_1_60' title='bbox 601 1140 788 1181; x_wconf 89' lang='lat' dir='ltr'><strong>verum</strong></span> <span class='ocrx_word' id='word_1_61' title='bbox 811 1127 971 1184; x_wconf 88' lang='lat' dir='ltr'><strong>etiam</strong></span> <span class='ocrx_word' id='word_1_62' title='bbox 995 1129 1364 1186; x_wconf 78' lang='lat' dir='ltr'><strong>execllentiori</strong></span> <span class='ocrx_word' id='word_1_63' title='bbox 1378 1131 1608 1200; x_wconf 81' lang='lat' dir='ltr'><strong>quadam</strong></span> <span class='ocrx_word' id='word_1_64' title='bbox 1627 1133 1836 1188; x_wconf 76' lang='lat' dir='ltr'><strong>ratione</strong></span> 
     </span>
    </p>
   </div>
   <div class='ocr_carea' id='block_1_9' title="bbox 228 1215 1834 1295">
    <p class='ocr_par' dir='ltr' id='par_1_9' title="bbox 228 1215 1834 1295">
     <span class='ocr_line' id='line_1_9' title="bbox 228 1215 1834 1295; baseline 0.004 -24"><span class='ocrx_word' id='word_1_65' title='bbox 228 1215 300 1271; x_wconf 87' lang='lat' dir='ltr'><strong>ad</strong></span> <span class='ocrx_word' id='word_1_66' title='bbox 321 1217 566 1272; x_wconf 83' lang='lat' dir='ltr'><strong>eamdem</strong></span> <span class='ocrx_word' id='word_1_67' title='bbox 591 1215 879 1289; x_wconf 74' lang='lat' dir='ltr'><strong>imginem</strong></span> <span class='ocrx_word' id='word_1_68' title='bbox 899 1221 1094 1275; x_wconf 76' lang='lat' dir='ltr'><strong>factum</strong></span> <span class='ocrx_word' id='word_1_69' title='bbox 1116 1220 1273 1277; x_wconf 86' lang='lat' dir='ltr'><strong>docet</strong></span> <span class='ocrx_word' id='word_1_70' title='bbox 1290 1220 1581 1293; x_wconf 81' lang='lat' dir='ltr'><strong>Gregorius</strong></span> <span class='ocrx_word' id='word_1_71' title='bbox 1591 1221 1834 1295; x_wconf 85' lang='lat' dir='ltr'><strong>Magnus,</strong></span> 
     </span>
    </p>
   </div>
   <div class='ocr_carea' id='block_1_10' title="bbox 230 1308 1833 1388">
    <p class='ocr_par' dir='ltr' id='par_1_10' title="bbox 230 1308 1833 1388">
     <span class='ocr_line' id='line_1_10' title="bbox 230 1308 1833 1388; baseline 0.004 -25"><span class='ocrx_word' id='word_1_72' title='bbox 230 1308 389 1380; x_wconf 74' lang='lat' dir='ltr'><strong>cujus”</strong></span> <span class='ocrx_word' id='word_1_73' title='bbox 413 1310 572 1364; x_wconf 87' lang='lat' dir='ltr'><strong>verba</strong></span> <span class='ocrx_word' id='word_1_74' title='bbox 600 1309 804 1368; x_wconf 76' lang='lat' dir='ltr'><strong>referre</strong></span> <span class='ocrx_word' id='word_1_75' title='bbox 825 1311 911 1367; x_wconf 92' lang='lat' dir='ltr'><strong>hic</strong></span> <span class='ocrx_word' id='word_1_76' title='bbox 940 1311 1117 1383; x_wconf 83' lang='lat' dir='ltr'><strong>placet</strong></span> <span class='ocrx_word' id='word_1_77' title='bbox 1140 1312 1253 1386; x_wconf 83' lang='lat' dir='ltr'><strong>(lib.</strong></span> <span class='ocrx_word' id='word_1_78' title='bbox 1301 1313 1477 1368; x_wconf 81' lang='lat' dir='ltr'><strong>xxxn‘</strong></span> <span class='ocrx_word' id='word_1_79' title='bbox 1501 1309 1692 1370; x_wconf 73' lang='lat' dir='ltr'><strong>Mai-al.</strong></span> <span class='ocrx_word' id='word_1_80' title='bbox 1717 1331 1833 1388; x_wconf 81' lang='lat' dir='ltr'><strong>cap.</strong></span> 
     </span>
    </p>
   </div>
   <div class='ocr_carea' id='block_1_11' title="bbox 234 1391 1840 1478">
    <p class='ocr_par' dir='ltr' id='par_1_11' title="bbox 234 1391 1840 1478">
     <span class='ocr_line' id='line_1_11' title="bbox 234 1391 1840 1478; baseline 0.003 -19"><span class='ocrx_word' id='word_1_81' title='bbox 234 1395 304 1459; x_wconf 71' lang='lat'><strong>18</strong></span> <span class='ocrx_word' id='word_1_82' title='bbox 326 1402 368 1475; x_wconf 93' lang='lat'><strong>).</strong></span> <span class='ocrx_word' id='word_1_83' title='bbox 402 1402 616 1459; x_wconf 81' lang='lat' dir='ltr'><strong>Scilicet</strong></span> <span class='ocrx_word' id='word_1_84' title='bbox 647 1401 713 1460; x_wconf 91' lang='lat' dir='ltr'><strong>ad</strong></span> <span class='ocrx_word' id='word_1_85' title='bbox 743 1391 1016 1460; x_wconf 88' lang='lat' dir='ltr'><strong>diabolum</strong></span> <span class='ocrx_word' id='word_1_86' title='bbox 1049 1403 1290 1464; x_wconf 80' lang='lat' dir='ltr'><strong>referens</strong></span> <span class='ocrx_word' id='word_1_87' title='bbox 1316 1403 1460 1478; x_wconf 81' lang='lat' dir='ltr'><strong>quod</strong></span> <span class='ocrx_word' id='word_1_88' title='bbox 1490 1405 1739 1471; x_wconf 84' lang='lat' dir='ltr'><strong>Ezechiel</strong></span> <span class='ocrx_word' id='word_1_89' title='bbox 1771 1407 1840 1464; x_wconf 90' lang='lat' dir='ltr'><strong>de</strong></span> 
     </span>
    </p>
   </div>
   <div class='ocr_carea' id='block_1_12' title="bbox 231 1497 1842 1572">
    <p class='ocr_par' dir='ltr' id='par_1_12' title="bbox 231 1497 1842 1572">
     <span class='ocr_line' id='line_1_12' title="bbox 231 1497 1842 1572; baseline 0.002 -18"><span class='ocrx_word' id='word_1_90' title='bbox 231 1511 364 1568; x_wconf 80' lang='lat' dir='ltr'><strong>rege</strong></span> <span class='ocrx_word' id='word_1_91' title='bbox 391 1497 555 1569; x_wconf 80' lang='lat' dir='ltr'><strong>Tyrio</strong></span> <span class='ocrx_word' id='word_1_92' title='bbox 581 1499 688 1554; x_wconf 87' lang='lat' dir='ltr'><strong>ait:</strong></span> <span class='ocrx_word' id='word_1_93' title='bbox 721 1497 796 1554; x_wconf 82' lang='lat' dir='ltr'><strong>Tu</strong></span> <span class='ocrx_word' id='word_1_94' title='bbox 825 1500 1149 1572; x_wconf 76' lang='lat' dir='ltr'><strong>signaculum</strong></span> <span class='ocrx_word' id='word_1_95' title='bbox 1175 1500 1530 1557; x_wconf 70' lang='lat' dir='ltr'><strong>similitudinis</strong></span> <span class='ocrx_word' id='word_1_96' title='bbox 1558 1500 1691 1569; x_wconf 84' lang='lat' dir='ltr'><strong>Dei,</strong></span> <span class='ocrx_word' id='word_1_97' title='bbox 1724 1499 1842 1558; x_wconf 64' lang='lat' dir='ltr'><strong>haec</strong></span> 
     </span>
    </p>
   </div>
   <div class='ocr_carea' id='block_1_13' title="bbox 240 1591 1842 1668">
    <p class='ocr_par' dir='ltr' id='par_1_13' title="bbox 240 1591 1842 1668">
     <span class='ocr_line' id='line_1_13' title="bbox 240 1591 1842 1668; baseline 0.003 -21"><span class='ocrx_word' id='word_1_98' title='bbox 240 1591 463 1661; x_wconf 76' lang='lat' dir='ltr'><strong>subjicit</strong></span> <span class='ocrx_word' id='word_1_99' title='bbox 484 1607 498 1646; x_wconf 89' lang='lat'><strong>:</strong></span> <span class='ocrx_word' id='word_1_100' title='bbox 523 1603 542 1644; x_wconf 69' lang='grc' dir='ltr'><em>α</em></span> <span class='ocrx_word' id='word_1_101' title='bbox 572 1591 650 1647; x_wconf 81' lang='lat' dir='ltr'><strong>De</strong></span> <span class='ocrx_word' id='word_1_102' title='bbox 667 1591 843 1668; x_wconf 86' lang='lat' dir='ltr'><strong>sigillo</strong></span> <span class='ocrx_word' id='word_1_103' title='bbox 867 1594 1067 1666; x_wconf 85' lang='lat' dir='ltr'><strong>quippe</strong></span> <span class='ocrx_word' id='word_1_104' title='bbox 1093 1593 1236 1649; x_wconf 84' lang='lat' dir='ltr'><strong>anuli</strong></span> <span class='ocrx_word' id='word_1_105' title='bbox 1253 1594 1373 1649; x_wconf 88' lang='lat' dir='ltr'><strong>talis</strong></span> <span class='ocrx_word' id='word_1_106' title='bbox 1388 1593 1683 1652; x_wconf 86' lang='lat' dir='ltr'><strong>similitudo</strong></span> <span class='ocrx_word' id='word_1_107' title='bbox 1709 1596 1842 1652; x_wconf 82' lang='lat' dir='ltr'><strong>ima-</strong></span> 
     </span>
    </p>
   </div>
   <div class='ocr_carea' id='block_1_14' title="bbox 233 1681 1839 1762">
    <p class='ocr_par' dir='ltr' id='par_1_14' title="bbox 233 1681 1839 1762">
     <span class='ocr_line' id='line_1_14' title="bbox 233 1681 1839 1762; baseline 0.006 -24"><span class='ocrx_word' id='word_1_108' title='bbox 233 1681 487 1756; x_wconf 72' lang='lat' dir='ltr'><strong>ginalitei</strong></span> <span class='ocrx_word' id='word_1_109' title='bbox 508 1686 848 1758; x_wconf 84' lang='lat' dir='ltr'><strong>exprimitur.</strong></span> <span class='ocrx_word' id='word_1_110' title='bbox 871 1687 1047 1758; x_wconf 87' lang='lat' dir='ltr'><strong>qualis</strong></span> <span class='ocrx_word' id='word_1_111' title='bbox 1078 1686 1130 1743; x_wconf 94' lang='lat' dir='ltr'><strong>in</strong></span> <span class='ocrx_word' id='word_1_112' title='bbox 1161 1687 1338 1762; x_wconf 87' lang='lat' dir='ltr'><strong>sigillo</strong></span> <span class='ocrx_word' id='word_1_113' title='bbox 1367 1689 1559 1746; x_wconf 86' lang='lat' dir='ltr'><strong>eodem</strong></span> <span class='ocrx_word' id='word_1_114' title='bbox 1581 1692 1839 1747; x_wconf 86' lang='lat' dir='ltr'><strong>essentia-</strong></span> 
     </span>
    </p>
   </div>
   <div class='ocr_carea' id='block_1_15' title="bbox 1111 353 2633 428">
    <p class='ocr_par' dir='ltr' id='par_1_15' title="bbox 1111 353 2633 428">
     <span class='ocr_line' id='line_1_15' title="bbox 1111 353 2633 428; baseline 0 -10"><span class='ocrx_word' id='word_1_115' title='bbox 1111 363 1160 419; x_wconf 83' lang='lat' dir='ltr'><strong>J.</strong></span> <span class='ocrx_word' id='word_1_116' title='bbox 1192 362 1253 420; x_wconf 92' lang='lat' dir='ltr'><strong>C.</strong></span> <span class='ocrx_word' id='word_1_117' title='bbox 1285 362 1676 422; x_wconf 80' lang='lat' dir='ltr'><strong>TROMBELLI</strong></span> <span class='ocrx_word' id='word_1_118' title='bbox 1722 360 1787 419; x_wconf 78' lang='lat' dir='ltr'><strong>IN</strong></span> <span class='ocrx_word' id='word_1_119' title='bbox 1816 358 1970 428; x_wconf 83' lang='lat' dir='ltr'><strong>SEQ.</strong></span> <span class='ocrx_word' id='word_1_120' title='bbox 1999 353 2205 418; x_wconf 79' lang='lat' dir='ltr'><strong>SERM.</strong></span> <span class='ocrx_word' id='word_1_121' title='bbox 2239 360 2633 420; x_wconf 64' lang='lat' dir='ltr'><strong>PREFATIO.</strong></span> 
     </span>
    </p>
   </div>
   <div class='ocr_carea' id='block_1_16' title="bbox 225 471 1904 548">
    <p class='ocr_par' dir='ltr' id='par_1_16' title="bbox 225 471 1904 548">
     <span class='ocr_line' id='line_1_16' title="bbox 225 471 1904 548; baseline 0.001 -18"><span class='ocrx_word' id='word_1_122' title='bbox 225 471 522 530; x_wconf 86' lang='lat' dir='ltr'><strong>uberrimis</strong></span> <span class='ocrx_word' id='word_1_123' title='bbox 565 473 1026 547; x_wconf 73' lang='lat' dir='ltr'><strong>amplissimisque</strong></span> <span class='ocrx_word' id='word_1_124' title='bbox 1069 478 1256 548; x_wconf 70' lang='lat' dir='ltr'><strong>gratiae</strong></span> <span class='ocrx_word' id='word_1_125' title='bbox 1281 477 1439 535; x_wconf 89' lang='lat' dir='ltr'><strong>donis</strong></span> <span class='ocrx_word' id='word_1_126' title='bbox 1477 478 1634 534; x_wconf 88' lang='lat' dir='ltr'><strong>ditati</strong></span> <span class='ocrx_word' id='word_1_127' title='bbox 1675 479 1820 534; x_wconf 89' lang='lat' dir='ltr'><strong>sint:</strong></span> <span class='ocrx_word' id='word_1_128' title='bbox 1853 478 1904 542; x_wconf 84' lang='grc' dir='ltr'><strong>Α</strong></span> 
     </span>
    </p>
   </div>
   <div class='ocr_carea' id='block_1_17' title="bbox 3422 364 3528 422">
    <p class='ocr_par' dir='ltr' id='par_1_17' title="bbox 3422 364 3528 422">
     <span class='ocr_line' id='line_1_17' title="bbox 3422 364 3528 422; baseline 0 0"><span class='ocrx_word' id='word_1_129' title='bbox 3422 364 3528 422; x_wconf 81' lang='lat'><strong>878</strong></span> 
     </span>
    </p>
   </div>
   <div class='ocr_carea' id='block_1_18' title="bbox 1999 473 3531 548">
    <p class='ocr_par' dir='ltr' id='par_1_18' title="bbox 1999 473 3531 548">
     <span class='ocr_line' id='line_1_18' title="bbox 1999 473 3531 548; baseline 0.003 -15"><span class='ocrx_word' id='word_1_130' title='bbox 1999 475 2090 533; x_wconf 83' lang='lat'><strong>8|.</strong></span> <span class='ocrx_word' id='word_1_131' title='bbox 2122 473 2191 532; x_wconf 88' lang='lat' dir='ltr'><strong>At</strong></span> <span class='ocrx_word' id='word_1_132' title='bbox 2218 477 2261 532; x_wconf 93' lang='lat' dir='ltr'><strong>si</strong></span> <span class='ocrx_word' id='word_1_133' title='bbox 2292 476 2375 533; x_wconf 88' lang='lat' dir='ltr'><strong>vel</strong></span> <span class='ocrx_word' id='word_1_134' title='bbox 2406 477 2458 532; x_wconf 92' lang='lat' dir='ltr'><strong>in</strong></span> <span class='ocrx_word' id='word_1_135' title='bbox 2489 492 2549 531; x_wconf 91' lang='lat' dir='ltr'><strong>ea</strong></span> <span class='ocrx_word' id='word_1_136' title='bbox 2581 473 2948 548; x_wconf 72' lang='lat' dir='ltr'><strong>perlemione,</strong></span> <span class='ocrx_word' id='word_1_137' title='bbox 2981 481 3036 532; x_wconf 86' lang='lat' dir='ltr'><strong>et</strong></span> <span class='ocrx_word' id='word_1_138' title='bbox 3063 477 3387 536; x_wconf 83' lang='lat' dir='ltr'><strong>excellentia</strong></span> <span class='ocrx_word' id='word_1_139' title='bbox 3417 483 3531 536; x_wconf 85' lang='lat' dir='ltr'><strong>col-</strong></span> 
     </span>
    </p>
   </div>
   <div class='ocr_carea' id='block_1_19' title="bbox 1927 569 3526 645">
    <p class='ocr_par' dir='ltr' id='par_1_19' title="bbox 1927 569 3526 645">
     <span class='ocr_line' id='line_1_19' title="bbox 1927 569 3526 645; baseline 0.002 -19"><span class='ocrx_word' id='word_1_140' title='bbox 1927 569 2073 627; x_wconf 84' lang='lat' dir='ltr'><strong>locas</strong></span> <span class='ocrx_word' id='word_1_141' title='bbox 2091 612 2106 638; x_wconf 96' lang='lat'><strong>,</strong></span> <span class='ocrx_word' id='word_1_142' title='bbox 2137 587 2295 643; x_wconf 89' lang='lat' dir='ltr'><strong>quam</strong></span> <span class='ocrx_word' id='word_1_143' title='bbox 2327 587 2552 627; x_wconf 88' lang='lat' dir='ltr'><strong>numero</strong></span> <span class='ocrx_word' id='word_1_144' title='bbox 2578 569 2680 638; x_wconf 77' lang='grc'><strong>46,</strong></span> <span class='ocrx_word' id='word_1_145' title='bbox 2709 578 2764 626; x_wconf 85' lang='lat' dir='ltr'><strong>et</strong></span> <span class='ocrx_word' id='word_1_146' title='bbox 2790 569 3242 642; x_wconf 88' lang='lat' dir='ltr'><strong>subsequentibus</strong></span> <span class='ocrx_word' id='word_1_147' title='bbox 3267 574 3526 645; x_wconf 86' lang='lat' dir='ltr'><strong>exposui,</strong></span> 
     </span>
    </p>
   </div>
   <div class='ocr_carea' id='block_1_20' title="bbox 1926 663 3530 736">
    <p class='ocr_par' dir='ltr' id='par_1_20' title="bbox 1926 663 3530 736">
     <span class='ocr_line' id='line_1_20' title="bbox 1926 663 3530 736; baseline 0.001 -17"><span class='ocrx_word' id='word_1_148' title='bbox 1926 663 2010 719; x_wconf 89' lang='lat' dir='ltr'><strong>vel</strong></span> <span class='ocrx_word' id='word_1_149' title='bbox 2035 680 2293 734; x_wconf 82' lang='lat' dir='ltr'><strong>expresse</strong></span> <span class='ocrx_word' id='word_1_150' title='bbox 2315 664 2367 719; x_wconf 93' lang='lat' dir='ltr'><strong>in</strong></span> <span class='ocrx_word' id='word_1_151' title='bbox 2390 663 2629 719; x_wconf 90' lang='lat' dir='ltr'><strong>dominio</strong></span> <span class='ocrx_word' id='word_1_152' title='bbox 2647 679 2808 735; x_wconf 88' lang='lat' dir='ltr'><strong>supra</strong></span> <span class='ocrx_word' id='word_1_153' title='bbox 2832 674 3058 719; x_wconf 66' lang='lat' dir='ltr'><strong>cteteras</strong></span> <span class='ocrx_word' id='word_1_154' title='bbox 3082 675 3380 733; x_wconf 89' lang='lat' dir='ltr'><strong>creaturas,</strong></span> <span class='ocrx_word' id='word_1_155' title='bbox 3406 681 3530 736; x_wconf 90' lang='lat' dir='ltr'><strong>pro-</strong></span> 
     </span>
    </p>
   </div>
   <div class='ocr_carea' id='block_1_21' title="bbox 1929 755 3528 830">
    <p class='ocr_par' dir='ltr' id='par_1_21' title="bbox 1929 755 3528 830">
     <span class='ocr_line' id='line_1_21' title="bbox 1929 755 3528 830; baseline 0 -16"><span class='ocrx_word' id='word_1_156' title='bbox 1929 757 2015 814; x_wconf 91' lang='lat' dir='ltr'><strong>cul</strong></span> <span class='ocrx_word' id='word_1_157' title='bbox 2043 756 2207 813; x_wconf 90' lang='lat' dir='ltr'><strong>dubio</strong></span> <span class='ocrx_word' id='word_1_158' title='bbox 2237 757 2304 812; x_wconf 88' lang='lat' dir='ltr'><strong>ab</strong></span> <span class='ocrx_word' id='word_1_159' title='bbox 2335 756 2556 828; x_wconf 79' lang='lat' dir='ltr'><strong>Angelis</strong></span> <span class='ocrx_word' id='word_1_160' title='bbox 2585 771 2646 812; x_wconf 91' lang='lat' dir='ltr'><strong>ea</strong></span> <span class='ocrx_word' id='word_1_161' title='bbox 2678 755 2912 812; x_wconf 86' lang='lat' dir='ltr'><strong>arcenda</strong></span> <span class='ocrx_word' id='word_1_162' title='bbox 2941 765 3056 821; x_wconf 87' lang='lat' dir='ltr'><strong>est,</strong></span> <span class='ocrx_word' id='word_1_163' title='bbox 3091 755 3319 828; x_wconf 85' lang='lat' dir='ltr'><strong>ideoque</strong></span> <span class='ocrx_word' id='word_1_164' title='bbox 3352 757 3528 830; x_wconf 83' lang='lat' dir='ltr'><strong>imago</strong></span> 
     </span>
    </p>
   </div>
   <div class='ocr_carea' id='block_1_22' title="bbox 1931 847 2548 920">
    <p class='ocr_par' dir='ltr' id='par_1_22' title="bbox 1931 847 2548 920">
     <span class='ocr_line' id='line_1_22' title="bbox 1931 847 2548 920; baseline -0.006 -15"><span class='ocrx_word' id='word_1_165' title='bbox 1931 847 2025 905; x_wconf 91' lang='lat' dir='ltr'><strong>Dci</strong></span> <span class='ocrx_word' id='word_1_166' title='bbox 2049 890 2064 914; x_wconf 93' lang='lat'><strong>,</strong></span> <span class='ocrx_word' id='word_1_167' title='bbox 2094 847 2162 904; x_wconf 88' lang='lat' dir='ltr'><strong>de</strong></span> <span class='ocrx_word' id='word_1_168' title='bbox 2191 863 2293 920; x_wconf 90' lang='lat' dir='ltr'><strong>qua</strong></span> <span class='ocrx_word' id='word_1_169' title='bbox 2320 849 2548 920; x_wconf 84' lang='lat' dir='ltr'><strong>agimus.</strong></span> 
     </span>
    </p>
   </div>
   <div class='ocr_carea' id='block_1_23' title="bbox 2003 939 3533 1015">
    <p class='ocr_par' dir='ltr' id='par_1_23' title="bbox 2003 939 3533 1015">
     <span class='ocr_line' id='line_1_23' title="bbox 2003 939 3533 1015; baseline 0.001 -17"><span class='ocrx_word' id='word_1_170' title='bbox 2003 939 2149 998; x_wconf 88' lang='lat' dir='ltr'><strong>Sane</strong></span> <span class='ocrx_word' id='word_1_171' title='bbox 2177 941 2552 998; x_wconf 88' lang='lat' dir='ltr'><strong>Theodoretus</strong></span> <span class='ocrx_word' id='word_1_172' title='bbox 2579 940 2790 1014; x_wconf 68' lang='lat' dir='ltr'><strong>(quiest.</strong></span> <span class='ocrx_word' id='word_1_173' title='bbox 2826 957 2904 997; x_wconf 78' lang='lat' dir='ltr'><strong>xx</strong></span> <span class='ocrx_word' id='word_1_174' title='bbox 2930 942 2979 997; x_wconf 86' lang='lat' dir='ltr'><strong>in</strong></span> <span class='ocrx_word' id='word_1_175' title='bbox 3006 939 3177 1015; x_wconf 79' lang='lat' dir='ltr'><strong>Gen.)</strong></span> <span class='ocrx_word' id='word_1_176' title='bbox 3207 943 3259 998; x_wconf 91' lang='lat' dir='ltr'><strong>in</strong></span> <span class='ocrx_word' id='word_1_177' title='bbox 3289 958 3357 999; x_wconf 91' lang='lat' dir='ltr'><strong>eo</strong></span> <span class='ocrx_word' id='word_1_178' title='bbox 3387 950 3533 1000; x_wconf 87' lang='lat' dir='ltr'><strong>totus</strong></span> 
     </span>
    </p>
   </div>
   <div class='ocr_carea' id='block_1_24' title="bbox 1933 1035 3536 1108">
    <p class='ocr_par' dir='ltr' id='par_1_24' title="bbox 1933 1035 3536 1108">
     <span class='ocr_line' id='line_1_24' title="bbox 1933 1035 3536 1108; baseline 0.001 -16"><span class='ocrx_word' id='word_1_179' title='bbox 1933 1043 2045 1102; x_wconf 80' lang='lat' dir='ltr'><strong>est,</strong></span> <span class='ocrx_word' id='word_1_180' title='bbox 2079 1047 2137 1092; x_wconf 92' lang='lat' dir='ltr'><strong>ut</strong></span> <span class='ocrx_word' id='word_1_181' title='bbox 2162 1053 2284 1093; x_wconf 89' lang='lat' dir='ltr'><strong>eam</strong></span> <span class='ocrx_word' id='word_1_182' title='bbox 2314 1036 2603 1108; x_wconf 86' lang='lat' dir='ltr'><strong>imaginem</strong></span> <span class='ocrx_word' id='word_1_183' title='bbox 2645 1037 2712 1092; x_wconf 90' lang='lat' dir='ltr'><strong>ab</strong></span> <span class='ocrx_word' id='word_1_184' title='bbox 2751 1035 2975 1107; x_wconf 87' lang='lat' dir='ltr'><strong>Angelis</strong></span> <span class='ocrx_word' id='word_1_185' title='bbox 3003 1048 3220 1105; x_wconf 88' lang='lat' dir='ltr'><strong>arceat,</strong></span> <span class='ocrx_word' id='word_1_186' title='bbox 3247 1035 3303 1093; x_wconf 85' lang='lat' dir='ltr'><strong>et</strong></span> <span class='ocrx_word' id='word_1_187' title='bbox 3333 1037 3384 1093; x_wconf 91' lang='lat' dir='ltr'><strong>in</strong></span> <span class='ocrx_word' id='word_1_188' title='bbox 3416 1037 3536 1094; x_wconf 91' lang='lat' dir='ltr'><strong>solo</strong></span> 
     </span>
    </p>
   </div>
   <div class='ocr_carea' id='block_1_25' title="bbox 1935 1130 3536 1202">
    <p class='ocr_par' dir='ltr' id='par_1_25' title="bbox 1935 1130 3536 1202">
     <span class='ocr_line' id='line_1_25' title="bbox 1935 1130 3536 1202; baseline 0.001 -16"><span class='ocrx_word' id='word_1_189' title='bbox 1935 1130 2155 1187; x_wconf 86' lang='lat' dir='ltr'><strong>homine</strong></span> <span class='ocrx_word' id='word_1_190' title='bbox 2178 1141 2396 1187; x_wconf 78' lang='lat' dir='ltr'><strong>statuat.</strong></span> <span class='ocrx_word' id='word_1_191' title='bbox 2425 1132 2504 1187; x_wconf 82' lang='lat' dir='ltr'><strong>Ad</strong></span> <span class='ocrx_word' id='word_1_192' title='bbox 2527 1146 2689 1202; x_wconf 82' lang='lat' dir='ltr'><strong>quem</strong></span> <span class='ocrx_word' id='word_1_193' title='bbox 2717 1131 2932 1202; x_wconf 85' lang='lat' dir='ltr'><strong>quidem</strong></span> <span class='ocrx_word' id='word_1_194' title='bbox 2958 1133 3117 1186; x_wconf 89' lang='lat' dir='ltr'><strong>linem</strong></span> <span class='ocrx_word' id='word_1_195' title='bbox 3139 1147 3261 1188; x_wconf 91' lang='lat' dir='ltr'><strong>cum</strong></span> <span class='ocrx_word' id='word_1_196' title='bbox 3289 1134 3423 1188; x_wconf 85' lang='lat' dir='ltr'><strong>alias</strong></span> <span class='ocrx_word' id='word_1_197' title='bbox 3450 1147 3536 1188; x_wconf 80' lang='lat' dir='ltr'><strong>ra-</strong></span> 
     </span>
    </p>
   </div>
   <div class='ocr_carea' id='block_1_26' title="bbox 1937 1224 3535 1298">
    <p class='ocr_par' dir='ltr' id='par_1_26' title="bbox 1937 1224 3535 1298">
     <span class='ocr_line' id='line_1_26' title="bbox 1937 1224 3535 1298; baseline -0.001 -16"><span class='ocrx_word' id='word_1_198' title='bbox 1937 1226 2108 1282; x_wconf 89' lang='lat' dir='ltr'><strong>tiones</strong></span> <span class='ocrx_word' id='word_1_199' title='bbox 2132 1225 2342 1295; x_wconf 82' lang='lat' dir='ltr'><strong>alferat,</strong></span> <span class='ocrx_word' id='word_1_200' title='bbox 2369 1235 2478 1281; x_wconf 90' lang='lat' dir='ltr'><strong>tum</strong></span> <span class='ocrx_word' id='word_1_201' title='bbox 2505 1227 2643 1281; x_wconf 89' lang='lat' dir='ltr'><strong>hanc</strong></span> <span class='ocrx_word' id='word_1_202' title='bbox 2664 1239 2817 1294; x_wconf 84' lang='lat' dir='ltr'><strong>sane,</strong></span> <span class='ocrx_word' id='word_1_203' title='bbox 2852 1224 2996 1297; x_wconf 87' lang='lat' dir='ltr'><strong>quod</strong></span> <span class='ocrx_word' id='word_1_204' title='bbox 3023 1227 3264 1298; x_wconf 83' lang='lat' dir='ltr'><strong>Angelus</strong></span> <span class='ocrx_word' id='word_1_205' title='bbox 3293 1226 3344 1280; x_wconf 91' lang='lat' dir='ltr'><strong>in</strong></span> <span class='ocrx_word' id='word_1_206' title='bbox 3374 1239 3535 1281; x_wconf 86' lang='lat' dir='ltr'><strong>crea-</strong></span> 
     </span>
    </p>
   </div>
   <div class='ocr_carea' id='block_1_27' title="bbox 1941 1321 3537 1392">
    <p class='ocr_par' dir='ltr' id='par_1_27' title="bbox 1941 1321 3537 1392">
     <span class='ocr_line' id='line_1_27' title="bbox 1941 1321 3537 1392; baseline -0.001 -16"><span class='ocrx_word' id='word_1_207' title='bbox 1941 1331 2085 1377; x_wconf 83' lang='lat' dir='ltr'><strong>turas</strong></span> <span class='ocrx_word' id='word_1_208' title='bbox 2099 1321 2335 1392; x_wconf 88' lang='lat' dir='ltr'><strong>reliquas</strong></span> <span class='ocrx_word' id='word_1_209' title='bbox 2356 1321 2555 1376; x_wconf 89' lang='lat' dir='ltr'><strong>nullam</strong></span> <span class='ocrx_word' id='word_1_210' title='bbox 2573 1326 2794 1376; x_wconf 84' lang='lat' dir='ltr'><strong>exercet</strong></span> <span class='ocrx_word' id='word_1_211' title='bbox 2810 1327 3154 1391; x_wconf 91' lang='lat' dir='ltr'><strong>potestatem,</strong></span> <span class='ocrx_word' id='word_1_212' title='bbox 3172 1333 3334 1390; x_wconf 89' lang='lat' dir='ltr'><strong>quam</strong></span> <span class='ocrx_word' id='word_1_213' title='bbox 3357 1325 3537 1374; x_wconf 85' lang='lat' dir='ltr'><strong>tamen</strong></span> 
     </span>
    </p>
   </div>
   <div class='ocr_carea' id='block_1_28' title="bbox 1939 1411 3542 1485">
    <p class='ocr_par' dir='ltr' id='par_1_28' title="bbox 1939 1411 3542 1485">
     <span class='ocr_line' id='line_1_28' title="bbox 1939 1411 3542 1485; baseline -0.002 -15"><span class='ocrx_word' id='word_1_214' title='bbox 1939 1413 2228 1470; x_wconf 88' lang='lat' dir='ltr'><strong>maximam</strong></span> <span class='ocrx_word' id='word_1_215' title='bbox 2259 1424 2479 1471; x_wconf 87' lang='lat' dir='ltr'><strong>exercet</strong></span> <span class='ocrx_word' id='word_1_216' title='bbox 2505 1416 2689 1470; x_wconf 91' lang='lat' dir='ltr'><strong>homo.</strong></span> <span class='ocrx_word' id='word_1_217' title='bbox 2720 1412 2825 1470; x_wconf 90' lang='lat' dir='ltr'><strong>Sed</strong></span> <span class='ocrx_word' id='word_1_218' title='bbox 2857 1412 2972 1485; x_wconf 87' lang='lat' dir='ltr'><strong>ipsa</strong></span> <span class='ocrx_word' id='word_1_219' title='bbox 3009 1411 3338 1470; x_wconf 87' lang='lat' dir='ltr'><strong>Theodoreti</strong></span> <span class='ocrx_word' id='word_1_220' title='bbox 3379 1413 3542 1482; x_wconf 83' lang='lat' dir='ltr'><strong>verba</strong></span> 
     </span>
    </p>
   </div>
   <div class='ocr_carea' id='block_1_29' title="bbox 1941 1506 3543 1580">
    <p class='ocr_par' dir='ltr' id='par_1_29' title="bbox 1941 1506 3543 1580">
     <span class='ocr_line' id='line_1_29' title="bbox 1941 1506 3543 1580; baseline -0.002 -15"><span class='ocrx_word' id='word_1_221' title='bbox 1941 1507 2146 1565; x_wconf 72' lang='lat' dir='ltr'><strong>referre</strong></span> <span class='ocrx_word' id='word_1_222' title='bbox 2176 1515 2430 1580; x_wconf 68' lang='lat' dir='ltr'><strong>praestat,</strong></span> <span class='ocrx_word' id='word_1_223' title='bbox 2465 1523 2532 1565; x_wconf 87' lang='lat' dir='ltr'><strong>ex</strong></span> <span class='ocrx_word' id='word_1_224' title='bbox 2560 1508 2756 1576; x_wconf 87' lang='lat' dir='ltr'><strong>quibus</strong></span> <span class='ocrx_word' id='word_1_225' title='bbox 2781 1507 2989 1563; x_wconf 83' lang='lat' dir='ltr'><strong>scilicet</strong></span> <span class='ocrx_word' id='word_1_226' title='bbox 3014 1522 3076 1563; x_wconf 90' lang='lat' dir='ltr'><strong>ea</strong></span> <span class='ocrx_word' id='word_1_227' title='bbox 3093 1549 3110 1576; x_wconf 94' lang='lat'><strong>,</strong></span> <span class='ocrx_word' id='word_1_228' title='bbox 3137 1521 3260 1577; x_wconf 74' lang='lat' dir='ltr'><strong>qua:</strong></span> <span class='ocrx_word' id='word_1_229' title='bbox 3285 1506 3543 1574; x_wconf 75' lang='lat' dir='ltr'><strong>diximus,</strong></span> 
     </span>
    </p>
   </div>
   <div class='ocr_carea' id='block_1_30' title="bbox 1940 1599 3542 1678">
    <p class='ocr_par' dir='ltr' id='par_1_30' title="bbox 1940 1599 3542 1678">
     <span class='ocr_line' id='line_1_30' title="bbox 1940 1599 3542 1678; baseline -0.002 -19"><span class='ocrx_word' id='word_1_230' title='bbox 1940 1601 2111 1678; x_wconf 84' lang='lat' dir='ltr'><strong>lector</strong></span> <span class='ocrx_word' id='word_1_231' title='bbox 2153 1619 2249 1674; x_wconf 88' lang='lat' dir='ltr'><strong>per</strong></span> <span class='ocrx_word' id='word_1_232' title='bbox 2286 1618 2346 1660; x_wconf 90' lang='lat' dir='ltr'><strong>se</strong></span> <span class='ocrx_word' id='word_1_233' title='bbox 2377 1604 2661 1675; x_wconf 89' lang='lat' dir='ltr'><strong>percipiat,</strong></span> <span class='ocrx_word' id='word_1_234' title='bbox 2687 1621 2705 1656; x_wconf 74' lang='grc' dir='ltr'>ι</span> <span class='ocrx_word' id='word_1_235' title='bbox 2731 1602 2962 1672; x_wconf 85' lang='lat' dir='ltr'><strong>Quidam</strong></span> <span class='ocrx_word' id='word_1_236' title='bbox 3003 1601 3073 1658; x_wconf 90' lang='lat' dir='ltr'><strong>ad</strong></span> <span class='ocrx_word' id='word_1_237' title='bbox 3115 1601 3402 1673; x_wconf 81' lang='lat' dir='ltr'><strong>imaginem</strong></span> <span class='ocrx_word' id='word_1_238' title='bbox 3445 1599 3542 1656; x_wconf 88' lang='lat' dir='ltr'><strong>Dei</strong></span> 
     </span>
    </p>
   </div>
   <div class='ocr_carea' id='block_1_31' title="bbox 1945 1683 3548 1778">
    <p class='ocr_par' dir='ltr' id='par_1_31' title="bbox 1945 1683 3548 1778">
     <span class='ocr_line' id='line_1_31' title="bbox 1945 1683 3548 1778; baseline -0.002 -27"><span class='ocrx_word' id='word_1_239' title='bbox 1945 1683 2221 1752; x_wconf 89' lang='lat' dir='ltr'><strong>hominem</strong></span> <span class='ocrx_word' id='word_1_240' title='bbox 2249 1707 2490 1778; x_wconf 79' lang='lat' dir='ltr'><strong>creatum</strong></span> <span class='ocrx_word' id='word_1_241' title='bbox 2519 1709 2642 1753; x_wconf 89' lang='lat' dir='ltr'><strong>esse</strong></span> <span class='ocrx_word' id='word_1_242' title='bbox 2665 1696 2997 1752; x_wconf 85' lang='lat' dir='ltr'><strong>arbitrantur</strong></span> <span class='ocrx_word' id='word_1_243' title='bbox 3027 1695 3324 1750; x_wconf 89' lang='lat' dir='ltr'><strong>secundum</strong></span> <span class='ocrx_word' id='word_1_244' title='bbox 3357 1701 3548 1764; x_wconf 89' lang='lat' dir='ltr'><strong>poten-</strong></span> 
     </span>
    </p>
   </div>
   <div class='ocr_carea' id='block_1_32' title="bbox 234 1775 3549 1860">
    <p class='ocr_par' dir='ltr' id='par_1_32' title="bbox 234 1775 3549 1860">
     <span class='ocr_line' id='line_1_32' title="bbox 234 1775 3549 1860; baseline 0.002 -26"><span class='ocrx_word' id='word_1_245' title='bbox 234 1775 364 1834; x_wconf 89' lang='lat' dir='ltr'><strong>litcr</strong></span> <span class='ocrx_word' id='word_1_246' title='bbox 386 1778 634 1837; x_wconf 86' lang='lat' dir='ltr'><strong>habetur.</strong></span> <span class='ocrx_word' id='word_1_247' title='bbox 655 1778 723 1836; x_wconf 86' lang='lat' dir='ltr'><strong>Et</strong></span> <span class='ocrx_word' id='word_1_248' title='bbox 743 1780 867 1838; x_wconf 89' lang='lat' dir='ltr'><strong>licet</strong></span> <span class='ocrx_word' id='word_1_249' title='bbox 891 1783 1054 1838; x_wconf 90' lang='lat' dir='ltr'><strong>homo</strong></span> <span class='ocrx_word' id='word_1_250' title='bbox 1071 1781 1140 1838; x_wconf 85' lang='lat' dir='ltr'><strong>ad</strong></span> <span class='ocrx_word' id='word_1_251' title='bbox 1160 1782 1250 1839; x_wconf 88' lang='lat' dir='ltr'><strong>Dei</strong></span> <span class='ocrx_word' id='word_1_252' title='bbox 1269 1782 1672 1840; x_wconf 86' lang='lat' dir='ltr'><strong>similitudinem</strong></span> <span class='ocrx_word' id='word_1_253' title='bbox 1693 1800 1848 1842; x_wconf 89' lang='lat' dir='ltr'><strong>crea-</strong></span> <span class='ocrx_word' id='word_1_254' title='bbox 1948 1793 2075 1846; x_wconf 87' lang='lat' dir='ltr'><strong>tiam</strong></span> <span class='ocrx_word' id='word_1_255' title='bbox 2103 1792 2300 1845; x_wconf 76' lang='lat' dir='ltr'><strong>anima:</strong></span> <span class='ocrx_word' id='word_1_256' title='bbox 2321 1775 2652 1846; x_wconf 83' lang='lat' dir='ltr'><strong>invisibilem</strong></span> <span class='ocrx_word' id='word_1_257' title='bbox 2674 1829 2689 1856; x_wconf 95' lang='lat'><strong>,</strong></span> <span class='ocrx_word' id='word_1_258' title='bbox 2724 1803 2830 1844; x_wconf 92' lang='lat' dir='ltr'><strong>non</strong></span> <span class='ocrx_word' id='word_1_259' title='bbox 2874 1785 3240 1860; x_wconf 83' lang='lat' dir='ltr'><strong>intelligentes</strong></span> <span class='ocrx_word' id='word_1_260' title='bbox 3259 1825 3275 1854; x_wconf 92' lang='lat'><strong>,</strong></span> <span class='ocrx_word' id='word_1_261' title='bbox 3319 1786 3462 1857; x_wconf 88' lang='lat' dir='ltr'><strong>quod</strong></span> <span class='ocrx_word' id='word_1_262' title='bbox 3492 1794 3549 1842; x_wconf 85' lang='lat' dir='ltr'><strong>et</strong></span> 
     </span>
    </p>
   </div>
   <div class='ocr_carea' id='block_1_33' title="bbox 231 1873 3552 1952">
    <p class='ocr_par' dir='ltr' id='par_1_33' title="bbox 231 1873 3552 1952">
     <span class='ocr_line' id='line_1_33' title="bbox 231 1873 3552 1952; baseline 0.001 -23"><span class='ocrx_word' id='word_1_263' title='bbox 231 1882 321 1929; x_wconf 86' lang='lat' dir='ltr'><strong>tus</strong></span> <span class='ocrx_word' id='word_1_264' title='bbox 349 1873 453 1942; x_wconf 84' lang='lat' dir='ltr'><strong>sit,</strong></span> <span class='ocrx_word' id='word_1_265' title='bbox 484 1874 690 1946; x_wconf 84' lang='lat' dir='ltr'><strong>Angelo</strong></span> <span class='ocrx_word' id='word_1_266' title='bbox 723 1885 899 1932; x_wconf 86' lang='lat' dir='ltr'><strong>tamen</strong></span> <span class='ocrx_word' id='word_1_267' title='bbox 922 1877 1074 1948; x_wconf 89' lang='lat' dir='ltr'><strong>quasi</strong></span> <span class='ocrx_word' id='word_1_268' title='bbox 1105 1877 1280 1948; x_wconf 84' lang='lat' dir='ltr'><strong>majus</strong></span> <span class='ocrx_word' id='word_1_269' title='bbox 1304 1877 1521 1949; x_wconf 86' lang='lat' dir='ltr'><strong>aliquod</strong></span> <span class='ocrx_word' id='word_1_270' title='bbox 1563 1878 1806 1935; x_wconf 76' lang='lat' dir='ltr'><strong>tribt’tens</strong></span> <span class='ocrx_word' id='word_1_271' title='bbox 1826 1920 1842 1949; x_wconf 93' lang='lat'><strong>,</strong></span> <span class='ocrx_word' id='word_1_272' title='bbox 1875 1881 1923 1942; x_wconf 91' lang='lat' dir='ltr'><strong>B</strong></span> <span class='ocrx_word' id='word_1_273' title='bbox 1949 1879 2188 1952; x_wconf 81' lang='lat' dir='ltr'><strong>Angelus</strong></span> <span class='ocrx_word' id='word_1_274' title='bbox 2218 1879 2506 1936; x_wconf 77' lang='lat' dir='ltr'><strong>invisibilis</strong></span> <span class='ocrx_word' id='word_1_275' title='bbox 2533 1889 2616 1936; x_wconf 87' lang='lat' dir='ltr'><strong>est</strong></span> <span class='ocrx_word' id='word_1_276' title='bbox 2635 1922 2650 1946; x_wconf 92' lang='lat'><strong>,</strong></span> <span class='ocrx_word' id='word_1_277' title='bbox 2682 1880 2820 1936; x_wconf 88' lang='lat' dir='ltr'><strong>sicut</strong></span> <span class='ocrx_word' id='word_1_278' title='bbox 2844 1885 2900 1935; x_wconf 90' lang='lat' dir='ltr'><strong>et</strong></span> <span class='ocrx_word' id='word_1_279' title='bbox 2925 1877 3144 1935; x_wconf 76' lang='lat' dir='ltr'><strong>Dazmon</strong></span> <span class='ocrx_word' id='word_1_280' title='bbox 3166 1919 3179 1932; x_wconf 91' lang='lat'><strong>.</strong></span> <span class='ocrx_word' id='word_1_281' title='bbox 3205 1919 3220 1934; x_wconf 93' lang='lat'><strong>.</strong></span> <span class='ocrx_word' id='word_1_282' title='bbox 3243 1917 3254 1933; x_wconf 93' lang='lat'><strong>.</strong></span> <span class='ocrx_word' id='word_1_283' title='bbox 3281 1899 3296 1932; x_wconf 79' lang='lat'><strong>.-</strong></span> <span class='ocrx_word' id='word_1_284' title='bbox 3323 1876 3479 1946; x_wconf 88' lang='lat' dir='ltr'><strong>Quod</strong></span> <span class='ocrx_word' id='word_1_285' title='bbox 3506 1878 3552 1932; x_wconf 87' lang='lat' dir='ltr'><strong>si</strong></span> 
     </span>
    </p>
   </div>
   <div class='ocr_carea' id='block_1_34' title="bbox 233 1966 1836 2043">
    <p class='ocr_par' dir='ltr' id='par_1_34' title="bbox 233 1966 1836 2043">
     <span class='ocr_line' id='line_1_34' title="bbox 233 1966 1836 2043; baseline 0.002 -20"><span class='ocrx_word' id='word_1_286' title='bbox 233 1977 346 2024; x_wconf 85' lang='lat' dir='ltr'><strong>non</strong></span> <span class='ocrx_word' id='word_1_287' title='bbox 375 1982 498 2024; x_wconf 90' lang='lat' dir='ltr'><strong>eum</strong></span> <span class='ocrx_word' id='word_1_288' title='bbox 526 1967 592 2024; x_wconf 86' lang='lat' dir='ltr'><strong>ad</strong></span> <span class='ocrx_word' id='word_1_289' title='bbox 621 1966 1027 2026; x_wconf 77' lang='lat' dir='ltr'><strong>similitudinem</strong></span> <span class='ocrx_word' id='word_1_290' title='bbox 1061 1970 1154 2025; x_wconf 89' lang='lat' dir='ltr'><strong>Dei</strong></span> <span class='ocrx_word' id='word_1_291' title='bbox 1184 1969 1460 2027; x_wconf 86' lang='lat' dir='ltr'><strong>conditum</strong></span> <span class='ocrx_word' id='word_1_292' title='bbox 1485 2015 1500 2038; x_wconf 92' lang='lat'><strong>,</strong></span> <span class='ocrx_word' id='word_1_293' title='bbox 1533 1971 1628 2028; x_wconf 89' lang='lat' dir='ltr'><strong>sed</strong></span> <span class='ocrx_word' id='word_1_294' title='bbox 1661 1971 1836 2043; x_wconf 87' lang='lat' dir='ltr'><strong>ipsum</strong></span> 
     </span>
    </p>
   </div>
   <div class='ocr_carea' id='block_1_35' title="bbox 1947 1971 3544 2045">
    <p class='ocr_par' dir='ltr' id='par_1_35' title="bbox 1947 1971 3544 2045">
     <span class='ocr_line' id='line_1_35' title="bbox 1947 1971 3544 2045; baseline -0.002 -14"><span class='ocrx_word' id='word_1_295' title='bbox 1947 1977 2096 2032; x_wconf 91' lang='lat' dir='ltr'><strong>solus</strong></span> <span class='ocrx_word' id='word_1_296' title='bbox 2142 1974 2304 2030; x_wconf 92' lang='lat' dir='ltr'><strong>homo</strong></span> <span class='ocrx_word' id='word_1_297' title='bbox 2347 1990 2413 2031; x_wconf 83' lang='lat' dir='ltr'><strong>ex</strong></span> <span class='ocrx_word' id='word_1_298' title='bbox 2454 1974 2705 2030; x_wconf 90' lang='lat' dir='ltr'><strong>omnibus</strong></span> <span class='ocrx_word' id='word_1_299' title='bbox 2750 1973 3015 2030; x_wconf 88' lang='lat' dir='ltr'><strong>creaturis</strong></span> <span class='ocrx_word' id='word_1_300' title='bbox 3061 1975 3236 2045; x_wconf 82' lang='lat' dir='ltr'><strong>imago</strong></span> <span class='ocrx_word' id='word_1_301' title='bbox 3285 1971 3381 2030; x_wconf 90' lang='lat' dir='ltr'><strong>Dei</strong></span> <span class='ocrx_word' id='word_1_302' title='bbox 3420 1982 3544 2038; x_wconf 87' lang='lat' dir='ltr'><strong>est,</strong></span> 
     </span>
    </p>
   </div>
   <div class='ocr_carea' id='block_1_36' title="bbox 230 2057 3549 2142">
    <p class='ocr_par' dir='ltr' id='par_1_36' title="bbox 230 2057 3549 2142">
     <span class='ocr_line' id='line_1_36' title="bbox 230 2057 3549 2142; baseline 0.001 -25"><span class='ocrx_word' id='word_1_303' title='bbox 230 2057 569 2132; x_wconf 85' lang='lat' dir='ltr'><strong>signaculum</strong></span> <span class='ocrx_word' id='word_1_304' title='bbox 613 2059 707 2116; x_wconf 90' lang='lat' dir='ltr'><strong>Dei</strong></span> <span class='ocrx_word' id='word_1_305' title='bbox 751 2059 1120 2117; x_wconf 87' lang='lat' dir='ltr'><strong>similitudinis</strong></span> <span class='ocrx_word' id='word_1_306' title='bbox 1157 2061 1303 2129; x_wconf 90' lang='lat' dir='ltr'><strong>dici,</strong></span> <span class='ocrx_word' id='word_1_307' title='bbox 1348 2071 1408 2118; x_wconf 93' lang='lat' dir='ltr'><strong>ut</strong></span> <span class='ocrx_word' id='word_1_308' title='bbox 1448 2078 1556 2133; x_wconf 90' lang='lat' dir='ltr'><strong>quo</strong></span> <span class='ocrx_word' id='word_1_309' title='bbox 1595 2064 1848 2120; x_wconf 89' lang='lat' dir='ltr'><strong>subtilior</strong></span> <span class='ocrx_word' id='word_1_310' title='bbox 1949 2069 2281 2142; x_wconf 84' lang='lat' dir='ltr'><strong>peculiarem</strong></span> <span class='ocrx_word' id='word_1_311' title='bbox 2323 2068 2612 2140; x_wconf 84' lang='lat' dir='ltr'><strong>quamdam</strong></span> <span class='ocrx_word' id='word_1_312' title='bbox 2650 2071 2920 2125; x_wconf 90' lang='lat' dir='ltr'><strong>rationem</strong></span> <span class='ocrx_word' id='word_1_313' title='bbox 2965 2067 3190 2140; x_wconf 83' lang='lat' dir='ltr'><strong>hujusce</strong></span> <span class='ocrx_word' id='word_1_314' title='bbox 3228 2066 3549 2124; x_wconf 83' lang='lat' dir='ltr'><strong>denomina-</strong></span> 
     </span>
    </p>
   </div>
   <div class='ocr_carea' id='block_1_37' title="bbox 231 2153 1846 2228">
    <p class='ocr_par' dir='ltr' id='par_1_37' title="bbox 231 2153 1846 2228">
     <span class='ocr_line' id='line_1_37' title="bbox 231 2153 1846 2228; baseline 0.002 -18"><span class='ocrx_word' id='word_1_315' title='bbox 231 2163 319 2210; x_wconf 88' lang='lat' dir='ltr'><strong>est</strong></span> <span class='ocrx_word' id='word_1_316' title='bbox 348 2163 538 2209; x_wconf 85' lang='lat' dir='ltr'><strong>natura</strong></span> <span class='ocrx_word' id='word_1_317' title='bbox 559 2193 576 2221; x_wconf 94' lang='lat'><strong>,</strong></span> <span class='ocrx_word' id='word_1_318' title='bbox 605 2167 672 2210; x_wconf 92' lang='lat' dir='ltr'><strong>eo</strong></span> <span class='ocrx_word' id='word_1_319' title='bbox 702 2153 754 2208; x_wconf 91' lang='lat' dir='ltr'><strong>in</strong></span> <span class='ocrx_word' id='word_1_320' title='bbox 788 2155 882 2210; x_wconf 84' lang='lat' dir='ltr'><strong>illo</strong></span> <span class='ocrx_word' id='word_1_321' title='bbox 909 2154 1206 2212; x_wconf 89' lang='lat' dir='ltr'><strong>similitudo</strong></span> <span class='ocrx_word' id='word_1_322' title='bbox 1232 2154 1328 2213; x_wconf 89' lang='lat' dir='ltr'><strong>Dei</strong></span> <span class='ocrx_word' id='word_1_323' title='bbox 1358 2157 1569 2228; x_wconf 89' lang='lat' dir='ltr'><strong>plenius</strong></span> <span class='ocrx_word' id='word_1_324' title='bbox 1596 2158 1846 2214; x_wconf 88' lang='lat' dir='ltr'><strong>credatur</strong></span> 
     </span>
    </p>
   </div>
   <div class='ocr_carea' id='block_1_38' title="bbox 242 2260 583 2319">
    <p class='ocr_par' dir='ltr' id='par_1_38' title="bbox 242 2260 583 2319">
     <span class='ocr_line' id='line_1_38' title="bbox 242 2260 583 2319; baseline -0.009 -16"><span class='ocrx_word' id='word_1_325' title='bbox 242 2260 526 2319; x_wconf 80' lang='lat' dir='ltr'><strong>expressa.</strong></span> <span class='ocrx_word' id='word_1_326' title='bbox 564 2264 583 2300; x_wconf 73' lang='grc' dir='ltr'><strong><em>ι</em></strong></span> 
     </span>
    </p>
   </div>
   <div class='ocr_carea' id='block_1_39' title="bbox 308 2379 1832 2454">
    <p class='ocr_par' dir='ltr' id='par_1_39' title="bbox 308 2379 1832 2454">
     <span class='ocr_line' id='line_1_39' title="bbox 308 2379 1832 2454; baseline 0.001 -17"><span class='ocrx_word' id='word_1_327' title='bbox 308 2381 393 2454; x_wconf 78' lang='lat' dir='ltr'><strong>(a)</strong></span> <span class='ocrx_word' id='word_1_328' title='bbox 419 2379 642 2438; x_wconf 76' lang='lat' dir='ltr'><strong>Factum</strong></span> <span class='ocrx_word' id='word_1_329' title='bbox 681 2391 752 2437; x_wconf 78' lang='lat' dir='ltr'><strong>est</strong></span> <span class='ocrx_word' id='word_1_330' title='bbox 791 2391 998 2445; x_wconf 79' lang='lat' dir='ltr'><strong>autem,</strong></span> <span class='ocrx_word' id='word_1_331' title='bbox 1042 2399 1160 2437; x_wconf 85' lang='lat' dir='ltr'><strong>cum</strong></span> <span class='ocrx_word' id='word_1_332' title='bbox 1197 2383 1420 2452; x_wconf 78' lang='lat' dir='ltr'><strong>quadam</strong></span> <span class='ocrx_word' id='word_1_333' title='bbox 1460 2383 1544 2439; x_wconf 82' lang='lat' dir='ltr'><strong>die</strong></span> <span class='ocrx_word' id='word_1_334' title='bbox 1582 2383 1832 2440; x_wconf 72' lang='lat' dir='ltr'><strong>emissent</strong></span> 
     </span>
    </p>
   </div>
   <div class='ocr_carea' id='block_1_40' title="bbox 233 2453 1832 2525">
    <p class='ocr_par' dir='ltr' id='par_1_40' title="bbox 233 2453 1832 2525">
     <span class='ocr_line' id='line_1_40' title="bbox 233 2453 1832 2525; baseline 0.001 -17"><span class='ocrx_word' id='word_1_335' title='bbox 233 2453 336 2525; x_wconf 81' lang='lat' dir='ltr'><strong>ﬁlii</strong></span> <span class='ocrx_word' id='word_1_336' title='bbox 369 2453 497 2520; x_wconf 89' lang='lat' dir='ltr'><strong>Dei,</strong></span> <span class='ocrx_word' id='word_1_337' title='bbox 539 2465 587 2509; x_wconf 83' lang='lat' dir='ltr'><strong>et</strong></span> <span class='ocrx_word' id='word_1_338' title='bbox 629 2466 820 2509; x_wconf 75' lang='lat' dir='ltr'><strong>starent</strong></span> <span class='ocrx_word' id='word_1_339' title='bbox 863 2471 1038 2509; x_wconf 83' lang='lat' dir='ltr'><strong>coram</strong></span> <span class='ocrx_word' id='word_1_340' title='bbox 1080 2455 1322 2510; x_wconf 84' lang='lat' dir='ltr'><strong>Domino.</strong></span> <span class='ocrx_word' id='word_1_341' title='bbox 1365 2455 1488 2512; x_wconf 85' lang='lat' dir='ltr'><strong>Job.</strong></span> <span class='ocrx_word' id='word_1_342' title='bbox 1521 2471 1591 2524; x_wconf 86' lang='lat' dir='ltr'><strong>ll,</strong></span> <span class='ocrx_word' id='word_1_343' title='bbox 1628 2457 1680 2512; x_wconf 78' lang='grc'><strong>1.</strong></span> <span class='ocrx_word' id='word_1_344' title='bbox 1705 2457 1832 2512; x_wconf 81' lang='lat' dir='ltr'><strong>Cum</strong></span> 
     </span>
    </p>
   </div>
   <div class='ocr_carea' id='block_1_41' title="bbox 225 2525 1838 2600">
    <p class='ocr_par' dir='ltr' id='par_1_41' title="bbox 225 2525 1838 2600">
     <span class='ocr_line' id='line_1_41' title="bbox 225 2525 1838 2600; baseline 0.003 -21"><span class='ocrx_word' id='word_1_345' title='bbox 225 2525 513 2600; x_wconf 64' lang='lat' dir='ltr'><strong>jubilarent</strong></span> <span class='ocrx_word' id='word_1_346' title='bbox 540 2537 681 2581; x_wconf 78' lang='lat' dir='ltr'><strong>astra</strong></span> <span class='ocrx_word' id='word_1_347' title='bbox 707 2527 989 2600; x_wconf 68' lang='lat' dir='ltr'><strong>matutino,</strong></span> <span class='ocrx_word' id='word_1_348' title='bbox 1023 2538 1069 2600; x_wconf 82' lang='lat' dir='ltr'><strong>e_t</strong></span> <span class='ocrx_word' id='word_1_349' title='bbox 1098 2543 1176 2581; x_wconf 88' lang='lat' dir='ltr'><strong>me</strong></span> <span class='ocrx_word' id='word_1_350' title='bbox 1214 2527 1484 2600; x_wconf 60' lang='lat' dir='ltr'><strong>laudarent</strong></span> <span class='ocrx_word' id='word_1_351' title='bbox 1508 2545 1700 2586; x_wconf 81' lang='lat' dir='ltr'><strong>omnes</strong></span> <span class='ocrx_word' id='word_1_352' title='bbox 1739 2529 1838 2600; x_wconf 80' lang='lat' dir='ltr'><strong>ﬁlii</strong></span> 
     </span>
    </p>
   </div>
   <div class='ocr_carea' id='block_1_42' title="bbox 233 2597 1836 2667">
    <p class='ocr_par' dir='ltr' id='par_1_42' title="bbox 233 2597 1836 2667">
     <span class='ocr_line' id='line_1_42' title="bbox 233 2597 1836 2667; baseline 0.002 -15"><span class='ocrx_word' id='word_1_353' title='bbox 233 2597 356 2652; x_wconf 84' lang='lat' dir='ltr'><strong>Dei.</strong></span> <span class='ocrx_word' id='word_1_354' title='bbox 390 2598 514 2654; x_wconf 71' lang='lat' dir='ltr'><strong>Job.</strong></span> <span class='ocrx_word' id='word_1_355' title='bbox 548 2613 753 2654; x_wconf 81' lang='lat' dir='ltr'><strong>xxxvm</strong></span> <span class='ocrx_word' id='word_1_356' title='bbox 778 2640 792 2662; x_wconf 90' lang='lat'><strong>,</strong></span> <span class='ocrx_word' id='word_1_357' title='bbox 825 2599 877 2652; x_wconf 87' lang='lat'><strong>7.</strong></span> <span class='ocrx_word' id='word_1_358' title='bbox 913 2597 994 2653; x_wconf 86' lang='lat' dir='ltr'><strong>Ad</strong></span> <span class='ocrx_word' id='word_1_359' title='bbox 1037 2597 1153 2653; x_wconf 80' lang='lat' dir='ltr'><strong>haec</strong></span> <span class='ocrx_word' id='word_1_360' title='bbox 1177 2640 1190 2665; x_wconf 92' lang='lat'><strong>,</strong></span> <span class='ocrx_word' id='word_1_361' title='bbox 1232 2599 1428 2654; x_wconf 83' lang='lat' dir='ltr'><strong>Paulus</strong></span> <span class='ocrx_word' id='word_1_362' title='bbox 1471 2601 1583 2655; x_wconf 82' lang='lat' dir='ltr'><strong>haec</strong></span> <span class='ocrx_word' id='word_1_363' title='bbox 1627 2597 1836 2667; x_wconf 88' lang='lat' dir='ltr'><strong>scribit,</strong></span> 
     </span>
    </p>
   </div>
   <div class='ocr_carea' id='block_1_43' title="bbox 231 2669 1837 2744">
    <p class='ocr_par' dir='ltr' id='par_1_43' title="bbox 231 2669 1837 2744">
     <span class='ocr_line' id='line_1_43' title="bbox 231 2669 1837 2744; baseline 0.001 -18"><span class='ocrx_word' id='word_1_364' title='bbox 231 2670 277 2744; x_wconf 10' lang='lat' dir='ltr'><strong>li</strong></span> <span class='ocrx_word' id='word_1_365' title='bbox 299 2671 427 2725; x_wconf 82' lang='lat' dir='ltr'><strong>Cor.</strong></span> <span class='ocrx_word' id='word_1_366' title='bbox 466 2685 595 2739; x_wconf 82' lang='lat' dir='ltr'><strong>vm,</strong></span> <span class='ocrx_word' id='word_1_367' title='bbox 627 2671 696 2744; x_wconf 74' lang='lat'><strong>5;</strong></span> <span class='ocrx_word' id='word_1_368' title='bbox 733 2669 873 2724; x_wconf 78' lang='lat' dir='ltr'><strong>Nam</strong></span> <span class='ocrx_word' id='word_1_369' title='bbox 901 2671 996 2724; x_wconf 77' lang='lat' dir='ltr'><strong>etsi</strong></span> <span class='ocrx_word' id='word_1_370' title='bbox 1021 2681 1163 2735; x_wconf 76' lang='lat' dir='ltr'><strong>sunt,</strong></span> <span class='ocrx_word' id='word_1_371' title='bbox 1187 2671 1274 2740; x_wconf 85' lang='lat' dir='ltr'><strong>qui</strong></span> <span class='ocrx_word' id='word_1_372' title='bbox 1312 2669 1551 2744; x_wconf 82' lang='lat' dir='ltr'><strong>dicantur</strong></span> <span class='ocrx_word' id='word_1_373' title='bbox 1574 2672 1676 2744; x_wconf 81' lang='lat' dir='ltr'><strong>ﬁlii</strong></span> <span class='ocrx_word' id='word_1_374' title='bbox 1703 2669 1837 2739; x_wconf 89' lang='lat' dir='ltr'><strong>Dei,</strong></span> 
     </span>
    </p>
   </div>
   <div class='ocr_carea' id='block_1_44' title="bbox 229 2741 1840 2812">
    <p class='ocr_par' dir='ltr' id='par_1_44' title="bbox 229 2741 1840 2812">
     <span class='ocr_line' id='line_1_44' title="bbox 229 2741 1840 2812; baseline 0.001 -14"><span class='ocrx_word' id='word_1_375' title='bbox 229 2743 343 2798; x_wconf 75' lang='lat' dir='ltr'><strong>sive</strong></span> <span class='ocrx_word' id='word_1_376' title='bbox 371 2744 423 2796; x_wconf 84' lang='lat' dir='ltr'><strong>in</strong></span> <span class='ocrx_word' id='word_1_377' title='bbox 451 2743 606 2809; x_wconf 67' lang='lat' dir='ltr'><strong>creta,</strong></span> <span class='ocrx_word' id='word_1_378' title='bbox 636 2741 740 2796; x_wconf 71' lang='lat' dir='ltr'><strong>sive</strong></span> <span class='ocrx_word' id='word_1_379' title='bbox 769 2745 822 2796; x_wconf 84' lang='lat' dir='ltr'><strong>in</strong></span> <span class='ocrx_word' id='word_1_380' title='bbox 853 2751 1025 2796; x_wconf 82' lang='lat' dir='ltr'><strong>terra:</strong></span> <span class='ocrx_word' id='word_1_381' title='bbox 1067 2757 1174 2812; x_wconf 91' lang='lat' dir='ltr'><strong>quo</strong></span> <span class='ocrx_word' id='word_1_382' title='bbox 1215 2744 1430 2811; x_wconf 83' lang='lat' dir='ltr'><strong>quidem</strong></span> <span class='ocrx_word' id='word_1_383' title='bbox 1472 2743 1524 2798; x_wconf 89' lang='lat' dir='ltr'><strong>in</strong></span> <span class='ocrx_word' id='word_1_384' title='bbox 1569 2741 1688 2800; x_wconf 88' lang='lat' dir='ltr'><strong>loco</strong></span> <span class='ocrx_word' id='word_1_385' title='bbox 1729 2748 1840 2800; x_wconf 85' lang='lat' dir='ltr'><strong>An-</strong></span> 
     </span>
    </p>
   </div>
   <div class='ocr_carea' id='block_1_45' title="bbox 229 2812 1841 2886">
    <p class='ocr_par' dir='ltr' id='par_1_45' title="bbox 229 2812 1841 2886">
     <span class='ocr_line' id='line_1_45' title="bbox 229 2812 1841 2886; baseline 0.001 -17"><span class='ocrx_word' id='word_1_386' title='bbox 229 2814 389 2886; x_wconf 80' lang='lat' dir='ltr'><strong>gelos</strong></span> <span class='ocrx_word' id='word_1_387' title='bbox 411 2815 639 2870; x_wconf 86' lang='lat' dir='ltr'><strong>innuere</strong></span> <span class='ocrx_word' id='word_1_388' title='bbox 661 2814 895 2870; x_wconf 81' lang='lat' dir='ltr'><strong>videtur.</strong></span> <span class='ocrx_word' id='word_1_389' title='bbox 920 2814 1021 2884; x_wconf 85' lang='lat' dir='ltr'><strong>Qui</strong></span> <span class='ocrx_word' id='word_1_390' title='bbox 1046 2816 1189 2870; x_wconf 89' lang='lat' dir='ltr'><strong>enim</strong></span> <span class='ocrx_word' id='word_1_391' title='bbox 1213 2827 1338 2869; x_wconf 91' lang='lat' dir='ltr'><strong>sunt</strong></span> <span class='ocrx_word' id='word_1_392' title='bbox 1364 2814 1462 2885; x_wconf 84' lang='lat' dir='ltr'><strong>ﬁlii</strong></span> <span class='ocrx_word' id='word_1_393' title='bbox 1489 2812 1588 2870; x_wconf 85' lang='lat' dir='ltr'><strong>Dei</strong></span> <span class='ocrx_word' id='word_1_394' title='bbox 1608 2816 1661 2869; x_wconf 85' lang='lat' dir='ltr'><strong>in</strong></span> <span class='ocrx_word' id='word_1_395' title='bbox 1692 2817 1841 2883; x_wconf 71' lang='lat' dir='ltr'><strong>caelo,</strong></span> 
     </span>
    </p>
   </div>
   <div class='ocr_carea' id='block_1_46' title="bbox 1947 2164 2736 2234">
    <p class='ocr_par' dir='ltr' id='par_1_46' title="bbox 1947 2164 2736 2234">
     <span class='ocr_line' id='line_1_46' title="bbox 1947 2164 2736 2234; baseline -0.006 -14"><span class='ocrx_word' id='word_1_396' title='bbox 1947 2164 2110 2222; x_wconf 88' lang='lat' dir='ltr'><strong>tionis</strong></span> <span class='ocrx_word' id='word_1_397' title='bbox 2141 2170 2356 2234; x_wconf 88' lang='lat' dir='ltr'><strong>oportet</strong></span> <span class='ocrx_word' id='word_1_398' title='bbox 2387 2177 2508 2218; x_wconf 88' lang='lat' dir='ltr'><strong>esse</strong></span> <span class='ocrx_word' id='word_1_399' title='bbox 2532 2204 2545 2229; x_wconf 91' lang='lat'><strong>,</strong></span> <span class='ocrx_word' id='word_1_400' title='bbox 2577 2172 2684 2218; x_wconf 90' lang='lat' dir='ltr'><strong>etc.</strong></span> <span class='ocrx_word' id='word_1_401' title='bbox 2713 2171 2736 2215; x_wconf 75' lang='grc' dir='ltr'><strong>ι·</strong></span> 
     </span>
    </p>
   </div>
   <div class='ocr_carea' id='block_1_47' title="bbox 2021 2245 3079 2328">
    <p class='ocr_par' dir='ltr' id='par_1_47' title="bbox 2021 2245 3079 2328">
     <span class='ocr_line' id='line_1_47' title="bbox 2021 2245 3079 2328; baseline 0 -17"><span class='ocrx_word' id='word_1_402' title='bbox 2021 2245 2196 2328; x_wconf 78' lang='lat' dir='ltr'><strong>Atque</strong></span> <span class='ocrx_word' id='word_1_403' title='bbox 2229 2256 2314 2311; x_wconf 90' lang='lat' dir='ltr'><strong>hic</strong></span> <span class='ocrx_word' id='word_1_404' title='bbox 2343 2252 2408 2310; x_wconf 87' lang='lat' dir='ltr'><strong>Ill</strong></span> <span class='ocrx_word' id='word_1_405' title='bbox 2440 2253 2804 2311; x_wconf 88' lang='lat' dir='ltr'><strong>dissertationi</strong></span> <span class='ocrx_word' id='word_1_406' title='bbox 2837 2255 2962 2313; x_wconf 86' lang='lat' dir='ltr'><strong>linis</strong></span> <span class='ocrx_word' id='word_1_407' title='bbox 2989 2255 3079 2312; x_wconf 90' lang='lat' dir='ltr'><strong>sit.</strong></span> 
     </span>
    </p>
   </div>
   <div class='ocr_carea' id='block_1_48' title="bbox 1940 2386 3552 2470">
    <p class='ocr_par' dir='ltr' id='par_1_48' title="bbox 1940 2386 3552 2470">
     <span class='ocr_line' id='line_1_48' title="bbox 1940 2386 3552 2470; baseline 0.001 -28"><span class='ocrx_word' id='word_1_408' title='bbox 1940 2387 1985 2442; x_wconf 89' lang='lat' dir='ltr'><strong>si</strong></span> <span class='ocrx_word' id='word_1_409' title='bbox 2018 2386 2208 2470; x_wconf 69' lang='lat' dir='ltr'><strong>Angeli</strong></span> <span class='ocrx_word' id='word_1_410' title='bbox 2236 2400 2341 2443; x_wconf 89' lang='lat' dir='ltr'><strong>n0n</strong></span> <span class='ocrx_word' id='word_1_411' title='bbox 2370 2387 2540 2470; x_wconf 86' lang='lat' dir='ltr'><strong>sunt?</strong></span> <span class='ocrx_word' id='word_1_412' title='bbox 2585 2386 2787 2470; x_wconf 65' lang='lat' dir='ltr'><strong>Tamen</strong></span> <span class='ocrx_word' id='word_1_413' title='bbox 2832 2389 2956 2470; x_wconf 72' lang='lat' dir='ltr'><strong>quia</strong></span> <span class='ocrx_word' id='word_1_414' title='bbox 2984 2386 3107 2443; x_wconf 86' lang='lat' dir='ltr'><strong>Jobi</strong></span> <span class='ocrx_word' id='word_1_415' title='bbox 3150 2387 3270 2470; x_wconf 66' lang='lat' dir='ltr'><strong>loca</strong></span> <span class='ocrx_word' id='word_1_416' title='bbox 3316 2387 3478 2460; x_wconf 80' lang='lat' dir='ltr'><strong>aliter</strong></span> <span class='ocrx_word' id='word_1_417' title='bbox 3520 2401 3552 2443; x_wconf 91' lang='lat' dir='ltr'><strong>a</strong></span> 
     </span>
    </p>
   </div>
   <div class='ocr_carea' id='block_1_49' title="bbox 1941 2457 3554 2533">
    <p class='ocr_par' dir='ltr' id='par_1_49' title="bbox 1941 2457 3554 2533">
     <span class='ocr_line' id='line_1_49' title="bbox 1941 2457 3554 2533; baseline 0.001 -20"><span class='ocrx_word' id='word_1_418' title='bbox 1941 2457 2216 2533; x_wconf 80' lang='lat' dir='ltr'><strong>nonnullis</strong></span> <span class='ocrx_word' id='word_1_419' title='bbox 2266 2469 2568 2528; x_wconf 89' lang='lat' dir='ltr'><strong>vertuntur,</strong></span> <span class='ocrx_word' id='word_1_420' title='bbox 2616 2465 2672 2533; x_wconf 82' lang='lat' dir='ltr'><strong>et</strong></span> <span class='ocrx_word' id='word_1_421' title='bbox 2713 2457 2868 2533; x_wconf 73' lang='lat' dir='ltr'><strong>Pauli</strong></span> <span class='ocrx_word' id='word_1_422' title='bbox 2894 2461 3044 2515; x_wconf 89' lang='lat' dir='ltr'><strong>locus</strong></span> <span class='ocrx_word' id='word_1_423' title='bbox 3075 2457 3245 2533; x_wconf 89' lang='lat' dir='ltr'><strong>accipi</strong></span> <span class='ocrx_word' id='word_1_424' title='bbox 3274 2476 3429 2517; x_wconf 89' lang='lat' dir='ltr'><strong>secus</strong></span> <span class='ocrx_word' id='word_1_425' title='bbox 3460 2457 3554 2531; x_wconf 83' lang='lat' dir='ltr'><strong>po-</strong></span> 
     </span>
    </p>
   </div>
   <div class='ocr_carea' id='block_1_50' title="bbox 1943 2529 3554 2604">
    <p class='ocr_par' dir='ltr' id='par_1_50' title="bbox 1943 2529 3554 2604">
     <span class='ocr_line' id='line_1_50' title="bbox 1943 2529 3554 2604; baseline -0.001 -18"><span class='ocrx_word' id='word_1_426' title='bbox 1943 2540 2082 2604; x_wconf 84' lang='lat' dir='ltr'><strong>test,</strong></span> <span class='ocrx_word' id='word_1_427' title='bbox 2119 2530 2313 2604; x_wconf 75' lang='lat' dir='ltr'><strong>ntirum</strong></span> <span class='ocrx_word' id='word_1_428' title='bbox 2343 2547 2450 2586; x_wconf 89' lang='lat' dir='ltr'><strong>non</strong></span> <span class='ocrx_word' id='word_1_429' title='bbox 2483 2542 2600 2604; x_wconf 81' lang='lat' dir='ltr'><strong>est,</strong></span> <span class='ocrx_word' id='word_1_430' title='bbox 2632 2531 2676 2586; x_wconf 90' lang='lat' dir='ltr'><strong>si</strong></span> <span class='ocrx_word' id='word_1_431' title='bbox 2703 2529 3126 2604; x_wconf 80' lang='lat' dir='ltr'><strong>Chrysostomus</strong></span> <span class='ocrx_word' id='word_1_432' title='bbox 3151 2529 3327 2604; x_wconf 51' lang='lat' dir='ltr'><strong>pilam</strong></span> <span class='ocrx_word' id='word_1_433' title='bbox 3360 2529 3554 2602; x_wconf 84' lang='lat' dir='ltr'><strong>neget,</strong></span> 
     </span>
    </p>
   </div>
   <div class='ocr_carea' id='block_1_51' title="bbox 1944 2599 3557 2674">
    <p class='ocr_par' dir='ltr' id='par_1_51' title="bbox 1944 2599 3557 2674">
     <span class='ocr_line' id='line_1_51' title="bbox 1944 2599 3557 2674; baseline -0.001 -17"><span class='ocrx_word' id='word_1_434' title='bbox 1944 2603 2082 2674; x_wconf 80' lang='lat' dir='ltr'><strong>ﬁlios</strong></span> <span class='ocrx_word' id='word_1_435' title='bbox 2113 2599 2216 2657; x_wconf 88' lang='lat' dir='ltr'><strong>Dei</strong></span> <span class='ocrx_word' id='word_1_436' title='bbox 2242 2602 2484 2674; x_wconf 87' lang='lat' dir='ltr'><strong>Angelos</strong></span> <span class='ocrx_word' id='word_1_437' title='bbox 2513 2599 3116 2674; x_wconf 52' lang='lat' dir='ltr'><strong>aliquando&#39;appellari.</strong></span> <span class='ocrx_word' id='word_1_438' title='bbox 3151 2599 3412 2659; x_wconf 65' lang='lat' dir='ltr'><strong>Homines</strong></span> <span class='ocrx_word' id='word_1_439' title='bbox 3432 2599 3557 2673; x_wconf 63' lang='lat' dir='ltr'><strong>qui-</strong></span> 
     </span>
    </p>
   </div>
   <div class='ocr_carea' id='block_1_52' title="bbox 1948 2672 3562 2748">
    <p class='ocr_par' dir='ltr' id='par_1_52' title="bbox 1948 2672 3562 2748">
     <span class='ocr_line' id='line_1_52' title="bbox 1948 2672 3562 2748; baseline 0 -20"><span class='ocrx_word' id='word_1_440' title='bbox 1948 2673 2064 2728; x_wconf 84' lang='lat' dir='ltr'><strong>dem</strong></span> <span class='ocrx_word' id='word_1_441' title='bbox 2089 2717 2104 2742; x_wconf 94' lang='lat'><strong>,</strong></span> <span class='ocrx_word' id='word_1_442' title='bbox 2157 2672 2470 2748; x_wconf 51' lang='lat' dir='ltr'><strong>inquit&#39;illv,</strong></span> <span class='ocrx_word' id='word_1_443' title='bbox 2536 2672 2635 2745; x_wconf 80' lang='lat' dir='ltr'><strong>ﬁlii</strong></span> <span class='ocrx_word' id='word_1_444' title='bbox 2674 2672 2772 2748; x_wconf 86' lang='lat' dir='ltr'><strong>Dei</strong></span> <span class='ocrx_word' id='word_1_445' title='bbox 2811 2675 2936 2748; x_wconf 62' lang='lat' dir='ltr'><strong>dicti</strong></span> <span class='ocrx_word' id='word_1_446' title='bbox 2974 2683 3127 2743; x_wconf 80' lang='lat' dir='ltr'><strong>sunt,</strong></span> <span class='ocrx_word' id='word_1_447' title='bbox 3168 2673 3353 2748; x_wconf 86' lang='lat' dir='ltr'><strong>Angeli</strong></span> <span class='ocrx_word' id='word_1_448' title='bbox 3390 2672 3562 2748; x_wconf 81' lang='lat' dir='ltr'><strong>autem</strong></span> 
     </span>
    </p>
   </div>
   <div class='ocr_carea' id='block_1_53' title="bbox 1948 2745 3556 2820">
    <p class='ocr_par' dir='ltr' id='par_1_53' title="bbox 1948 2745 3556 2820">
     <span class='ocr_line' id='line_1_53' title="bbox 1948 2745 3556 2820; baseline 0.002 -22"><span class='ocrx_word' id='word_1_449' title='bbox 1948 2763 2229 2820; x_wconf 58' lang='lat' dir='ltr'><strong>nunquam.</strong></span> <span class='ocrx_word' id='word_1_450' title='bbox 2272 2747 2485 2820; x_wconf 71' lang='lat' dir='ltr'><strong>llomil.</strong></span> <span class='ocrx_word' id='word_1_451' title='bbox 2514 2762 2645 2820; x_wconf 33' lang='lat' dir='ltr'><strong>“XXII</strong></span> <span class='ocrx_word' id='word_1_452' title='bbox 2704 2747 2754 2800; x_wconf 92' lang='lat' dir='ltr'><strong>in</strong></span> <span class='ocrx_word' id='word_1_453' title='bbox 2799 2745 3002 2806; x_wconf 90' lang='lat' dir='ltr'><strong>Genes.</strong></span> <span class='ocrx_word' id='word_1_454' title='bbox 3070 2763 3126 2803; x_wconf 88' lang='grc' dir='ltr'><strong>η.</strong></span> <span class='ocrx_word' id='word_1_455' title='bbox 3171 2745 3392 2820; x_wconf 68' lang='grc' dir='ltr'><strong>2,’ρ³ε.</strong></span> <span class='ocrx_word' id='word_1_456' title='bbox 3454 2747 3556 2803; x_wconf 77' lang='grc'><strong>195</strong></span> 
     </span>
    </p>
   </div>
   <div class='ocr_carea' id='block_1_54' title="bbox 1946 2817 2876 2874">
    <p class='ocr_par' dir='ltr' id='par_1_54' title="bbox 1946 2817 2876 2874">
     <span class='ocr_line' id='line_1_54' title="bbox 1946 2817 2876 2874; baseline -0.001 0"><span class='ocrx_word' id='word_1_457' title='bbox 1946 2817 2104 2874; x_wconf 85' lang='lat' dir='ltr'><strong>Tomi</strong></span> <span class='ocrx_word' id='word_1_458' title='bbox 2137 2833 2189 2874; x_wconf 86' lang='lat' dir='ltr'><strong>tv</strong></span> <span class='ocrx_word' id='word_1_459' title='bbox 2219 2817 2478 2874; x_wconf 84' lang='lat' dir='ltr'><strong>editionis</strong></span> <span class='ocrx_word' id='word_1_460' title='bbox 2510 2818 2876 2874; x_wconf 83' lang='lat' dir='ltr'><strong>Montfaucon.</strong></span> 
     </span>
    </p>
   </div>
   <div class='ocr_carea' id='block_1_55' title="bbox 917 3085 2920 3165">
    <p class='ocr_par' dir='ltr' id='par_1_55' title="bbox 917 3085 2920 3165">
     <span class='ocr_line' id='line_1_55' title="bbox 917 3085 2920 3165; baseline -0.001 -3"><span class='ocrx_word' id='word_1_461' title='bbox 917 3088 1369 3165; x_wconf 84' lang='lat' dir='ltr'><strong>JOANNIS</strong></span> <span class='ocrx_word' id='word_1_462' title='bbox 1428 3088 2236 3165; x_wconf 83' lang='lat' dir='ltr'><strong>CHRYSOSTOMI</strong></span> <span class='ocrx_word' id='word_1_463' title='bbox 2285 3085 2920 3163; x_wconf 83' lang='lat' dir='ltr'><strong>TBOMBELLI</strong></span> 
     </span>
    </p>
   </div>
   <div class='ocr_carea' id='block_1_56' title="bbox 683 3249 3108 3375">
    <p class='ocr_par' dir='ltr' id='par_1_56' title="bbox 683 3249 3108 3375">
     <span class='ocr_line' id='line_1_56' title="bbox 683 3249 3108 3375; baseline 0.002 -29"><span class='ocrx_word' id='word_1_464' title='bbox 683 3259 807 3348; x_wconf 84' lang='lat' dir='ltr'><strong>IN</strong></span> <span class='ocrx_word' id='word_1_465' title='bbox 884 3249 1616 3375; x_wconf 85' lang='lat' dir='ltr'><strong>SEQUENTEM</strong></span> <span class='ocrx_word' id='word_1_466' title='bbox 1715 3264 2380 3351; x_wconf 82' lang='lat' dir='ltr'><strong>SERMONEM</strong></span> <span class='ocrx_word' id='word_1_467' title='bbox 2459 3261 3108 3353; x_wconf 76' lang='lat' dir='ltr'><strong>PR/EFATIO.</strong></span> 
     </span>
    </p>
   </div>
   <div class='ocr_carea' id='block_1_57' title="bbox 312 3546 3550 3629">
    <p class='ocr_par' dir='ltr' id='par_1_57' title="bbox 312 3546 3550 3629">
     <span class='ocr_line' id='line_1_57' title="bbox 312 3546 3550 3629; baseline 0.004 -26"><span class='ocrx_word' id='word_1_468' title='bbox 312 3547 557 3622; x_wconf 82' lang='lat' dir='ltr'><strong>Reliquis</strong></span> <span class='ocrx_word' id='word_1_469' title='bbox 612 3548 960 3607; x_wconf 85' lang='lat' dir='ltr'><strong>humanitatis</strong></span> <span class='ocrx_word' id='word_1_470' title='bbox 1027 3565 1089 3608; x_wconf 86' lang='lat' dir='ltr'><strong>ac</strong></span> <span class='ocrx_word' id='word_1_471' title='bbox 1163 3549 1558 3608; x_wconf 82' lang='lat' dir='ltr'><strong>benevolentiae</strong></span> <span class='ocrx_word' id='word_1_472' title='bbox 1609 3546 1837 3617; x_wconf 81' lang='lat' dir='ltr'><strong>ofﬁciis,</strong></span> <span class='ocrx_word' id='word_1_473' title='bbox 1869 3547 1916 3614; x_wconf 87' lang='lat' dir='ltr'><strong>C</strong></span> <span class='ocrx_word' id='word_1_474' title='bbox 1945 3548 2214 3608; x_wconf 88' lang='lat' dir='ltr'><strong>clamante</strong></span> <span class='ocrx_word' id='word_1_475' title='bbox 2243 3551 2449 3609; x_wconf 87' lang='lat' dir='ltr'><strong>scilicet</strong></span> <span class='ocrx_word' id='word_1_476' title='bbox 2495 3553 2770 3611; x_wconf 87' lang='lat' dir='ltr'><strong>locutione</strong></span> <span class='ocrx_word' id='word_1_477' title='bbox 2811 3553 2946 3626; x_wconf 91' lang='lat' dir='ltr'><strong>ipsa,</strong></span> <span class='ocrx_word' id='word_1_478' title='bbox 3007 3556 3078 3612; x_wconf 88' lang='lat' dir='ltr'><strong>ab</strong></span> <span class='ocrx_word' id='word_1_479' title='bbox 3103 3569 3166 3612; x_wconf 82' lang='lat' dir='ltr'><strong>ea</strong></span> <span class='ocrx_word' id='word_1_480' title='bbox 3206 3571 3368 3629; x_wconf 89' lang='lat' dir='ltr'><strong>quam</strong></span> <span class='ocrx_word' id='word_1_481' title='bbox 3400 3557 3550 3616; x_wconf 75' lang='lat' dir='ltr'><strong>Hila-</strong></span> 
     </span>
    </p>
   </div>
   <div class='ocr_carea' id='block_1_58' title="bbox 235 3643 1842 3716">
    <p class='ocr_par' dir='ltr' id='par_1_58' title="bbox 235 3643 1842 3716">
     <span class='ocr_line' id='line_1_58' title="bbox 235 3643 1842 3716; baseline -0.001 -17"><span class='ocrx_word' id='word_1_482' title='bbox 235 3645 436 3716; x_wconf 90' lang='lat' dir='ltr'><strong>quibns</strong></span> <span class='ocrx_word' id='word_1_483' title='bbox 493 3643 606 3700; x_wconf 78' lang='lat' dir='ltr'><strong>RR.</strong></span> <span class='ocrx_word' id='word_1_484' title='bbox 659 3645 764 3701; x_wconf 89' lang='lat' dir='ltr'><strong>PP.</strong></span> <span class='ocrx_word' id='word_1_485' title='bbox 799 3647 910 3702; x_wconf 89' lang='lat' dir='ltr'><strong>DD.</strong></span> <span class='ocrx_word' id='word_1_486' title='bbox 939 3645 1176 3702; x_wconf 85' lang='lat' dir='ltr'><strong>Joannes</strong></span> <span class='ocrx_word' id='word_1_487' title='bbox 1207 3646 1535 3704; x_wconf 86' lang='lat' dir='ltr'><strong>Gualbertus</strong></span> <span class='ocrx_word' id='word_1_488' title='bbox 1590 3643 1842 3711; x_wconf 87' lang='lat' dir='ltr'><strong>Beccari,</strong></span> 
     </span>
    </p>
   </div>
   <div class='ocr_carea' id='block_1_59' title="bbox 234 3737 1844 3811">
    <p class='ocr_par' dir='ltr' id='par_1_59' title="bbox 234 3737 1844 3811">
     <span class='ocr_line' id='line_1_59' title="bbox 234 3737 1844 3811; baseline -0.001 -15"><span class='ocrx_word' id='word_1_489' title='bbox 234 3749 296 3796; x_wconf 92' lang='lat' dir='ltr'><strong>et</strong></span> <span class='ocrx_word' id='word_1_490' title='bbox 347 3739 624 3811; x_wconf 87' lang='lat' dir='ltr'><strong>Philippus</strong></span> <span class='ocrx_word' id='word_1_491' title='bbox 668 3754 698 3795; x_wconf 86' lang='lat' dir='ltr'><strong>a</strong></span> <span class='ocrx_word' id='word_1_492' title='bbox 744 3739 955 3809; x_wconf 83' lang='lat' dir='ltr'><strong>Turre,</strong></span> <span class='ocrx_word' id='word_1_493' title='bbox 1007 3741 1348 3798; x_wconf 79' lang='lat' dir='ltr'><strong>Cassinensis</strong></span> <span class='ocrx_word' id='word_1_494' title='bbox 1399 3737 1844 3810; x_wconf 83' lang='lat' dir='ltr'><strong>Congregationis</strong></span> 
     </span>
    </p>
   </div>
   <div class='ocr_carea' id='block_1_60' title="bbox 235 3830 1843 3905">
    <p class='ocr_par' dir='ltr' id='par_1_60' title="bbox 235 3830 1843 3905">
     <span class='ocr_line' id='line_1_60' title="bbox 235 3830 1843 3905; baseline 0.001 -20"><span class='ocrx_word' id='word_1_495' title='bbox 235 3830 555 3903; x_wconf 87' lang='lat' dir='ltr'><strong>amplissimi</strong></span> <span class='ocrx_word' id='word_1_496' title='bbox 585 3833 874 3901; x_wconf 71' lang='lat' dir='ltr'><strong>Prtesules,</strong></span> <span class='ocrx_word' id='word_1_497' title='bbox 909 3849 995 3889; x_wconf 90' lang='lat' dir='ltr'><strong>me</strong></span> <span class='ocrx_word' id='word_1_498' title='bbox 1023 3832 1166 3905; x_wconf 86' lang='lat' dir='ltr'><strong>apud</strong></span> <span class='ocrx_word' id='word_1_499' title='bbox 1198 3849 1294 3890; x_wconf 91' lang='lat' dir='ltr'><strong>eos</strong></span> <span class='ocrx_word' id='word_1_500' title='bbox 1326 3833 1614 3890; x_wconf 70' lang='lat' dir='ltr'><strong>Florentiae</strong></span> <span class='ocrx_word' id='word_1_501' title='bbox 1640 3833 1843 3903; x_wconf 85' lang='lat' dir='ltr'><strong>degen-</strong></span> 
     </span>
    </p>
   </div>
   <div class='ocr_carea' id='block_1_61' title="bbox 235 3928 1838 3998">
    <p class='ocr_par' dir='ltr' id='par_1_61' title="bbox 235 3928 1838 3998">
     <span class='ocr_line' id='line_1_61' title="bbox 235 3928 1838 3998; baseline 0 -14"><span class='ocrx_word' id='word_1_502' title='bbox 235 3937 349 3984; x_wconf 88' lang='lat' dir='ltr'><strong>tem</strong></span> <span class='ocrx_word' id='word_1_503' title='bbox 384 3928 748 3998; x_wconf 89' lang='lat' dir='ltr'><strong>cumnlarunt,</strong></span> <span class='ocrx_word' id='word_1_504' title='bbox 783 3929 887 3985; x_wconf 90' lang='lat' dir='ltr'><strong>hoc</strong></span> <span class='ocrx_word' id='word_1_505' title='bbox 918 3929 1080 3986; x_wconf 88' lang='lat' dir='ltr'><strong>etiam</strong></span> <span class='ocrx_word' id='word_1_506' title='bbox 1127 3931 1251 3986; x_wconf 86' lang='lat' dir='ltr'><strong>addi</strong></span> <span class='ocrx_word' id='word_1_507' title='bbox 1304 3931 1544 3996; x_wconf 79' lang='lat' dir='ltr'><strong>Voluerc,</strong></span> <span class='ocrx_word' id='word_1_508' title='bbox 1596 3937 1674 3998; x_wconf 92' lang='lat' dir='ltr'><strong>ut,</strong></span> <span class='ocrx_word' id='word_1_509' title='bbox 1716 3945 1838 3986; x_wconf 90' lang='lat' dir='ltr'><strong>cum</strong></span> 
     </span>
    </p>
   </div>
   <div class='ocr_carea' id='block_1_62' title="bbox 235 4009 1838 4095">
    <p class='ocr_par' dir='ltr' id='par_1_62' title="bbox 235 4009 1838 4095">
     <span class='ocr_line' id='line_1_62' title="bbox 235 4009 1838 4095; baseline -0.001 -18"><span class='ocrx_word' id='word_1_510' title='bbox 235 4022 442 4077; x_wconf 88' lang='lat' dir='ltr'><strong>scirent</strong></span> <span class='ocrx_word' id='word_1_511' title='bbox 469 4037 556 4078; x_wconf 93' lang='lat' dir='ltr'><strong>me</strong></span> <span class='ocrx_word' id='word_1_512' title='bbox 584 4022 784 4079; x_wconf 90' lang='lat' dir='ltr'><strong>inedita</strong></span> <span class='ocrx_word' id='word_1_513' title='bbox 829 4023 1046 4079; x_wconf 86' lang='lat' dir='ltr'><strong>Patrum</strong></span> <span class='ocrx_word' id='word_1_514' title='bbox 1073 4024 1270 4095; x_wconf 88' lang='lat' dir='ltr'><strong>scripta</strong></span> <span class='ocrx_word' id='word_1_515' title='bbox 1309 4024 1642 4094; x_wconf 88' lang='lat' dir='ltr'><strong>perquirere,</strong></span> <span class='ocrx_word' id='word_1_516' title='bbox 1676 4032 1732 4078; x_wconf 91' lang='lat' dir='ltr'><strong>ut</strong></span> <span class='ocrx_word' id='word_1_517' title='bbox 1762 4009 1838 4079; x_wconf 31' lang='lat' dir='ltr'><strong>lea</strong></span> 
     </span>
    </p>
   </div>
   <div class='ocr_carea' id='block_1_63' title="bbox 236 4103 1837 4186">
    <p class='ocr_par' dir='ltr' id='par_1_63' title="bbox 236 4103 1837 4186">
     <span class='ocr_line' id='line_1_63' title="bbox 236 4103 1837 4186; baseline 0.001 -18"><span class='ocrx_word' id='word_1_518' title='bbox 236 4113 641 4186; x_wconf 81' lang='lat' dir='ltr'><strong>pervulgarem,</strong></span> <span class='ocrx_word' id='word_1_519' title='bbox 683 4115 1002 4172; x_wconf 87' lang='lat' dir='ltr'><strong>Sermonem</strong></span> <span class='ocrx_word' id='word_1_520' title='bbox 1045 4117 1096 4172; x_wconf 79' lang='lat' dir='ltr'><strong>in</strong></span> <span class='ocrx_word' id='word_1_521' title='bbox 1124 4103 1319 4184; x_wconf 79' lang='lat' dir='ltr'><strong>Codice</strong></span> <span class='ocrx_word' id='word_1_522' title='bbox 1343 4111 1737 4186; x_wconf 81' lang='lat' dir='ltr'><strong>complectente</strong></span> <span class='ocrx_word' id='word_1_523' title='bbox 1778 4115 1837 4172; x_wconf 90' lang='lat' dir='ltr'><strong>S.</strong></span> 
     </span>
    </p>
   </div>
   <div class='ocr_carea' id='block_1_64' title="bbox 237 4204 1838 4278">
    <p class='ocr_par' dir='ltr' id='par_1_64' title="bbox 237 4204 1838 4278">
     <span class='ocr_line' id='line_1_64' title="bbox 237 4204 1838 4278; baseline 0.002 -17"><span class='ocrx_word' id='word_1_524' title='bbox 237 4204 429 4261; x_wconf 81' lang='lat' dir='ltr'><strong>Hilarii</strong></span> <span class='ocrx_word' id='word_1_525' title='bbox 456 4205 808 4264; x_wconf 86' lang='lat' dir='ltr'><strong>Pictaviensis</strong></span> <span class='ocrx_word' id='word_1_526' title='bbox 832 4208 1008 4278; x_wconf 78' lang='lat' dir='ltr'><strong>Opera</strong></span> <span class='ocrx_word' id='word_1_527' title='bbox 1038 4209 1214 4265; x_wconf 89' lang='lat' dir='ltr'><strong>eidem</strong></span> <span class='ocrx_word' id='word_1_528' title='bbox 1246 4209 1448 4266; x_wconf 87' lang='lat' dir='ltr'><strong>Hilario</strong></span> <span class='ocrx_word' id='word_1_529' title='bbox 1479 4209 1760 4278; x_wconf 89' lang='lat' dir='ltr'><strong>tributum,</strong></span> <span class='ocrx_word' id='word_1_530' title='bbox 1787 4211 1838 4266; x_wconf 93' lang='lat' dir='ltr'><strong>in</strong></span> 
     </span>
    </p>
   </div>
   <div class='ocr_carea' id='block_1_65' title="bbox 236 4292 1842 4370">
    <p class='ocr_par' dir='ltr' id='par_1_65' title="bbox 236 4292 1842 4370">
     <span class='ocr_line' id='line_1_65' title="bbox 236 4292 1842 4370; baseline 0.002 -14"><span class='ocrx_word' id='word_1_531' title='bbox 236 4299 596 4356; x_wconf 81' lang='lat' dir='ltr'><strong>celeberrima</strong></span> <span class='ocrx_word' id='word_1_532' title='bbox 621 4304 700 4357; x_wconf 89' lang='lat' dir='ltr'><strong>sui</strong></span> <span class='ocrx_word' id='word_1_533' title='bbox 730 4292 1043 4358; x_wconf 69' lang='grc' dir='ltr'><strong>Μτιὴαεῑρτὶὶ</strong></span> <span class='ocrx_word' id='word_1_534' title='bbox 1077 4292 1408 4360; x_wconf 75' lang='lat' dir='ltr'><strong>Biblimh‘eca</strong></span> <span class='ocrx_word' id='word_1_535' title='bbox 1445 4303 1748 4370; x_wconf 86' lang='lat' dir='ltr'><strong>inventum,</strong></span> <span class='ocrx_word' id='word_1_536' title='bbox 1774 4303 1842 4360; x_wconf 90' lang='lat' dir='ltr'><strong>ad</strong></span> 
     </span>
    </p>
   </div>
   <div class='ocr_carea' id='block_1_66' title="bbox 1946 3644 3548 3720">
    <p class='ocr_par' dir='ltr' id='par_1_66' title="bbox 1946 3644 3548 3720">
     <span class='ocr_line' id='line_1_66' title="bbox 1946 3644 3548 3720; baseline 0.005 -20"><span class='ocrx_word' id='word_1_537' title='bbox 1946 3645 2060 3700; x_wconf 85' lang='lat' dir='ltr'><strong>rius</strong></span> <span class='ocrx_word' id='word_1_538' title='bbox 2089 3644 2442 3702; x_wconf 87' lang='lat' dir='ltr'><strong>Pictaviensis</strong></span> <span class='ocrx_word' id='word_1_539' title='bbox 2469 3648 2831 3720; x_wconf 90' lang='lat' dir='ltr'><strong>persequitur,</strong></span> <span class='ocrx_word' id='word_1_540' title='bbox 2864 3647 3020 3703; x_wconf 84' lang='lat' dir='ltr'><strong>valde</strong></span> <span class='ocrx_word' id='word_1_541' title='bbox 3060 3659 3290 3706; x_wconf 86' lang='lat' dir='ltr'><strong>remota.</strong></span> <span class='ocrx_word' id='word_1_542' title='bbox 3336 3651 3407 3708; x_wconf 85' lang='lat' dir='ltr'><strong>At</strong></span> <span class='ocrx_word' id='word_1_543' title='bbox 3429 3653 3548 3708; x_wconf 83' lang='lat' dir='ltr'><strong>cui-</strong></span> 
     </span>
    </p>
   </div>
   <div class='ocr_carea' id='block_1_67' title="bbox 1948 3731 3549 3812">
    <p class='ocr_par' dir='ltr' id='par_1_67' title="bbox 1948 3731 3549 3812">
     <span class='ocr_line' id='line_1_67' title="bbox 1948 3731 3549 3812; baseline 0.005 -20"><span class='ocrx_word' id='word_1_544' title='bbox 1948 3753 2072 3794; x_wconf 89' lang='lat' dir='ltr'><strong>nam</strong></span> <span class='ocrx_word' id='word_1_545' title='bbox 2099 3740 2488 3808; x_wconf 79' lang='lat' dir='ltr'><strong>adscriberem,</strong></span> <span class='ocrx_word' id='word_1_546' title='bbox 2523 3742 2856 3812; x_wconf 84' lang='lat' dir='ltr'><strong>ignorabam.</strong></span> <span class='ocrx_word' id='word_1_547' title='bbox 2893 3741 3062 3798; x_wconf 83' lang='lat' dir='ltr'><strong>Porro</strong></span> <span class='ocrx_word' id='word_1_548' title='bbox 3098 3741 3225 3798; x_wconf 88' lang='lat' dir='ltr'><strong>dum</strong></span> <span class='ocrx_word' id='word_1_549' title='bbox 3256 3731 3549 3800; x_wconf 82' lang='lat' dir='ltr'><strong>Canciona-</strong></span> 
     </span>
    </p>
   </div>
   <div class='ocr_carea' id='block_1_68' title="bbox 1947 3827 3548 3905">
    <p class='ocr_par' dir='ltr' id='par_1_68' title="bbox 1947 3827 3548 3905">
     <span class='ocr_line' id='line_1_68' title="bbox 1947 3827 3548 3905; baseline 0.006 -22"><span class='ocrx_word' id='word_1_550' title='bbox 1947 3831 2132 3884; x_wconf 76' lang='lat' dir='ltr'><strong>loriam</strong></span> <span class='ocrx_word' id='word_1_551' title='bbox 2151 3831 2442 3902; x_wconf 76' lang='lat' dir='ltr'><strong>Combe/isii</strong></span> <span class='ocrx_word' id='word_1_552' title='bbox 2463 3831 2834 3888; x_wconf 71' lang='lat' dir='ltr'><strong>Bibliotheca&quot;:</strong></span> <span class='ocrx_word' id='word_1_553' title='bbox 2856 3833 2922 3889; x_wconf 89' lang='lat' dir='ltr'><strong>ad</strong></span> <span class='ocrx_word' id='word_1_554' title='bbox 2951 3839 3077 3890; x_wconf 87' lang='lat' dir='ltr'><strong>eum</strong></span> <span class='ocrx_word' id='word_1_555' title='bbox 3107 3827 3267 3890; x_wconf 79' lang='lat' dir='ltr'><strong>linem</strong></span> <span class='ocrx_word' id='word_1_556' title='bbox 3303 3835 3548 3905; x_wconf 88' lang='lat' dir='ltr'><strong>revolvo,</strong></span> 
     </span>
    </p>
   </div>
   <div class='ocr_carea' id='block_1_69' title="bbox 1947 3925 3546 4000">
    <p class='ocr_par' dir='ltr' id='par_1_69' title="bbox 1947 3925 3546 4000">
     <span class='ocr_line' id='line_1_69' title="bbox 1947 3925 3546 4000; baseline 0.003 -19"><span class='ocrx_word' id='word_1_557' title='bbox 1947 3935 2005 3981; x_wconf 91' lang='lat' dir='ltr'><strong>ut</strong></span> <span class='ocrx_word' id='word_1_558' title='bbox 2033 3927 2338 3998; x_wconf 88' lang='lat' dir='ltr'><strong>perquiram</strong></span> <span class='ocrx_word' id='word_1_559' title='bbox 2401 3944 2527 3982; x_wconf 90' lang='lat' dir='ltr'><strong>num</strong></span> <span class='ocrx_word' id='word_1_560' title='bbox 2559 3925 2605 3982; x_wconf 86' lang='lat' dir='ltr'><strong>is</strong></span> <span class='ocrx_word' id='word_1_561' title='bbox 2645 3928 2836 3983; x_wconf 83' lang='lat' dir='ltr'><strong>Sermo</strong></span> <span class='ocrx_word' id='word_1_562' title='bbox 2864 3927 3149 4000; x_wconf 87' lang='lat' dir='ltr'><strong>evulgatus</strong></span> <span class='ocrx_word' id='word_1_563' title='bbox 3177 3929 3274 3997; x_wconf 84' lang='lat' dir='ltr'><strong>sit,</strong></span> <span class='ocrx_word' id='word_1_564' title='bbox 3307 3946 3374 3985; x_wconf 91' lang='lat' dir='ltr'><strong>an</strong></span> <span class='ocrx_word' id='word_1_565' title='bbox 3415 3946 3546 3998; x_wconf 88' lang='lat' dir='ltr'><strong>non,</strong></span> 
     </span>
    </p>
   </div>
   <div class='ocr_carea' id='block_1_70' title="bbox 1944 4019 3549 4093">
    <p class='ocr_par' dir='ltr' id='par_1_70' title="bbox 1944 4019 3549 4093">
     <span class='ocr_line' id='line_1_70' title="bbox 1944 4019 3549 4093; baseline 0.003 -19"><span class='ocrx_word' id='word_1_566' title='bbox 1944 4020 2222 4091; x_wconf 88' lang='lat' dir='ltr'><strong>comperio</strong></span> <span class='ocrx_word' id='word_1_567' title='bbox 2251 4019 2558 4093; x_wconf 85' lang='lat' dir='ltr'><strong>evulgatum</strong></span> <span class='ocrx_word' id='word_1_568' title='bbox 2585 4035 2707 4076; x_wconf 84' lang='lat' dir='ltr'><strong>eum</strong></span> <span class='ocrx_word' id='word_1_569' title='bbox 2735 4035 2857 4076; x_wconf 89' lang='lat' dir='ltr'><strong>esse</strong></span> <span class='ocrx_word' id='word_1_570' title='bbox 2885 4022 3124 4092; x_wconf 91' lang='lat' dir='ltr'><strong>quidem,</strong></span> <span class='ocrx_word' id='word_1_571' title='bbox 3171 4031 3225 4078; x_wconf 91' lang='lat' dir='ltr'><strong>et</strong></span> <span class='ocrx_word' id='word_1_572' title='bbox 3261 4021 3421 4079; x_wconf 71' lang='lat' dir='ltr'><strong>Deda:</strong></span> <span class='ocrx_word' id='word_1_573' title='bbox 3449 4024 3549 4078; x_wconf 91' lang='lat' dir='ltr'><strong>ad-</strong></span> 
     </span>
    </p>
   </div>
   <div class='ocr_carea' id='block_1_71' title="bbox 1946 4096 3547 4187">
    <p class='ocr_par' dir='ltr' id='par_1_71' title="bbox 1946 4096 3547 4187">
     <span class='ocr_line' id='line_1_71' title="bbox 1946 4096 3547 4187; baseline 0.004 -19"><span class='ocrx_word' id='word_1_574' title='bbox 1946 4111 2208 4183; x_wconf 70' lang='lat' dir='ltr'><strong>scriptum</strong></span> <span class='ocrx_word' id='word_1_575' title='bbox 2232 4105 2332 4185; x_wconf 60' lang='lat' dir='ltr'><strong>(it),-</strong></span> <span class='ocrx_word' id='word_1_576' title='bbox 2361 4112 2455 4168; x_wconf 89' lang='lat' dir='ltr'><strong>sed</strong></span> <span class='ocrx_word' id='word_1_577' title='bbox 2486 4096 2683 4170; x_wconf 78' lang='lat' dir='ltr'><strong>additis</strong></span> <span class='ocrx_word' id='word_1_578' title='bbox 2733 4115 3136 4184; x_wconf 84' lang='lat' dir='ltr'><strong>immutatisque</strong></span> <span class='ocrx_word' id='word_1_579' title='bbox 3159 4115 3430 4172; x_wconf 89' lang='lat' dir='ltr'><strong>nonnullis</strong></span> <span class='ocrx_word' id='word_1_580' title='bbox 3447 4131 3547 4187; x_wconf 86' lang='lat' dir='ltr'><strong>pe-</strong></span> 
     </span>
    </p>
   </div>
   <div class='ocr_carea' id='block_1_72' title="bbox 1944 4205 3546 4274">
    <p class='ocr_par' dir='ltr' id='par_1_72' title="bbox 1944 4205 3546 4274">
     <span class='ocr_line' id='line_1_72' title="bbox 1944 4205 3546 4274; baseline 0.002 -12"><span class='ocrx_word' id='word_1_581' title='bbox 1944 4205 2142 4274; x_wconf 90' lang='lat' dir='ltr'><strong>riodis;</strong></span> <span class='ocrx_word' id='word_1_582' title='bbox 2188 4208 2271 4262; x_wconf 92' lang='lat' dir='ltr'><strong>vel</strong></span> <span class='ocrx_word' id='word_1_583' title='bbox 2320 4208 2526 4263; x_wconf 87' lang='lat' dir='ltr'><strong>scilicet</strong></span> <span class='ocrx_word' id='word_1_584' title='bbox 2572 4214 2632 4262; x_wconf 87' lang='lat' dir='ltr'><strong>ut</strong></span> <span class='ocrx_word' id='word_1_585' title='bbox 2659 4221 2842 4263; x_wconf 88' lang='lat' dir='ltr'><strong>sermo</strong></span> <span class='ocrx_word' id='word_1_586' title='bbox 2887 4208 3394 4265; x_wconf 88' lang='lat' dir='ltr'><strong>accommodaretur</strong></span> <span class='ocrx_word' id='word_1_587' title='bbox 3426 4209 3546 4266; x_wconf 94' lang='lat' dir='ltr'><strong>loco</strong></span> 
     </span>
    </p>
   </div>
   <div class='ocr_carea' id='block_1_73' title="bbox 1945 4295 3546 4374">
    <p class='ocr_par' dir='ltr' id='par_1_73' title="bbox 1945 4295 3546 4374">
     <span class='ocr_line' id='line_1_73' title="bbox 1945 4295 3546 4374; baseline 0.001 -16"><span class='ocrx_word' id='word_1_588' title='bbox 1945 4301 2024 4358; x_wconf 90' lang='lat' dir='ltr'><strong>illi</strong></span> <span class='ocrx_word' id='word_1_589' title='bbox 2078 4295 2377 4374; x_wconf 81' lang='lat' dir='ltr'><strong>Evangelii,</strong></span> <span class='ocrx_word' id='word_1_590' title='bbox 2425 4302 2516 4374; x_wconf 90' lang='lat' dir='ltr'><strong>qui</strong></span> <span class='ocrx_word' id='word_1_591' title='bbox 2564 4301 2742 4358; x_wconf 83' lang='lat' dir='ltr'><strong>eidem</strong></span> <span class='ocrx_word' id='word_1_592' title='bbox 2791 4303 3040 4358; x_wconf 83' lang='lat' dir='ltr'><strong>Sermoni</strong></span> <span class='ocrx_word' id='word_1_593' title='bbox 3095 4304 3150 4358; x_wconf 88' lang='lat' dir='ltr'><strong>in</strong></span> <span class='ocrx_word' id='word_1_594' title='bbox 3196 4309 3258 4359; x_wconf 84' lang='lat' dir='ltr'><strong>ea</strong></span> <span class='ocrx_word' id='word_1_595' title='bbox 3305 4303 3546 4360; x_wconf 91' lang='lat' dir='ltr'><strong>editione</strong></span> 
     </span>
    </p>
   </div>
   <div class='ocr_carea' id='block_1_74' title="bbox 236 4393 3541 4470">
    <p class='ocr_par' dir='ltr' id='par_1_74' title="bbox 236 4393 3541 4470">
     <span class='ocr_line' id='line_1_74' title="bbox 236 4393 3541 4470; baseline 0.001 -20"><span class='ocrx_word' id='word_1_596' title='bbox 236 4409 329 4450; x_wconf 90' lang='lat' dir='ltr'><strong>me</strong></span> <span class='ocrx_word' id='word_1_597' title='bbox 351 4394 624 4451; x_wconf 90' lang='lat' dir='ltr'><strong>mitterent</strong></span> <span class='ocrx_word' id='word_1_598' title='bbox 651 4395 1056 4467; x_wconf 87' lang='lat' dir='ltr'><strong>diligentissime</strong></span> <span class='ocrx_word' id='word_1_599' title='bbox 1080 4398 1413 4470; x_wconf 76' lang='lat' dir='ltr'><strong>exscriptum</strong></span> <span class='ocrx_word' id='word_1_600' title='bbox 1447 4413 1606 4453; x_wconf 91' lang='lat' dir='ltr'><strong>mann</strong></span> <span class='ocrx_word' id='word_1_601' title='bbox 1636 4398 1858 4469; x_wconf 67' lang='lat' dir='ltr'><strong>doctis-~</strong></span> <span class='ocrx_word' id='word_1_602' title='bbox 1940 4397 2274 4468; x_wconf 64' lang='lat' dir='ltr'><strong>praeponitur</strong></span> <span class='ocrx_word' id='word_1_603' title='bbox 2307 4393 2408 4469; x_wconf 74' lang='lat' dir='ltr'><strong>(ll),</strong></span> <span class='ocrx_word' id='word_1_604' title='bbox 2437 4395 2524 4451; x_wconf 86' lang='lat' dir='ltr'><strong>vel</strong></span> <span class='ocrx_word' id='word_1_605' title='bbox 2551 4404 2609 4452; x_wconf 89' lang='lat' dir='ltr'><strong>ut</strong></span> <span class='ocrx_word' id='word_1_606' title='bbox 2639 4394 2860 4452; x_wconf 84' lang='lat' dir='ltr'><strong>uberius</strong></span> <span class='ocrx_word' id='word_1_607' title='bbox 2904 4395 3175 4467; x_wconf 88' lang='lat' dir='ltr'><strong>analogia,</strong></span> <span class='ocrx_word' id='word_1_608' title='bbox 3201 4410 3322 4467; x_wconf 76' lang='lat' dir='ltr'><strong>qua:</strong></span> <span class='ocrx_word' id='word_1_609' title='bbox 3349 4395 3541 4453; x_wconf 79' lang='lat' dir='ltr'><strong>Judai-</strong></span> 
     </span>
    </p>
   </div>
   <div class='ocr_carea' id='block_1_75' title="bbox 237 4475 3544 4565">
    <p class='ocr_par' dir='ltr' id='par_1_75' title="bbox 237 4475 3544 4565">
     <span class='ocr_line' id='line_1_75' title="bbox 237 4475 3544 4565; baseline 0 -19"><span class='ocrx_word' id='word_1_610' title='bbox 237 4489 363 4546; x_wconf 83' lang='lat' dir='ltr'><strong>simi</strong></span> <span class='ocrx_word' id='word_1_611' title='bbox 393 4489 564 4546; x_wconf 88' lang='lat' dir='ltr'><strong>Patris</strong></span> <span class='ocrx_word' id='word_1_612' title='bbox 587 4490 651 4545; x_wconf 90' lang='lat' dir='ltr'><strong>D.</strong></span> <span class='ocrx_word' id='word_1_613' title='bbox 676 4491 823 4547; x_wconf 90' lang='lat' dir='ltr'><strong>Petri</strong></span> <span class='ocrx_word' id='word_1_614' title='bbox 848 4492 1054 4565; x_wconf 72' lang='lat' dir='ltr'><strong>Alo‘ys&#39;ii</strong></span> <span class='ocrx_word' id='word_1_615' title='bbox 1075 4475 1289 4550; x_wconf 76' lang='lat' dir='ltr'><strong>Gailetii</strong></span> <span class='ocrx_word' id='word_1_616' title='bbox 1314 4477 1675 4565; x_wconf 68' lang='lat' dir='ltr'><strong>Philosophia:</strong></span> <span class='ocrx_word' id='word_1_617' title='bbox 1707 4475 1839 4551; x_wconf 74' lang='lat' dir='ltr'><strong>Lec—</strong></span> <span class='ocrx_word' id='word_1_618' title='bbox 1938 4507 2062 4548; x_wconf 91' lang='lat' dir='ltr'><strong>cum</strong></span> <span class='ocrx_word' id='word_1_619' title='bbox 2109 4490 2252 4546; x_wconf 91' lang='lat' dir='ltr'><strong>inter</strong></span> <span class='ocrx_word' id='word_1_620' title='bbox 2299 4490 2558 4559; x_wconf 83' lang='lat' dir='ltr'><strong>templum</strong></span> <span class='ocrx_word' id='word_1_621' title='bbox 2597 4498 2652 4545; x_wconf 93' lang='lat' dir='ltr'><strong>et</strong></span> <span class='ocrx_word' id='word_1_622' title='bbox 2694 4477 3058 4545; x_wconf 81' lang='lat' dir='ltr'><strong>Christianam</strong></span> <span class='ocrx_word' id='word_1_623' title='bbox 3107 4489 3406 4548; x_wconf 89' lang='lat' dir='ltr'><strong>Ecclesiam</strong></span> <span class='ocrx_word' id='word_1_624' title='bbox 3461 4492 3544 4546; x_wconf 91' lang='lat' dir='ltr'><strong>in-</strong></span> 
     </span>
    </p>
   </div>
   <div class='ocr_carea' id='block_1_76' title="bbox 241 4580 3542 4654">
    <p class='ocr_par' dir='ltr' id='par_1_76' title="bbox 241 4580 3542 4654">
     <span class='ocr_line' id='line_1_76' title="bbox 241 4580 3542 4654; baseline 0 -16"><span class='ocrx_word' id='word_1_625' title='bbox 241 4583 397 4647; x_wconf 86' lang='lat' dir='ltr'><strong>toris,</strong></span> <span class='ocrx_word' id='word_1_626' title='bbox 429 4594 485 4638; x_wconf 92' lang='lat' dir='ltr'><strong>et</strong></span> <span class='ocrx_word' id='word_1_627' title='bbox 513 4581 580 4639; x_wconf 84' lang='lat' dir='ltr'><strong>tle</strong></span> <span class='ocrx_word' id='word_1_628' title='bbox 607 4586 776 4640; x_wconf 85' lang='lat' dir='ltr'><strong>veteri</strong></span> <span class='ocrx_word' id='word_1_629' title='bbox 799 4584 1120 4651; x_wconf 88' lang='lat' dir='ltr'><strong>litteratura,</strong></span> <span class='ocrx_word' id='word_1_630' title='bbox 1140 4587 1224 4641; x_wconf 89' lang='lat' dir='ltr'><strong>cui</strong></span> <span class='ocrx_word' id='word_1_631' title='bbox 1248 4601 1460 4642; x_wconf 89' lang='lat' dir='ltr'><strong>summo</strong></span> <span class='ocrx_word' id='word_1_632' title='bbox 1483 4587 1659 4643; x_wconf 86' lang='lat' dir='ltr'><strong>studio</strong></span> <span class='ocrx_word' id='word_1_633' title='bbox 1676 4586 1839 4644; x_wconf 90' lang='lat' dir='ltr'><strong>etiam</strong></span> <span class='ocrx_word' id='word_1_634' title='bbox 1944 4590 2129 4648; x_wconf 86' lang='lat' dir='ltr'><strong>terest,</strong></span> <span class='ocrx_word' id='word_1_635' title='bbox 2159 4581 2461 4654; x_wconf 85' lang='lat' dir='ltr'><strong>explicetur</strong></span> <span class='ocrx_word' id='word_1_636' title='bbox 2489 4599 2502 4636; x_wconf 90' lang='lat'><strong>:</strong></span> <span class='ocrx_word' id='word_1_637' title='bbox 2535 4596 2640 4652; x_wconf 91' lang='lat' dir='ltr'><strong>qua</strong></span> <span class='ocrx_word' id='word_1_638' title='bbox 2667 4581 2885 4650; x_wconf 89' lang='lat' dir='ltr'><strong>quidem</strong></span> <span class='ocrx_word' id='word_1_639' title='bbox 2905 4596 2965 4636; x_wconf 88' lang='lat' dir='ltr'><strong>re</strong></span> <span class='ocrx_word' id='word_1_640' title='bbox 2989 4580 3234 4651; x_wconf 89' lang='lat' dir='ltr'><strong>ejusdem</strong></span> <span class='ocrx_word' id='word_1_641' title='bbox 3262 4581 3542 4638; x_wconf 86' lang='lat' dir='ltr'><strong>Sermonis</strong></span> 
     </span>
    </p>
   </div>
   <div class='ocr_carea' id='block_1_77' title="bbox 239 4671 3539 4749">
    <p class='ocr_par' dir='ltr' id='par_1_77' title="bbox 239 4671 3539 4749">
     <span class='ocr_line' id='line_1_77' title="bbox 239 4671 3539 4749; baseline -0.001 -17"><span class='ocrx_word' id='word_1_642' title='bbox 239 4673 542 4744; x_wconf 86' lang='lat' dir='ltr'><strong>incumbit,</strong></span> <span class='ocrx_word' id='word_1_643' title='bbox 575 4678 830 4747; x_wconf 70' lang='lat' dir='ltr'><strong>praeclare</strong></span> <span class='ocrx_word' id='word_1_644' title='bbox 859 4677 1060 4734; x_wconf 86' lang='lat' dir='ltr'><strong>meriti.</strong></span> <span class='ocrx_word' id='word_1_645' title='bbox 1103 4678 1239 4735; x_wconf 84' lang='lat' dir='ltr'><strong>Novi</strong></span> <span class='ocrx_word' id='word_1_646' title='bbox 1265 4682 1470 4748; x_wconf 78' lang='lat' dir='ltr'><strong>Statim,</strong></span> <span class='ocrx_word' id='word_1_647' title='bbox 1497 4680 1698 4737; x_wconf 79' lang='lat' dir='ltr'><strong>Hilario</strong></span> <span class='ocrx_word' id='word_1_648' title='bbox 1723 4682 1842 4737; x_wconf 85' lang='lat' dir='ltr'><strong>Pic-</strong></span> <span class='ocrx_word' id='word_1_649' title='bbox 1944 4676 2162 4749; x_wconf 88' lang='lat' dir='ltr'><strong>puritati</strong></span> <span class='ocrx_word' id='word_1_650' title='bbox 2228 4689 2291 4731; x_wconf 88' lang='lat' dir='ltr'><strong>ac</strong></span> <span class='ocrx_word' id='word_1_651' title='bbox 2330 4674 2598 4730; x_wconf 89' lang='lat' dir='ltr'><strong>venustati</strong></span> <span class='ocrx_word' id='word_1_652' title='bbox 2643 4672 2889 4728; x_wconf 87' lang='lat' dir='ltr'><strong>nonnihil</strong></span> <span class='ocrx_word' id='word_1_653' title='bbox 2939 4671 3150 4729; x_wconf 87' lang='lat' dir='ltr'><strong>detrahi</strong></span> <span class='ocrx_word' id='word_1_654' title='bbox 3199 4673 3409 4729; x_wconf 83' lang='lat' dir='ltr'><strong>videtur</strong></span> <span class='ocrx_word' id='word_1_655' title='bbox 3438 4672 3539 4747; x_wconf 84' lang='lat' dir='ltr'><strong>(c).</strong></span> 
     </span>
    </p>
   </div>
   <div class='ocr_carea' id='block_1_78' title="bbox 239 4765 3538 4846">
    <p class='ocr_par' dir='ltr' id='par_1_78' title="bbox 239 4765 3538 4846">
     <span class='ocr_line' id='line_1_78' title="bbox 239 4765 3538 4846; baseline -0.001 -20"><span class='ocrx_word' id='word_1_656' title='bbox 239 4769 470 4826; x_wconf 76' lang='lat' dir='ltr'><strong>miensi</strong></span> <span class='ocrx_word' id='word_1_657' title='bbox 495 4769 727 4827; x_wconf 85' lang='lat' dir='ltr'><strong>adscribi</strong></span> <span class='ocrx_word' id='word_1_658' title='bbox 753 4773 1074 4828; x_wconf 89' lang='lat' dir='ltr'><strong>Sermonem</strong></span> <span class='ocrx_word' id='word_1_659' title='bbox 1105 4772 1248 4831; x_wconf 87' lang='lat' dir='ltr'><strong>hunc</strong></span> <span class='ocrx_word' id='word_1_660' title='bbox 1277 4772 1500 4830; x_wconf 90' lang='lat' dir='ltr'><strong>minime</strong></span> <span class='ocrx_word' id='word_1_661' title='bbox 1531 4788 1726 4846; x_wconf 88' lang='lat' dir='ltr'><strong>posse,</strong></span> <span class='ocrx_word' id='word_1_662' title='bbox 1755 4789 1841 4830; x_wconf 78' lang='lat' dir='ltr'><strong>re-</strong></span> <span class='ocrx_word' id='word_1_663' title='bbox 1943 4771 2078 4828; x_wconf 85' lang='lat' dir='ltr'><strong>Eum</strong></span> <span class='ocrx_word' id='word_1_664' title='bbox 2127 4770 2328 4840; x_wconf 89' lang='lat' dir='ltr'><strong>itaque,</strong></span> <span class='ocrx_word' id='word_1_665' title='bbox 2373 4777 2432 4822; x_wconf 89' lang='lat' dir='ltr'><strong>ut</strong></span> <span class='ocrx_word' id='word_1_666' title='bbox 2462 4766 2627 4822; x_wconf 85' lang='lat' dir='ltr'><strong>habet</strong></span> <span class='ocrx_word' id='word_1_667' title='bbox 2670 4765 3040 4835; x_wconf 47' lang='lat' dir='ltr'><strong>Floren‘tinus,</strong></span> <span class='ocrx_word' id='word_1_668' title='bbox 3085 4779 3246 4837; x_wconf 88' lang='lat' dir='ltr'><strong>quem</strong></span> <span class='ocrx_word' id='word_1_669' title='bbox 3273 4765 3538 4838; x_wconf 85' lang='lat' dir='ltr'><strong>diximus,</strong></span> 
     </span>
    </p>
   </div>
   <div class='ocr_carea' id='block_1_79' title="bbox 312 4891 3528 4988">
    <p class='ocr_par' dir='ltr' id='par_1_79' title="bbox 312 4891 3528 4988">
     <span class='ocr_line' id='line_1_79' title="bbox 312 4891 3528 4988; baseline 0 0"><span class='ocrx_word' id='word_1_670' title='bbox 312 4909 396 4988; x_wconf 73' lang='grc' dir='ltr'><strong>(τι)</strong></span> <span class='ocrx_word' id='word_1_671' title='bbox 434 4891 581 4988; x_wconf 62' lang='lat' dir='ltr'><strong>inter</strong></span> <span class='ocrx_word' id='word_1_672' title='bbox 611 4909 885 4988; x_wconf 57' lang='grc' dir='ltr'><strong>ωβιίῐθιβε</strong></span> <span class='ocrx_word' id='word_1_673' title='bbox 912 4903 1071 4988; x_wconf 60' lang='lat' dir='ltr'><strong>Bede</strong></span> <span class='ocrx_word' id='word_1_674' title='bbox 1099 4905 1567 4988; x_wconf 54' lang='lat' dir='ltr'><strong>sermoneslms-</strong></span> <span class='ocrx_word' id='word_1_675' title='bbox 1603 4910 1832 4988; x_wconf 58' lang='lat'><strong>169&#39;1‘0-</strong></span> <span class='ocrx_word' id='word_1_676' title='bbox 1861 4917 1910 4978; x_wconf 91' lang='lat' dir='ltr'><strong>D</strong></span> <span class='ocrx_word' id='word_1_677' title='bbox 1935 4917 2146 4988; x_wconf 63' lang='lat' dir='ltr'><strong>summa</strong></span> <span class='ocrx_word' id='word_1_678' title='bbox 2179 4921 2241 4988; x_wconf 55' lang='lat' dir='ltr'><strong>at</strong></span> <span class='ocrx_word' id='word_1_679' title='bbox 2268 4903 2456 4987; x_wconf 65' lang='grc' dir='ltr'><strong>Μεηιιιο</strong></span> <span class='ocrx_word' id='word_1_680' title='bbox 2484 4919 2576 4988; x_wconf 58' lang='grc' dir='ltr'><strong>νην</strong></span> <span class='ocrx_word' id='word_1_681' title='bbox 2611 4901 2728 4988; x_wconf 67' lang='grc' dir='ltr'><strong>ηε.</strong></span> <span class='ocrx_word' id='word_1_682' title='bbox 2748 4901 2928 4958; x_wconf 72' lang='grc' dir='ltr'><strong>θ”ιηίε</strong></span> <span class='ocrx_word' id='word_1_683' title='bbox 2955 4901 3113 4988; x_wconf 58' lang='grc' dir='ltr'><strong>τέ”θοξ</strong></span> <span class='ocrx_word' id='word_1_684' title='bbox 3131 4901 3285 4988; x_wconf 68' lang='grc' dir='ltr'><strong>θρηαο</strong></span> <span class='ocrx_word' id='word_1_685' title='bbox 3314 4915 3447 4988; x_wconf 53' lang='lat' dir='ltr'><strong>seu</strong></span> <span class='ocrx_word' id='word_1_686' title='bbox 3471 4911 3528 4988; x_wconf 65' lang='lat' dir='ltr'><strong>el</strong></span> 
     </span>
    </p>
   </div>
   <div class='ocr_carea' id='block_1_80' title="bbox 235 4973 3526 5050">
    <p class='ocr_par' dir='ltr' id='par_1_80' title="bbox 235 4973 3526 5050">
     <span class='ocr_line' id='line_1_80' title="bbox 235 4973 3526 5050; baseline -0.002 -13"><span class='ocrx_word' id='word_1_687' title='bbox 235 4973 415 5037; x_wconf 51' lang='lat' dir='ltr'><strong>mi&#39;vit</strong></span> <span class='ocrx_word' id='word_1_688' title='bbox 446 4981 700 5038; x_wconf 84' lang='lat' dir='ltr'><strong>editionis</strong></span> <span class='ocrx_word' id='word_1_689' title='bbox 739 4983 1085 5040; x_wconf 87' lang='lat' dir='ltr'><strong>Coloniensis</strong></span> <span class='ocrx_word' id='word_1_690' title='bbox 1129 4985 1258 5039; x_wconf 92' lang='lat' dir='ltr'><strong>anni</strong></span> <span class='ocrx_word' id='word_1_691' title='bbox 1308 4973 1486 5050; x_wconf 59' lang='grc' dir='ltr'><strong>ῒϐιὲ)</strong></span> <span class='ocrx_word' id='word_1_692' title='bbox 1515 4973 1639 5039; x_wconf 64' lang='lat' dir='ltr'><strong>Eum</strong></span> <span class='ocrx_word' id='word_1_693' title='bbox 1684 4984 1833 5039; x_wconf 88' lang='lat' dir='ltr'><strong>inve-</strong></span> <span class='ocrx_word' id='word_1_694' title='bbox 1861 4973 1897 4978; x_wconf 60' lang='grc'>⁷</span> <span class='ocrx_word' id='word_1_695' title='bbox 1937 4973 2072 5036; x_wconf 80' lang='lat' dir='ltr'><strong>huic</strong></span> <span class='ocrx_word' id='word_1_696' title='bbox 2093 4978 2306 5034; x_wconf 86' lang='lat' dir='ltr'><strong>lectioni</strong></span> <span class='ocrx_word' id='word_1_697' title='bbox 2335 4991 2453 5030; x_wconf 89' lang='lat' dir='ltr'><strong>sese</strong></span> <span class='ocrx_word' id='word_1_698' title='bbox 2484 4977 2643 5030; x_wconf 87' lang='lat' dir='ltr'><strong>etiam</strong></span> <span class='ocrx_word' id='word_1_699' title='bbox 2678 4973 3054 5050; x_wconf 76' lang='lat' dir='ltr'><strong>aecommodat</strong></span> <span class='ocrx_word' id='word_1_700' title='bbox 3072 4973 3238 5042; x_wconf 88' lang='lat' dir='ltr'><strong>Beda,</strong></span> <span class='ocrx_word' id='word_1_701' title='bbox 3284 4976 3329 5031; x_wconf 89' lang='lat' dir='ltr'><strong>si</strong></span> <span class='ocrx_word' id='word_1_702' title='bbox 3367 4975 3413 5050; x_wconf 84' lang='lat' dir='ltr'><strong>is</strong></span> <span class='ocrx_word' id='word_1_703' title='bbox 3440 4983 3526 5031; x_wconf 89' lang='lat' dir='ltr'><strong>est</strong></span> 
     </span>
    </p>
   </div>
   <div class='ocr_carea' id='block_1_81' title="bbox 237 5045 3524 5130">
    <p class='ocr_par' dir='ltr' id='par_1_81' title="bbox 237 5045 3524 5130">
     <span class='ocr_line' id='line_1_81' title="bbox 237 5045 3524 5130; baseline -0.003 -20"><span class='ocrx_word' id='word_1_704' title='bbox 237 5055 384 5130; x_wconf 86' lang='lat' dir='ltr'><strong>ni_es_.</strong></span> <span class='ocrx_word' id='word_1_705' title='bbox 416 5054 488 5108; x_wconf 76' lang='lat' dir='ltr'><strong>At</strong></span> <span class='ocrx_word' id='word_1_706' title='bbox 510 5053 786 5130; x_wconf 68' lang='lat' dir='ltr'><strong>dubitatur</strong></span> <span class='ocrx_word' id='word_1_707' title='bbox 812 5069 843 5109; x_wconf 87' lang='lat' dir='ltr'><strong>a</strong></span> <span class='ocrx_word' id='word_1_708' title='bbox 873 5057 1078 5130; x_wconf 72' lang='lat' dir='ltr'><strong>multis,</strong></span> <span class='ocrx_word' id='word_1_709' title='bbox 1111 5071 1237 5110; x_wconf 89' lang='lat' dir='ltr'><strong>num</strong></span> <span class='ocrx_word' id='word_1_710' title='bbox 1268 5045 1478 5130; x_wconf 51' lang='lat' dir='ltr'><strong>omnei,</strong></span> <span class='ocrx_word' id='word_1_711' title='bbox 1507 5056 1599 5130; x_wconf 83' lang='lat' dir='ltr'><strong>qui</strong></span> <span class='ocrx_word' id='word_1_712' title='bbox 1631 5056 1683 5110; x_wconf 91' lang='lat' dir='ltr'><strong>in</strong></span> <span class='ocrx_word' id='word_1_713' title='bbox 1734 5057 1833 5110; x_wconf 89' lang='lat' dir='ltr'><strong>hac</strong></span> <span class='ocrx_word' id='word_1_714' title='bbox 1938 5052 2055 5130; x_wconf 72' lang='lat' dir='ltr'><strong>eius</strong></span> <span class='ocrx_word' id='word_1_715' title='bbox 2078 5050 2355 5130; x_wconf 52' lang='lat' dir='ltr'><strong>servirem:</strong></span> <span class='ocrx_word' id='word_1_716' title='bbox 2361 5053 2571 5130; x_wconf 73' lang='lat' dir='ltr'><strong>auctor,</strong></span> <span class='ocrx_word' id='word_1_717' title='bbox 2595 5059 2766 5130; x_wconf 69' lang='lat' dir='ltr'><strong>quem</strong></span> <span class='ocrx_word' id='word_1_718' title='bbox 2785 5045 3023 5102; x_wconf 84' lang='lat' dir='ltr'><strong>secundo</strong></span> <span class='ocrx_word' id='word_1_719' title='bbox 3043 5046 3160 5101; x_wconf 84' lang='lat' dir='ltr'><strong>loco</strong></span> <span class='ocrx_word' id='word_1_720' title='bbox 3181 5048 3524 5130; x_wconf 63' lang='lat' dir='ltr'><strong>apponimns.</strong></span> 
     </span>
    </p>
   </div>
   <div class='ocr_carea' id='block_1_82' title="bbox 236 5116 3526 5201">
    <p class='ocr_par' dir='ltr' id='par_1_82' title="bbox 236 5116 3526 5201">
     <span class='ocr_line' id='line_1_82' title="bbox 236 5116 3526 5201; baseline -0.002 -20"><span class='ocrx_word' id='word_1_721' title='bbox 236 5125 481 5201; x_wconf 76' lang='lat' dir='ltr'><strong>editione</strong></span> <span class='ocrx_word' id='word_1_722' title='bbox 513 5125 670 5181; x_wconf 71' lang='lat' dir='ltr'><strong>Beda:</strong></span> <span class='ocrx_word' id='word_1_723' title='bbox 695 5127 1004 5201; x_wconf 88' lang='lat' dir='ltr'><strong>tribuuntur</strong></span> <span class='ocrx_word' id='word_1_724' title='bbox 1031 5116 1344 5201; x_wconf 83' lang='lat' dir='ltr'><strong>Sermones,</strong></span> <span class='ocrx_word' id='word_1_725' title='bbox 1377 5143 1408 5181; x_wconf 87' lang='lat' dir='ltr'><strong>a</strong></span> <span class='ocrx_word' id='word_1_726' title='bbox 1439 5116 1580 5201; x_wconf 74' lang='lat' dir='ltr'><strong>Beda</strong></span> <span class='ocrx_word' id='word_1_727' title='bbox 1603 5141 1831 5201; x_wconf 75' lang='lat' dir='ltr'><strong>cotnpo-</strong></span> <span class='ocrx_word' id='word_1_728' title='bbox 1937 5116 2098 5201; x_wconf 79' lang='lat' dir='ltr'><strong>Aliud</strong></span> <span class='ocrx_word' id='word_1_729' title='bbox 2127 5121 2288 5201; x_wconf 74' lang='lat' dir='ltr'><strong>etimit</strong></span> <span class='ocrx_word' id='word_1_730' title='bbox 2316 5119 2663 5201; x_wconf 72' lang='lat' dir='ltr'><strong>Evangelitnn</strong></span> <span class='ocrx_word' id='word_1_731' title='bbox 2688 5116 3270 5201; x_wconf 50' lang='lat' dir='ltr'><strong>{UlSSQDtll-l-lltlllﬂtlalll</strong></span> <span class='ocrx_word' id='word_1_732' title='bbox 3293 5117 3348 5201; x_wconf 78' lang='lat' dir='ltr'><strong>in</strong></span> <span class='ocrx_word' id='word_1_733' title='bbox 3375 5118 3526 5201; x_wconf 76' lang='lat' dir='ltr'><strong>dedi-</strong></span> 
     </span>
    </p>
   </div>
   <div class='ocr_carea' id='block_1_83' title="bbox 239 5189 3524 5260">
    <p class='ocr_par' dir='ltr' id='par_1_83' title="bbox 239 5189 3524 5260">
     <span class='ocr_line' id='line_1_83' title="bbox 239 5189 3524 5260; baseline -0.002 -8"><span class='ocrx_word' id='word_1_734' title='bbox 239 5198 330 5252; x_wconf 87' lang='lat' dir='ltr'><strong>siti</strong></span> <span class='ocrx_word' id='word_1_735' title='bbox 373 5198 515 5260; x_wconf 85' lang='lat' dir='ltr'><strong>sint;</strong></span> <span class='ocrx_word' id='word_1_736' title='bbox 549 5213 736 5253; x_wconf 86' lang='lat' dir='ltr'><strong>eorum</strong></span> <span class='ocrx_word' id='word_1_737' title='bbox 780 5200 926 5253; x_wconf 90' lang='lat' dir='ltr'><strong>enim</strong></span> <span class='ocrx_word' id='word_1_738' title='bbox 955 5199 1201 5254; x_wconf 89' lang='lat' dir='ltr'><strong>nonnulli</strong></span> <span class='ocrx_word' id='word_1_739' title='bbox 1244 5189 1407 5254; x_wconf 81' lang='lat' dir='ltr'><strong>alium</strong></span> <span class='ocrx_word' id='word_1_740' title='bbox 1443 5199 1692 5254; x_wconf 85' lang='lat' dir='ltr'><strong>videntur</strong></span> <span class='ocrx_word' id='word_1_741' title='bbox 1734 5189 1836 5252; x_wconf 86' lang='lat' dir='ltr'><strong>ha-</strong></span> <span class='ocrx_word' id='word_1_742' title='bbox 1939 5195 2151 5251; x_wconf 90' lang='lat' dir='ltr'><strong>catione</strong></span> <span class='ocrx_word' id='word_1_743' title='bbox 2195 5193 2410 5257; x_wconf 90' lang='lat' dir='ltr'><strong>lectum,</strong></span> <span class='ocrx_word' id='word_1_744' title='bbox 2463 5189 2657 5260; x_wconf 54' lang='lat' dir='ltr'><strong>[ndicat</strong></span> <span class='ocrx_word' id='word_1_745' title='bbox 2687 5189 2829 5244; x_wconf 83' lang='lat' dir='ltr'><strong>Beda</strong></span> <span class='ocrx_word' id='word_1_746' title='bbox 2861 5191 2913 5244; x_wconf 91' lang='lat' dir='ltr'><strong>in</strong></span> <span class='ocrx_word' id='word_1_747' title='bbox 2966 5189 3192 5244; x_wconf 86' lang='lat' dir='ltr'><strong>llomilia</strong></span> <span class='ocrx_word' id='word_1_748' title='bbox 3223 5189 3524 5260; x_wconf 83' lang='lat' dir='ltr'><strong>indedica—</strong></span> 
     </span>
    </p>
   </div>
   <div class='ocr_carea' id='block_1_84' title="bbox 237 5255 3525 5333">
    <p class='ocr_par' dir='ltr' id='par_1_84' title="bbox 237 5255 3525 5333">
     <span class='ocr_line' id='line_1_84' title="bbox 237 5255 3525 5333; baseline -0.003 -9"><span class='ocrx_word' id='word_1_749' title='bbox 237 5265 425 5324; x_wconf 74' lang='lat' dir='ltr'><strong>huisse</strong></span> <span class='ocrx_word' id='word_1_750' title='bbox 453 5255 749 5325; x_wconf 77' lang='lat' dir='ltr'><strong>auctorem.</strong></span> <span class='ocrx_word' id='word_1_751' title='bbox 1941 5267 2088 5322; x_wconf 68' lang='lat' dir='ltr'><strong>tiene</strong></span> <span class='ocrx_word' id='word_1_752' title='bbox 2134 5255 2412 5319; x_wconf 70' lang='lat' dir='ltr'><strong>Ecclesia.</strong></span> <span class='ocrx_word' id='word_1_753' title='bbox 2457 5255 2524 5314; x_wconf 83' lang='lat' dir='ltr'><strong>In</strong></span> <span class='ocrx_word' id='word_1_754' title='bbox 2549 5263 2638 5315; x_wconf 87' lang='lat' dir='ltr'><strong>illo</strong></span> <span class='ocrx_word' id='word_1_755' title='bbox 2669 5269 2895 5332; x_wconf 81' lang='lat' dir='ltr'><strong>tempore</strong></span> <span class='ocrx_word' id='word_1_756' title='bbox 2943 5264 3083 5333; x_wconf 78' lang='lat' dir='ltr'><strong>facta</strong></span> <span class='ocrx_word' id='word_1_757' title='bbox 3125 5269 3244 5314; x_wconf 82' lang='lat' dir='ltr'><strong>suat</strong></span> <span class='ocrx_word' id='word_1_758' title='bbox 3277 5257 3525 5316; x_wconf 76' lang='lat' dir='ltr'><strong>Eucamia</strong></span> 
     </span>
    </p>
   </div>
   <div class='ocr_carea' id='block_1_85' title="bbox 315 5333 3522 5417">
    <p class='ocr_par' dir='ltr' id='par_1_85' title="bbox 315 5333 3522 5417">
     <span class='ocr_line' id='line_1_85' title="bbox 315 5333 3522 5417; baseline -0.002 -23"><span class='ocrx_word' id='word_1_759' title='bbox 315 5339 610 5417; x_wconf 49' lang='lat' dir='ltr'><strong>(ululis,</strong></span> <span class='ocrx_word' id='word_1_760' title='bbox 641 5357 777 5411; x_wconf 81' lang='lat' dir='ltr'><strong>quos</strong></span> <span class='ocrx_word' id='word_1_761' title='bbox 805 5341 1074 5417; x_wconf 60' lang='lat' dir='ltr'><strong>consului,</strong></span> <span class='ocrx_word' id='word_1_762' title='bbox 1106 5344 1341 5417; x_wconf 72' lang='lat' dir='ltr'><strong>vetustis</strong></span> <span class='ocrx_word' id='word_1_763' title='bbox 1361 5341 1513 5396; x_wconf 86' lang='lat' dir='ltr'><strong>libris</strong></span> <span class='ocrx_word' id='word_1_764' title='bbox 1540 5342 1650 5417; x_wconf 81' lang='lat' dir='ltr'><strong>jam</strong></span> <span class='ocrx_word' id='word_1_765' title='bbox 1678 5341 1833 5417; x_wconf 84' lang='lat' dir='ltr'><strong>cvul-</strong></span> <span class='ocrx_word' id='word_1_766' title='bbox 1935 5343 1998 5417; x_wconf 53' lang='lat' dir='ltr'><strong>in</strong></span> <span class='ocrx_word' id='word_1_767' title='bbox 2023 5334 2374 5417; x_wconf 54' lang='lat' dir='ltr'><strong>Hierusalem.</strong></span> <span class='ocrx_word' id='word_1_768' title='bbox 2399 5343 2445 5388; x_wconf 79' lang='lat' dir='ltr'><strong>et</strong></span> <span class='ocrx_word' id='word_1_769' title='bbox 2477 5335 2652 5415; x_wconf 66' lang='lat' dir='ltr'><strong>hyeme</strong></span> <span class='ocrx_word' id='word_1_770' title='bbox 2681 5344 2808 5399; x_wconf 78' lang='lat' dir='ltr'><strong>erat,</strong></span> <span class='ocrx_word' id='word_1_771' title='bbox 2833 5341 2966 5398; x_wconf 83' lang='lat' dir='ltr'><strong>etc.,</strong></span> <span class='ocrx_word' id='word_1_772' title='bbox 2996 5342 3113 5403; x_wconf 80' lang='lat' dir='ltr'><strong>pag.</strong></span> <span class='ocrx_word' id='word_1_773' title='bbox 3271 5333 3423 5417; x_wconf 78' lang='lat' dir='ltr'><strong>Tomi</strong></span> <span class='ocrx_word' id='word_1_774' title='bbox 3447 5347 3522 5415; x_wconf 72' lang='lat' dir='ltr'><strong>vlt</strong></span> 
     </span>
    </p>
   </div>
   <div class='ocr_carea' id='block_1_86' title="bbox 236 5407 3526 5487">
    <p class='ocr_par' dir='ltr' id='par_1_86' title="bbox 236 5407 3526 5487">
     <span class='ocr_line' id='line_1_86' title="bbox 236 5407 3526 5487; baseline -0.003 -19"><span class='ocrx_word' id='word_1_775' title='bbox 236 5407 387 5487; x_wconf 59' lang='lat' dir='ltr'><strong>gat&#39;is&#39;</strong></span> <span class='ocrx_word' id='word_1_776' title='bbox 402 5407 858 5487; x_wconf 27' lang='lat' dir='ltr'><strong>lVi‘dcpaginam</strong></span> <span class='ocrx_word' id='word_1_777' title='bbox 891 5413 1177 5487; x_wconf 39' lang='grc' dir='ltr'><strong>τιὸ-ἰ’υωί</strong></span> <span class='ocrx_word' id='word_1_778' title='bbox 1218 5429 1274 5487; x_wconf 72' lang='grc' dir='ltr'><strong>ιιΔ</strong></span> <span class='ocrx_word' id='word_1_779' title='bbox 1297 5407 1554 5469; x_wconf 58' lang='grc' dir='ltr'><strong>Μητῑθηά</strong></span> <span class='ocrx_word' id='word_1_780' title='bbox 1581 5411 1645 5487; x_wconf 76' lang='lat' dir='ltr'><strong>de</strong></span> <span class='ocrx_word' id='word_1_781' title='bbox 1691 5413 1825 5467; x_wconf 82' lang='lat' dir='ltr'><strong>anti-</strong></span> <span class='ocrx_word' id='word_1_782' title='bbox 1928 5409 2165 5487; x_wconf 74' lang='lat' dir='ltr'><strong>Qperum</strong></span> <span class='ocrx_word' id='word_1_783' title='bbox 2200 5407 2358 5487; x_wconf 56' lang='lat' dir='ltr'><strong>[ledae</strong></span> <span class='ocrx_word' id='word_1_784' title='bbox 2391 5417 2535 5487; x_wconf 78' lang='lat' dir='ltr'><strong>:qua</strong></span> <span class='ocrx_word' id='word_1_785' title='bbox 2568 5409 2619 5459; x_wconf 88' lang='lat' dir='ltr'><strong>in</strong></span> <span class='ocrx_word' id='word_1_786' title='bbox 2649 5420 2708 5487; x_wconf 46' lang='lat' dir='ltr'><strong>r‘e</strong></span> <span class='ocrx_word' id='word_1_787' title='bbox 2732 5419 2960 5487; x_wconf 64' lang='lat' dir='ltr'><strong>prorsus</strong></span> <span class='ocrx_word' id='word_1_788' title='bbox 2989 5407 3235 5487; x_wconf 67' lang='lat' dir='ltr'><strong>congruit</strong></span> <span class='ocrx_word' id='word_1_789' title='bbox 3261 5407 3526 5487; x_wconf 65' lang='lat' dir='ltr'><strong>antiquis-</strong></span> 
     </span>
    </p>
   </div>
   <div class='ocr_carea' id='block_1_87' title="bbox 239 5473 3524 5558">
    <p class='ocr_par' dir='ltr' id='par_1_87' title="bbox 239 5473 3524 5558">
     <span class='ocr_line' id='line_1_87' title="bbox 239 5473 3524 5558; baseline -0.001 -20"><span class='ocrx_word' id='word_1_790' title='bbox 239 5473 358 5558; x_wconf 59' lang='lat' dir='ltr'><strong>quis</strong></span> <span class='ocrx_word' id='word_1_791' title='bbox 396 5473 640 5558; x_wconf 59' lang='lat' dir='ltr'><strong>Ecclesiie</strong></span> <span class='ocrx_word' id='word_1_792' title='bbox 680 5473 907 5547; x_wconf 65' lang='lat' dir='ltr'><strong>ltitibus.</strong></span> <span class='ocrx_word' id='word_1_793' title='bbox 954 5485 1207 5558; x_wconf 80' lang='lat' dir='ltr'><strong>editionis</strong></span> <span class='ocrx_word' id='word_1_794' title='bbox 1249 5484 1680 5558; x_wconf 84' lang='lat' dir='ltr'><strong>Antuerpiensis,</strong></span> <span class='ocrx_word' id='word_1_795' title='bbox 1729 5499 1824 5540; x_wconf 90' lang='lat' dir='ltr'><strong>seu</strong></span> <span class='ocrx_word' id='word_1_796' title='bbox 1935 5473 2160 5558; x_wconf 72' lang='lat' dir='ltr'><strong>_siinum_</strong></span> <span class='ocrx_word' id='word_1_797' title='bbox 2195 5473 2992 5558; x_wconf 41' lang='lat' dir='ltr'><strong>{tectionorio’imnGallicanum_</strong></span> <span class='ocrx_word' id='word_1_798' title='bbox 3008 5475 3332 5558; x_wconf 45' lang='lat' dir='ltr'><strong>Ablabiuonii.</strong></span> <span class='ocrx_word' id='word_1_799' title='bbox 3391 5473 3524 5534; x_wconf 81' lang='lat' dir='ltr'><strong>Vide</strong></span> 
     </span>
    </p>
   </div>
   <div class='ocr_carea' id='block_1_88' title="bbox 240 5545 3258 5632">
    <p class='ocr_par' dir='ltr' id='par_1_88' title="bbox 240 5545 3258 5632">
     <span class='ocr_line' id='line_1_88' title="bbox 240 5545 3258 5632; baseline -0.003 -21"><span class='ocrx_word' id='word_1_800' title='bbox 240 5545 841 5632; x_wconf 71' lang='lat' dir='ltr'><strong>potinsMediolanensis&#39;</strong></span> <span class='ocrx_word' id='word_1_801' title='bbox 871 5545 993 5612; x_wconf 81' lang='lat' dir='ltr'><strong>anni</strong></span> <span class='ocrx_word' id='word_1_802' title='bbox 1024 5553 1222 5632; x_wconf 64' lang='lat'><strong>1756);</strong></span> <span class='ocrx_word' id='word_1_803' title='bbox 1258 5557 1311 5612; x_wconf 91' lang='lat' dir='ltr'><strong>in</strong></span> <span class='ocrx_word' id='word_1_804' title='bbox 1343 5559 1404 5612; x_wconf 82' lang='lat' dir='ltr'><strong>Iis</strong></span> <span class='ocrx_word' id='word_1_805' title='bbox 1431 5545 1678 5632; x_wconf 48' lang='lat' dir='ltr'><strong>quoque,</strong></span> <span class='ocrx_word' id='word_1_806' title='bbox 1693 5571 1828 5626; x_wconf 90' lang='lat' dir='ltr'><strong>quos</strong></span> <span class='ocrx_word' id='word_1_807' title='bbox 1935 5553 2031 5632; x_wconf 59' lang='lat' dir='ltr'><strong>lib.</strong></span> <span class='ocrx_word' id='word_1_808' title='bbox 2064 5568 2102 5632; x_wconf 69' lang='lat' dir='ltr'><strong>tt</strong></span> <span class='ocrx_word' id='word_1_809' title='bbox 2128 5551 2196 5632; x_wconf 77' lang='lat' dir='ltr'><strong>de</strong></span> <span class='ocrx_word' id='word_1_810' title='bbox 2223 5552 2456 5632; x_wconf 81' lang='lat' dir='ltr'><strong>Liturgia</strong></span> <span class='ocrx_word' id='word_1_811' title='bbox 2487 5548 2933 5632; x_wconf 61' lang='lat' dir='ltr'><strong>Gallicana,_pag.</strong></span> <span class='ocrx_word' id='word_1_812' title='bbox 2970 5545 3095 5632; x_wconf 55' lang='grc' dir='ltr'><strong>168Ἰ</strong></span> <span class='ocrx_word' id='word_1_813' title='bbox 3245 5620 3258 5631; x_wconf 35' lang='grc'>⁸</span> 
     </span>
    </p>
   </div>
   <div class='ocr_carea' id='block_1_89' title="bbox 240 5619 3524 5702">
    <p class='ocr_par' dir='ltr' id='par_1_89' title="bbox 240 5619 3524 5702">
     <span class='ocr_line' id='line_1_89' title="bbox 240 5619 3524 5702; baseline 0.002 -20"><span class='ocrx_word' id='word_1_814' title='bbox 240 5619 390 5702; x_wconf 51' lang='lat' dir='ltr'><strong>apud</strong></span> <span class='ocrx_word' id='word_1_815' title='bbox 431 5641 528 5702; x_wconf 81' lang='lat' dir='ltr'><strong>nos</strong></span> <span class='ocrx_word' id='word_1_816' title='bbox 572 5634 872 5693; x_wconf 47' lang='lat' dir='ltr'><strong>servznm‘is,</strong></span> <span class='ocrx_word' id='word_1_817' title='bbox 919 5619 1185 5702; x_wconf 71' lang='lat' dir='ltr'><strong>sreculixi</strong></span> <span class='ocrx_word' id='word_1_818' title='bbox 1211 5619 1280 5684; x_wconf 81' lang='lat' dir='ltr'><strong>et</strong></span> <span class='ocrx_word' id='word_1_819' title='bbox 1322 5637 1398 5684; x_wconf 65' lang='grc' dir='ltr'><strong>χιι</strong></span> <span class='ocrx_word' id='word_1_820' title='bbox 1436 5619 1724 5702; x_wconf 62' lang='lat' dir='ltr'><strong>codicibus</strong></span> <span class='ocrx_word' id='word_1_821' title='bbox 1765 5640 1826 5682; x_wconf 86' lang='lat' dir='ltr'><strong>ea</strong></span> <span class='ocrx_word' id='word_1_822' title='bbox 2011 5623 2084 5694; x_wconf 85' lang='lat' dir='ltr'><strong>(c)</strong></span> <span class='ocrx_word' id='word_1_823' title='bbox 2128 5623 2188 5702; x_wconf 70' lang='lat' dir='ltr'><strong>In</strong></span> <span class='ocrx_word' id='word_1_824' title='bbox 2213 5619 2463 5702; x_wconf 76' lang='lat' dir='ltr'><strong>sermone</strong></span> <span class='ocrx_word' id='word_1_825' title='bbox 2484 5622 2594 5702; x_wconf 79' lang='lat' dir='ltr'><strong>jam</strong></span> <span class='ocrx_word' id='word_1_826' title='bbox 2627 5619 2771 5702; x_wconf 64' lang='lat' dir='ltr'><strong>edito</strong></span> <span class='ocrx_word' id='word_1_827' title='bbox 2795 5621 2907 5701; x_wconf 63' lang='grc' dir='ltr'><strong>1ιὶᾨο</strong></span> <span class='ocrx_word' id='word_1_828' title='bbox 2939 5631 3047 5702; x_wconf 61' lang='grc' dir='ltr'><strong>Ιπξὲ</strong></span> <span class='ocrx_word' id='word_1_829' title='bbox 3077 5620 3289 5702; x_wconf 50' lang='lat' dir='ltr'><strong>caeteris</strong></span> <span class='ocrx_word' id='word_1_830' title='bbox 3315 5619 3524 5702; x_wconf 62' lang='lat' dir='ltr'><strong>habet!‘</strong></span> 
     </span>
    </p>
   </div>
   <div class='ocr_carea' id='block_1_90' title="bbox 242 5689 3526 5778">
    <p class='ocr_par' dir='ltr' id='par_1_90' title="bbox 242 5689 3526 5778">
     <span class='ocr_line' id='line_1_90' title="bbox 242 5689 3526 5778; baseline -0.007 -24"><span class='ocrx_word' id='word_1_831' title='bbox 242 5689 526 5778; x_wconf 56' lang='lat' dir='ltr'><strong>Evangelii</strong></span> <span class='ocrx_word' id='word_1_832' title='bbox 559 5702 762 5778; x_wconf 61' lang='lat' dir='ltr'><strong>portio,-</strong></span> <span class='ocrx_word' id='word_1_833' title='bbox 791 5689 912 5778; x_wconf 58' lang='lat' dir='ltr'><strong>qule</strong></span> <span class='ocrx_word' id='word_1_834' title='bbox 944 5700 1360 5778; x_wconf 77' lang='lat' dir='ltr'><strong>in_dedicatione</strong></span> <span class='ocrx_word' id='word_1_835' title='bbox 1402 5701 1659 5778; x_wconf 65' lang='lat' dir='ltr'><strong>Ecclesiae</strong></span> <span class='ocrx_word' id='word_1_836' title='bbox 1687 5700 1832 5770; x_wconf 87' lang='lat' dir='ltr'><strong>lege-</strong></span> <span class='ocrx_word' id='word_1_837' title='bbox 1939 5689 2029 5752; x_wconf 77' lang='lat' dir='ltr'><strong>tur</strong></span> <span class='ocrx_word' id='word_1_838' title='bbox 2055 5689 2076 5750; x_wconf 74' lang='grc' dir='ltr'><strong>ε’</strong></span> <span class='ocrx_word' id='word_1_839' title='bbox 2100 5712 2122 5748; x_wconf 86' lang='grc'><strong>‹</strong></span> <span class='ocrx_word' id='word_1_840' title='bbox 2150 5695 2432 5778; x_wconf 54' lang='grc' dir='ltr'><strong>(ξριιῃῐιηῲ</strong></span> <span class='ocrx_word' id='word_1_841' title='bbox 2455 5689 2600 5775; x_wconf 76' lang='lat' dir='ltr'><strong>stant</strong></span> <span class='ocrx_word' id='word_1_842' title='bbox 2625 5699 2750 5778; x_wconf 77' lang='lat' dir='ltr'><strong>ante</strong></span> <span class='ocrx_word' id='word_1_843' title='bbox 2777 5694 2974 5778; x_wconf 75' lang='lat' dir='ltr'><strong>ostium</strong></span> <span class='ocrx_word' id='word_1_844' title='bbox 3002 5689 3244 5778; x_wconf 58' lang='lat' dir='ltr'><strong>Tgmpli;</strong></span> <span class='ocrx_word' id='word_1_845' title='bbox 3272 5706 3412 5778; x_wconf 36' lang='lat' dir='ltr'><strong>quia.</strong></span> <span class='ocrx_word' id='word_1_846' title='bbox 3430 5691 3526 5746; x_wconf 89' lang='lat' dir='ltr'><strong>ad-</strong></span> 
     </span>
    </p>
   </div>
   <div class='ocr_carea' id='block_1_91' title="bbox 241 5763 3524 5848">
    <p class='ocr_par' dir='ltr' id='par_1_91' title="bbox 241 5763 3524 5848">
     <span class='ocr_line' id='line_1_91' title="bbox 241 5763 3524 5848; baseline -0.002 -23"><span class='ocrx_word' id='word_1_847' title='bbox 241 5763 432 5848; x_wconf 55' lang='lat' dir='ltr'><strong>batur:</strong></span> <span class='ocrx_word' id='word_1_848' title='bbox 463 5779 519 5848; x_wconf 90' lang='lat' dir='ltr'><strong>e_t</strong></span> <span class='ocrx_word' id='word_1_849' title='bbox 544 5763 717 5828; x_wconf 66' lang='lat' dir='ltr'><strong>adhuc</strong></span> <span class='ocrx_word' id='word_1_850' title='bbox 745 5763 960 5848; x_wconf 66' lang='lat' dir='ltr'><strong>legitur,</strong></span> <span class='ocrx_word' id='word_1_851' title='bbox 991 5771 1287 5848; x_wconf 78' lang='lat' dir='ltr'><strong>desumpta</strong></span> <span class='ocrx_word' id='word_1_852' title='bbox 1301 5780 1489 5848; x_wconf 79' lang='lat' dir='ltr'><strong>est_ex_</strong></span> <span class='ocrx_word' id='word_1_853' title='bbox 1511 5772 1700 5848; x_wconf 56' lang='lat' dir='ltr'><strong>Capite</strong></span> <span class='ocrx_word' id='word_1_854' title='bbox 1737 5763 1833 5848; x_wconf 56' lang='lat' dir='ltr'><strong>ittx</strong></span> <span class='ocrx_word' id='word_1_855' title='bbox 1941 5777 2160 5824; x_wconf 86' lang='lat' dir='ltr'><strong>ventum</strong></span> <span class='ocrx_word' id='word_1_856' title='bbox 2177 5764 2856 5848; x_wconf 31' lang='lat' dir='ltr'><strong>Redcm.ptorisnostri,qu‘i</strong></span> <span class='ocrx_word' id='word_1_857' title='bbox 2890 5763 3000 5848; x_wconf 46' lang='lat' dir='ltr'><strong>ait}</strong></span> <span class='ocrx_word' id='word_1_858' title='bbox 3037 5763 3146 5834; x_wconf 86' lang='lat' dir='ltr'><strong>Ego</strong></span> <span class='ocrx_word' id='word_1_859' title='bbox 3175 5779 3290 5818; x_wconf 76' lang='lat' dir='ltr'><strong>sum</strong></span> <span class='ocrx_word' id='word_1_860' title='bbox 3316 5765 3524 5848; x_wconf 73' lang='lat' dir='ltr'><strong>ostium,</strong></span> 
     </span>
    </p>
   </div>
   <div class='ocr_carea' id='block_1_92' title="bbox 241 5832 3531 5918">
    <p class='ocr_par' dir='ltr' id='par_1_92' title="bbox 241 5832 3531 5918">
     <span class='ocr_line' id='line_1_92' title="bbox 241 5832 3531 5918; baseline -0.002 -22"><span class='ocrx_word' id='word_1_861' title='bbox 241 5832 446 5918; x_wconf 44' lang='lat' dir='ltr'><strong>Docte:</strong></span> <span class='ocrx_word' id='word_1_862' title='bbox 480 5841 750 5918; x_wconf 60' lang='lat' dir='ltr'><strong>ingressus</strong></span> <span class='ocrx_word' id='word_1_863' title='bbox 777 5832 1353 5918; x_wconf 39' lang='lat' dir='ltr'><strong>festis-perambulabat</strong></span> <span class='ocrx_word' id='word_1_864' title='bbox 1373 5832 1608 5918; x_wconf 57' lang='lat' dir='ltr'><strong>Iericho:</strong></span> <span class='ocrx_word' id='word_1_865' title='bbox 1645 5841 1835 5918; x_wconf 72' lang='lat' dir='ltr'><strong>Sedit)</strong></span> <span class='ocrx_word' id='word_1_866' title='bbox 1942 5856 2034 5918; x_wconf 66' lang='lat' dir='ltr'><strong>per</strong></span> <span class='ocrx_word' id='word_1_867' title='bbox 2076 5853 2158 5894; x_wconf 83' lang='lat' dir='ltr'><strong>me</strong></span> <span class='ocrx_word' id='word_1_868' title='bbox 2203 5839 2247 5893; x_wconf 73' lang='lat' dir='ltr'><strong>si</strong></span> <span class='ocrx_word' id='word_1_869' title='bbox 2295 5832 2425 5918; x_wconf 49' lang='lat' dir='ltr'><strong>quia</strong></span> <span class='ocrx_word' id='word_1_870' title='bbox 2456 5836 2730 5918; x_wconf 59' lang='lat' dir='ltr'><strong>introierit,</strong></span> <span class='ocrx_word' id='word_1_871' title='bbox 2762 5832 3098 5918; x_wconf 42' lang='lat' dir='ltr'><strong>minacium:</strong></span> <span class='ocrx_word' id='word_1_872' title='bbox 3131 5845 3531 5918; x_wconf 53' lang='lat' dir='ltr'><strong>praeceperunt</strong></span> 
     </span>
    </p>
   </div>
   <div class='ocr_carea' id='block_1_93' title="bbox 242 5903 3536 5989">
    <p class='ocr_par' dir='ltr' id='par_1_93' title="bbox 242 5903 3536 5989">
     <span class='ocr_line' id='line_1_93' title="bbox 242 5903 3536 5989; baseline -0.001 -19"><span class='ocrx_word' id='word_1_873' title='bbox 242 5913 436 5971; x_wconf 81' lang='lat' dir='ltr'><strong>Galliis</strong></span> <span class='ocrx_word' id='word_1_874' title='bbox 461 5903 673 5973; x_wconf 52' lang='lat' dir='ltr'><strong>vid‘étur</strong></span> <span class='ocrx_word' id='word_1_875' title='bbox 704 5932 799 5988; x_wconf 84' lang='lat' dir='ltr'><strong>per</strong></span> <span class='ocrx_word' id='word_1_876' title='bbox 819 5931 883 5974; x_wconf 88' lang='lat' dir='ltr'><strong>ea</strong></span> <span class='ocrx_word' id='word_1_877' title='bbox 914 5903 1155 5989; x_wconf 75' lang='lat' dir='ltr'><strong>teinpora</strong></span> <span class='ocrx_word' id='word_1_878' title='bbox 1184 5915 1350 5974; x_wconf 81' lang='lat' dir='ltr'><strong>fuisse</strong></span> <span class='ocrx_word' id='word_1_879' title='bbox 1372 5916 1511 5974; x_wconf 87' lang='lat' dir='ltr'><strong>lecta</strong></span> <span class='ocrx_word' id='word_1_880' title='bbox 1542 5916 1720 5988; x_wconf 81' lang='lat' dir='ltr'><strong>portio</strong></span> <span class='ocrx_word' id='word_1_881' title='bbox 1739 5913 1835 5970; x_wconf 84' lang='lat' dir='ltr'><strong>de—</strong></span> <span class='ocrx_word' id='word_1_882' title='bbox 1943 5903 2196 5970; x_wconf 77' lang='lat' dir='ltr'><strong>doctores</strong></span> <span class='ocrx_word' id='word_1_883' title='bbox 2229 5903 2452 5980; x_wconf 77' lang='lat' dir='ltr'><strong>egregii,</strong></span> <span class='ocrx_word' id='word_1_884' title='bbox 2483 5908 2552 5964; x_wconf 90' lang='lat' dir='ltr'><strong>de</strong></span> <span class='ocrx_word' id='word_1_885' title='bbox 2580 5907 2774 5979; x_wconf 88' lang='lat' dir='ltr'><strong>quibus</strong></span> <span class='ocrx_word' id='word_1_886' title='bbox 2791 5905 2920 5964; x_wconf 88' lang='lat' dir='ltr'><strong>dicit</strong></span> <span class='ocrx_word' id='word_1_887' title='bbox 2934 5903 3536 5977; x_wconf 70' lang='lat' dir='ltr'><strong>Apostoluazlaeobos,</strong></span> 
     </span>
    </p>
   </div>
  </div>
