4066 6424
232 306 332 364 881

1241 304 1474 363 SERMO
1506 306 1595 365 DE
1631 305 2096 367 DEDICATIONE
2137 309 2518 370 ECCLESUE.

3433 321 3542 379 88⁵2Ι

231 443 336 500 gna
367 441 581 499 quoque
611 435 765 484 craiit
795 425 1161 497 iinputrihilia,
1195 442 1226 482 e
1251 427 1444 498 quibus
1475 434 1529 483 et
1551 425 1828 483 Taberna-
1851 429 1907 490 Α
1931 442 2028 499 per
2053 429 2371 487 charitatem
2403 441 2715 503 operantur,
2756 433 2995 491 caelestis
3025 433 3149 490 vitae
3194 438 3413 506 praemia
3443 454 3538 496 ex-

231 519 418 576 culiim
448 535 610 576 omne
640 519 859 588 factum,
890 532 941 575 et
969 519 1250 590 Templum
1297 521 1439 576 intus
1468 529 1737 587 ornatum,
1769 533 1832 576 ac

231 612 468 683 desuper
498 623 698 669 tectum
743 613 996 685 fulgebat.
1033 613 1234 668 Aurum
1279 616 1441 669 etiam
1483 615 1549 670 de
1577 615 1832 670 thesauro

232 708 381 765 bona
406 709 672 779 optimum
700 709 1072 781 proferebant.
1097 708 1164 764 de
1196 724 1303 777 quo
1337 709 1571 779 parietes
1593 709 1737 763 intus
1780 716 1836 763 et

233 803 371 860 foris
415 804 616 870 vestiti,
666 803 878 872 Templi
931 820 1036 858 non
1081 813 1284 858 tantum
1337 805 1603 872 parietes,
1646 819 1831 858 verum

233 898 398 953 etiam
429 897 722 968 laquearia,
755 899 952 962 trabes,
994 900 1156 963 ostia,
1204 907 1411 966 postes,
1441 910 1492 952 et
1526 900 1832 967 pavimenta

231 1000 395 1047 erant
446 1001 720 1062 cooperta.
776 991 880 1047 Sed
930 1003 982 1047 et
1013 1007 1162 1060 vasa,
1207 992 1290 1047 vel
1342 991 1591 1046 utensilia
1640 991 1836 1047 domus

234 1085 522 1151 utriusque
549 1093 744 1139 cuncta
775 1099 914 1156 pene
943 1100 1161 1150 aurum,
1214 1101 1389 1155 neque
1442 1085 1577 1145 hcce.
1626 1085 1726 1140 nisi
1769 1086 1837 1140 de

232 1193 368 1234 auro
395 1179 703 1249 puri~simo,
730 1178 846 1234 fieri
873 1180 1085 1234 licebat.
1116 1179 1349 1235 Fructus
1373 1181 1532 1234 etiam
1559 1180 1833 1244 arborum,

230 1273 324 1344 qui
373 1273 424 1327 in
463 1272 626 1327 domo
657 1271 864 1327 Domini
896 1271 1284 1335 offerebantur,
1340 1273 1615 1342 purissimi
1647 1279 1702 1327 et
1738 1287 1834 1326 ex-

229 1367 417 1438 quisiti
447 1381 570 1422 esse
605 1365 953 1438 jubebantur.
991 1365 1106 1422 Hoc
1135 1377 1238 1433 εει,
1285 1358 1440 1432 Vitis,
1472 1365 1660 1431 Olivae,
1688 1364 1835 1419 Thu-

228 1459 332 1526 ris,
364 1457 614 1531 Myrrhze,
641 1457 728 1514 vel
756 1457 975 1523 Stactis,
1008 1466 1065 1514 et
1111 1469 1431 1512 caeterarum
1481 1456 1789 1526 huiusmodi
1823 1473 1834 1510 :

229 1567 356 1624 quae
411 1550 666 1608 videlicet
702 1561 896 1608 cuncta
957 1553 1276 1620 spiritaliter
1327 1551 1596 1607 intellecta
1654 1567 1836 1606 veram

228 1657 434 1702 nosme
459 1643 608 1703 Fidei
657 1655 711 1702 et
738 1645 1069 1717 operationis
1095 1646 1460 1700 sinceritatem
1495 1643 1835 1699 denuntiant.

229 1740 439 1796 Domus
464 1755 695 1809 namque
720 1752 971 1812 utraque.
1004 1749 1063 1795 ut
1082 1739 1337 1799 diximus.
1371 1738 1710 1796 Uiiiversalis
1740 1738 1839 1794 Ec-

1931 529 2164 606 pectaut.
2198 522 2266 577 Et
2303 525 2438 578 bene
2470 524 2745 595 longitudo
2777 541 2850 581 ιι
2881 525 3189 582 cubitorum
3221 537 3326 584 est.
3361 530 3539 587 Sena-

1933 609 2016 666 rio
2040 613 2239 668 etenim
2273 631 2499 672 numero
2529 617 2791 672 bonorum
2833 634 3057 687 operum
3103 621 3238 676 Solet
3279 624 3542 692 perleCIio

1932 702 2223 775 designari,
2275 709 2401 776 quia
2428 711 2592 764 etiam
2645 709 2783 764 Deus
2810 725 2902 765 sex
2936 709 3127 766 diebus
3158 712 3347 768 mundi
3377 731 3543 770 ortia-

1936 807 2176 853 mentum
2226 799 2382 865 fecit;
2414 811 2468 856 et
2495 817 2590 858 sex
2620 813 2745 858 sunt
2786 803 2949 871 hujus
2990 806 3173 862 saeculi
3219 817 3408 862 tetates
3434 850 3448 874 ,
3485 810 3539 864 in

1935 893 2130 962 quibus
2174 907 2358 957 saucia
2391 895 2629 950 Ecclesia
2665 912 2762 967 pro
2791 908 2995 952 aeterna
3040 901 3227 970 requie
3272 903 3372 970 piis
3403 896 3559 958 acti-'

1938 984 2037 1039 bus
2069 986 2252 1041 instat.
2289 988 2434 1043 Bene
2467 1005 2540 1044 xx
2573 993 2885 1047 suntciihiti
2929 993 3248 1061 latitudinis,
3282 997 3405 1064 quia
3450 1013 3545 1064 ge-

1938 1080 2142 1132 minum
2177 1087 2261 1134 est
2291 1092 2623 1149 praeceptum
2658 1083 2957 1150 charitatis,
3001 1089 3254 1155 quoniam
3299 1088 3544 1146 Ecclesia

1940 1170 1993 1225 in
2025 1172 2368 1228 tribulatione
2389 1174 2667 1238 dilatatur,
2689 1192 2808 1230 cum
2841 1178 3111 1248 perlectus
3131 1181 3358 1250 quisque
3383 1183 3545 1236 etiam

1938 1265 2275 1320 conditorem
2307 1281 2370 1322 ex
2406 1275 2520 1321 toto
2566 1270 2753 1334 corde,
2789 1279 2898 1323 tota
2932 1273 3136 1339 anima,
3181 1283 3290 1327 tnta
3323 1275 3544 1340 virtute,

1939 1367 1995 1412 et
2021 1358 2321 1427 proximum
2357 1371 2607 1431 tanquam
2631 1377 2690 1416 se
2720 1361 2895 1432 ipsum
2927 1363 3152 1435 diligere
3179 1365 3361 1420 debet.
3402 1367 3549 1424 Bene

1944 1466 2053 1506 xxx
2083 1452 2133 1506 in
2159 1453 2446 1510 altitudine
2476 1464 2603 1510 sunt
2634 1455 2819 1516 cubiti.
2855 1459 2980 1527 quia
3015 1459 3191 1513 omnis
3239 1459 3548 1516 Electomm

1941 1556 2067 1613 spcs
2097 1543 2162 1598 ad
2190 1544 2450 1601 visionem
2498 1559 2701 1602 sancta:
2731 1548 3034 1614 Trinitatis,
3085 1561 3343 1621 quantum
3382 1555 3550 1621 valet,

1942 1649 2003 1691 se
2053 1638 2361 1692 exercendo
2413 1648 2469 1693 et
2537 1639 2875 1709 purificandi)
2921 1653 3193 1712 properat.
3247 1643 3550 1700 Nomadum

1944 1743 2076 1782 sane
2102 1737 2205 1793 est,
2237 1729 2380 1799 quod
2409 1745 2513 1787 xxx
2562 1731 2730 1787 cubiti
2775 1733 3076 1788 altitudinis
3108 1748 3214 1788 non
3266 1750 3438 1806 usque
3482 1735 3551 1792 ad

227 1834 411 1890 clcsia:
471 1834 691 1904 figuram
760 1842 1163 1904 praemonstrat.
1233 1831 1418 1903 Neque
1475 1833 1829 1902 incaugruum
1863 1821 1910 1883 Β
1940 1836 2251 1891 supremum
2286 1823 2469 1893 templi
2499 1822 2794 1895 fastigium,
2839 1825 2935 1883 sed
2967 1840 3137 1898 usque
3177 1827 3246 1882 ad
3277 1828 3571 1900 laquearia,

228 1928 356 1998 quis
392 1927 702 1993 arbitretur,
752 1926 896 1999 quod
946 1928 1066 1982 duae
1117 1935 1245 1982 sunt
1282 1926 1475 1982 domus
1528 1926 1740 1981 Domini
1783 1925 1836 1980 in

226 2023 495 2094 mysterio
538 2022 712 2091 factae,
740 2038 863 2078 cum
895 2039 1056 2078 unam
1088 2021 1290 2078 Christi
1317 2022 1534 2078 domum
1575 2037 1698 2078 esse
1737 2021 1840 2078 Ec-

227 2115 456 2173 clesium
487 2115 664 2171 nullus
689 2116 860 2172 lidelis
883 2118 1142 2187 ambigat.
1168 2117 1296 2172 Date
1324 2117 1525 2173 etenim
1555 2125 1684 2172 sunt
1709 2132 1839 2171 con-

227 2208 364 2266 ditze
391 2209 585 2264 donius
631 2209 701 2265 ob
745 2208 1194 2281 signiﬁcationem
1229 2209 1512 2280 utriusque
1558 2207 1740 2278 populi
1787 2209 1839 2262 iii

229 2303 484 2358 eamdem
514 2300 702 2356 Fidem
734 2301 967 2364 venturi,
997 2300 1170 2356 Judaei
1201 2301 1411 2356 scilicet
1461 2311 1624 2371 atque
1663 2302 1841 2371 genti-

229 2395 327 2452 lis.
363 2393 516 2450 Unde
546 2395 683 2450 benc
707 2390 1138 2449 Taberiiacufum
1165 2394 1281 2449 sola
1314 2395 1465 2463 plebs
1492 2391 1679 2448 Jiidzea
1711 2408 1844 2448 con-

232 2487 377 2545 didit
404 2490 456 2544 in
488 2504 693 2544 eremo.
728 2487 939 2558 Templi
981 2495 1159 2542 autem
1193 2498 1520 2542 structuram
1554 2486 1840 2558 Proselyti,

233 2593 297 2641 et
329 2583 553 2638 advena:
583 2583 649 2639 de
681 2581 947 2640 Gentibus
997 2590 1264 2652 qumquot
1294 2584 1345 2636 in
1376 2585 1576 2652 popqu
1617 2588 1744 2635 tunc
1766 2580 1843 2634 in-

233 2677 413 2733 veiiiri
460 2684 729 2748 poterant,
763 2676 961 2732 deVota
1015 2675 1118 2731 lide
1165 2677 1593 2746 compleverunt.
1640 2675 1746 2730 Sed
1795 2681 1851 2729 et

232 2771 358 2828 Rex
393 2770 822 2841 patentissimus,
850 2769 981 2841 Tyri
1011 2769 1313 2825 conductus
1339 2785 1366 2821 a
1399 2769 1689 2824 Salomone
1709 2781 1851 2821 com-

235 2864 477 2920 modatis
525 2863 846 2928 artificibus,
903 2871 956 2917 et
1009 2864 1166 2932 lignis
1219 2859 1626 2932 gratantissime
1673 2859 1846 2929 juvit,

238 2960 374 3029 quia
404 2956 658 3012 nimirum
690 2965 816 3011 ante
864 2955 1290 3011 iiicariiatimiein
1321 2955 1655 3011 Dominicam
1699 2963 1851 3008 notus

243 3064 360 3110 erat
392 3062 597 3108 tantum
629 3053 683 3106 in
709 3051 898 3107 Judwa
930 3050 1090 3106 Deus.
1125 3055 1193 3106 At
1223 3061 1507 3121 postquam
1544 3049 1633 3104 ille
1678 3049 1734 3103 in
1763 3062 1849 3111 ea,

243 3163 357 3220 qua
386 3156 565 3214 natus,
609 3155 665 3203 et
695 3160 888 3216 passus
919 3155 1021 3212 est,
1055 3160 1218 3201 carne
1252 3144 1601 3200 resuscitatus
1637 3159 1669 3198 a
1710 3157 1855 3198 mor-

1946 1916 2128 1985 templi
2156 1917 2536 1986 pertinebant,
2561 1919 2761 1975 deinde
2788 1919 2855 1975 ad
2883 1921 3154 1992 laquearia
3180 1922 3342 1979 medii
3379 1925 3556 1980 taber-

1944 2008 2119 2062 naculi
2156 2008 2246 2062 alii
2279 2024 2389 2063 xxx
2416 2010 2581 2066 cubiti
2625 2012 2929 2067 altitudinis
2959 2015 3337 2085 assurgebant.
3384 2015 3557 2071 Porro

1946 2108 2220 2155 terrenum
2253 2103 2615 2168 cmnaculum,
2658 2103 2800 2174 quod
2855 2116 3159 2174 supererat,
3214 2122 3277 2161 ιχ
3322 2105 3556 2162 habebat

1946 2192 2000 2247 in
2031 2191 2396 2260 latitudinem,
2429 2209 2492 2250 ac
2536 2195 2616 2250 sic
2643 2197 2819 2250 omnis
2855 2197 3086 2251 altitudo
3115 2197 3308 2251 donius
3350 2198 3405 2253 in
3451 2214 3555 2254 cxx

1947 2286 2145 2341 cubitis
2190 2297 2308 2342 erat
2335 2297 2575 2344 extenta.
2611 2289 2767 2344 Prior
2795 2291 2958 2360 igitur
2986 2291 3180 2346 domus
3209 2308 3316 2347 xxx
3357 2292 3558 2347 cubitis

1947 2377 2004 2432 in
2033 2380 2316 2436 altitudine
2343 2382 2538 2452 surgit,
2568 2385 2690 2452 quia
2726 2398 2964 2453 prmsens
2996 2383 3235 2439 Ecclesia
3261 2386 3326 2438 ad
3365 2384 3558 2440 viden-

1949 2469 2072 2524 dam
2106 2474 2340 2540 Speciem
2387 2473 2598 2542 Sancta:
2627 2473 2909 2528 Trinitatis
2941 2485 3049 2528 tota
3098 2475 3400 2531 intentione
3435 2491 3560 2531 sus-

1954 2566 2228 2636 penditur.
2258 2565 2517 2637 Superior
2543 2568 2738 2624 domiis
2767 2585 2871 2624 xxx
2902 2585 3056 2640 atque
3085 2570 3285 2626 cubitis
3317 2586 3376 2625 se
3401 2571 3453 2624 iii
3479 2570 3560 2624 al-

1955 2669 2065 2714 tum
2097 2660 2310 2727 attollit,
2344 2662 2469 2732 quia
2500 2662 2694 2718 solutae
2723 2663 3042 2732 corporibus
3071 2664 3267 2718 anima:
3292 2665 3562 2733 perfecto-

1953 2768 2071 2807 ruiii
2094 2767 2261 2824 usque
2287 2754 2351 2808 ad
2377 2754 2518 2810 diem
2551 2755 2876 2811 universalis
2897 2753 3358 2826 Judii-iiejusdeiii
3389 2755 3561 2809 beata:

1954 2855 2010 2901 et
2061 2846 2357 2901 individua:
2407 2847 2692 2902 Trinitatis
2741 2849 2999 2918 prmsenti
3034 2848 3245 2902 visiooe
3293 2851 3560 2902 lruuntur.

1954 2943 2216 3011 Suprema
2245 2944 2440 3000 domus
2471 2946 2552 3000 bis
2579 2946 2796 2999 tricenis
2825 2945 2930 2998 alta
2959 2955 3042 2998 est
3072 2944 3294 3010 cubitis,
3330 2945 3457 3014 quia
3479 2954 3566 2996 rc-

1955 3039 2198 3092 suscitati
2227 3053 2256 3090 a
2289 3040 2516 3092 mortuis
2538 3052 2728 3090 omnes
2761 3037 2917 3091 electi
2940 3036 3398 3105 ciintetnplatione
3421 3033 3566 3103 ejus-

1955 3128 2080 3186 dem
2127 3132 2209 3186 sui
2241 3131 2561 3197 conditoris,
2595 3131 2685 3201 qui
2727 3131 2778 3184 iii
2828 3129 2998 3185 tribus
3039 3128 3284 3200 personis
3317 3141 3453 3181 unus
3484 3135 3568 3180 est

247 3241 383 3322 tuis,
405 3252 461 3298 et
488 3240 757 3296 exaltatits
776 3251 859 3294 est
886 3255 1050 3312 super
1071 3240 1240 3295 caelos
1267 3239 1430 3306 Deus,
1448 3253 1614 3307 super
1637 3252 1853 3293 omnem
1881 3221 1927 3286 C
1965 3225 2125 3293 Deus,
2162 3237 2360 3282 reterna
2393 3225 2616 3296 Spiritus
2645 3224 2847 3292 simu|,.
2867 3233 2925 3278 et
2951 3221 3130 3278 carnis
3162 3221 3566 3276 immortalitate

245 3337 512 3392 continuo
543 3346 744 3390 terram
775 3335 1008 3390 nominis
1035 3335 1154 3404 ejus
1190 3335 1358 3404 gloria
1406 3333 1649 3398 refulsit,
1681 3332 1856 3388 orbis-

248 3445 361 3502 que
402 3436 684 3486 universus
708 3429 773 3484 ad
803 3427 1218 3484 aedificationem
1256 3427 1447 3482 donius
1487 3427 1635 3481 illius
1665 3440 1853 3500 accur-

248 3526 349 3586 rit.
382 3535 437 3580 et
464 3525 675 3595 accepit
719 3523 787 3578 ab
817 3538 882 3578 eo
913 3522 1325 3591 promissionem
1373 3520 1636 3576 donorum
1665 3520 1858 3574 coeles-

251 3619 412 3676 tium.
436 3616 630 3673 Narrat
653 3631 783 3687 ergo
806 3615 1104 3686 Scriptura.
1128 3615 1248 3684 quia
1283 3613 1535 3684 praecepit
1565 3613 1673 3667 ltex
1706 3609 1861 3667 Salo-

253 3729 408 3778 mon,
440 3722 494 3766 ut
524 3710 758 3766 tollerent
786 3709 985 3780 lapides
1005 3707 1228 3782 grandes
1257 3709 1311 3761 in
1341 3705 1688 3778 fundamentis
1710 3703 1861 3758 Teni-

255 3806 358 3879 pli,
382 3814 429 3860 et
448 3804 760 3875 quadrarent
779 3818 882 3856 eos.
905 3800 1138 3872 Lapides
1159 3809 1336 3855 autem
1359 3799 1592 3870 grandes
1615 3797 1859 3869 pretiosi,

255 3901 350 3972 qui
372 3901 424 3955 iii
439 3899 786 3954 fundamento
804 3895 966 3950 locati
981 3904 1152 3950 totum
1175 3911 1311 3948 onus
1324 3892 1535 3962 Templi
1552 3893 1654 3946 sibi
1669 3907 1860 3960 super-

257 3994 494 4066 positum
513 3999 749 4062 portant,
768 3990 996 4044 eximios
1013 3999 1212 4042 sancta:
1228 3985 1486 4042 Ecclesia:
1501 3984 1761 4039 Doctores
1785 3983 1865 4037 iii-

257 4087 501 4152 siiiuant,
522 4082 755 4156 grandes
784 4081 1036 4136 nimirum
1052 4078 1373 4135 excellentia
1389 4084 1728 4144 meritorum,
1751 4090 1867 4145 pre-

261 4180 434 4233 tiosos
463 4176 702 4232 claritate
719 4177 990 4245 signorum
1010 4215 1024 4239 ,
1043 4173 1134 4242 qui
1160 4172 1229 4226 ab
1256 4174 1368 4241 ipso
1386 4169 1612 4224 Domitio
1643 4171 1863 4225 verbum

261 4272 545 4326 audientes
562 4277 724 4324 totam
738 4268 1030 4322 crescentis
1045 4265 1301 4319 Ecclesiae
1326 4263 1580 4318 fabricam
1609 4278 1704 4317 sua
1740 4276 1868 4331 prac-

261 4363 534 4420 dicatione
547 4369 864 4431 genuerunt.
880 4359 1025 4426 Quos
1040 4356 1284 4412 videlicet
1298 4356 1500 4426 lapides
1513 4354 1626 4409 Rex
1641 4353 1871 4425 quadra-

263 4474 326 4513 re
352 4456 625 4527 praecepit,
669 4466 724 4509 ut
753 4454 1036 4524 magistros
1054 4451 1314 4506 Ecclesiae
1341 4450 1670 4520 ciiinpositos
1701 4449 1868 4504 mori-

267 4552 392 4619 bus,
425 4561 478 4606 et
505 4550 803 4605 immobiles
825 4549 1006 4604 animo
1033 4563 1154 4602 esse
1190 4547 1388 4603 debere
1434 4548 1692 4617 signaret.
1722 4546 1873 4602 Sicut

1959 3319 2288 3392 gaudebunt.
2343 3319 2541 3374 Factus
2584 3328 2666 3373 est
2697 3316 2910 3372 medius
2941 3316 3117 3386 paries
3150 3314 3204 3370 in
3254 3313 3460 3384 templo
3500 3311 3568 3367 de

1962 3416 2157 3472 tabulis
2183 3416 2420 3471 cedi-iiiis
2449 3431 2516 3470 xx
2543 3413 2848 3469 cubitorum
2875 3409 3199 3474 altitudinis,
3228 3410 3316 3478 qui
3348 3406 3564 3463 divide-

1964 3519 2047 3568 ret
2069 3511 2346 3566 oraculum
2381 3510 2432 3564 iii
2459 3509 2716 3566 Sanctum
2741 3507 3105 3572 Sanctorum;
3143 3519 3173 3559 a
3207 3505 3387 3573 priore
3413 3512 3568 3573 parte

1963 3603 2150 3674 templi
2178 3602 2407 3658 habebat
2434 3618 2505 3656 xx
2523 3601 2734 3657 cubitos
2765 3599 3138 3670 longitudinis,
3172 3607 3225 3651 et
3254 3613 3321 3651 xx
3354 3595 3568 3652 cubitos

1966 3695 2290 3760 latitudinis,
2339 3703 2397 3749 et
2446 3705 2512 3748 xx
2558 3692 2776 3747 cubitos
2806 3690 3129 3745 altitudinis.
3173 3688 3350 3744 Porro
3393 3687 3566 3757 ipsum

1968 3791 2224 3862 templum
2258 3804 2368 3859 prae
2413 3787 2621 3843 foribus
2651 3787 2858 3841 oraculi
2892 3801 2962 3839 xv
2989 3784 3295 3839 cubitorum
3325 3789 3480 3856 erat,
3516 3782 3570 3836 in

1966 3899 2074 3955 quo
2101 3893 2257 3938 erant
2285 3897 2509 3946 mensae,
2544 3889 2599 3934 et
2641 3878 3024 3934 candelabrum
3056 3876 3125 3931 de
3175 3890 3327 3930 auro.
3363 3873 3468 3930 Sed
3515 3883 3571 3930 et

1967 3979 2140 4033 altare
2169 3992 2390 4032 aureum
2442 3971 2618 4045 prope
2641 3975 2839 4027 ostium
2884 3970 3124 4035 Oraculi,
3172 3979 3441 4040 quatenus
3491 3955 3608 4022 in-'

1935 4073 1948 4085 ‘
1969 4086 2138 4127 censu
2168 4070 2222 4124 iii
2245 4085 2310 4123 eo
2335 4069 2685 4140 tliymiamate
2713 4080 2881 4136 vapor
2904 4061 3036 4117 fumi
3065 4060 3368 4117 ascendens
3394 4060 3575 4131 operi-

1971 4172 2055 4218 ret
2084 4162 2360 4218 oraculum
2380 4202 2395 4227 ,
2439 4159 2526 4215 ubi
2555 4170 2669 4214 erat
2701 4171 2823 4212 arca
2865 4155 3222 4217 Testameuti,
3254 4167 3421 4222 super
3466 4168 3572 4223 qua

1972 4265 2129 4311 erant
2159 4251 2656 4322 Cherubiinglorite
2685 4246 3065 4304 obumbrantia
3101 4246 3258 4316 Propi
3290 4245 3570 4299 iatorium.

1974 4349 2129 4404 Prior
2155 4362 2285 4416 ergo
2316 4345 2510 4401 donius
2552 4343 2750 4413 prieris
2779 4339 3037 4395 Ecclesiae
3066 4347 3267 4394 statum
3302 4354 3314 4391 :
3347 4337 3576 4392 interior
3642 4366 3652 4375 -

1973 4442 2099 4496 vitae
2129 4439 2367 4495 cmlestis
2394 4437 2693 4508 ingressum
2726 4434 2991 4503 designat.
3027 4430 3180 4487 Uiide
3226 4439 3374 4486 recte
3401 4429 3574 4500 priori

1977 4548 2179 4589 mensze
2204 4543 2258 4588 et
2279 4513 2598 4586 candelabra
2627 4534 2754 4582 sunt
2785 4524 2944 4587 facta,
2973 4523 3098 4594 quia
3124 4524 3378 4578 nimirum
3404 4522 3457 4577 in
3483 4522 3581 4577 hac

268 4663 401 4704 vero
418 4647 758 4718 quadratum,
778 4659 1116 4714 quocumque
1133 4643 1381 4705 vertitur,
1403 4640 1590 4705 stabit,
1613 4642 1681 4694 ita
1713 4641 1855 4696 nimi-

1980 4628 2086 4683 vila
2116 4626 2318 4682 lumine
2347 4633 2652 4680 sanctarum
2687 4622 3112 4689 Scripturarum,
3155 4627 3208 4673 et
3249 4617 3577 4674 Sacramen-

272 4757 394 4798 rum
415 4741 521 4796 vita
551 4741 913 4810 perlecmrum
930 4754 1050 4808 quae
1065 4737 1133 4792 ad
1159 4737 1400 4793 veritatis
1419 4735 1616 4790 lineam
1645 4736 1876 4792 sollicite

271 4834 478 4891 directa
499 4842 601 4897 est,
635 4831 793 4886 nullis
825 4831 1181 4885 tentationum
1207 4828 1528 4899 impulsibus
1560 4842 1700 4882 asua
1729 4829 1880 4883 novit

273 4928 569 4984 stabilitate
594 4925 774 4996 dejici.
810 4925 936 4979 Erat
963 4933 1141 4978 autem
1165 4922 1449 4993 Templum
1483 4921 1577 4976 Dei
1605 4934 1878 4976 marmore

258 5020 452 5095 .pario.
486 5020 628 5087 quod
657 5031 758 5082 est,
791 5019 966 5088 lapide
992 5018 1115 5073 albo
1141 5012 1468 5080 extructum,
1499 5024 1558 5069 tit
1585 5013 1876 5068 candorem

280 5114 681 5173 Ecclesiastieac
703 5113 968 5169 castitatis
994 5111 1346 5183 exprimeret,
1378 5111 1445 5164 de
1461 5125 1568 5180 quo
1596 5111 1647 5164 in
1677 5109 1878 5163 amoris

281 5209 506 5265 Cautico
555 5208 813 5262 Domitius
857 5207 966 5262 ait:
1011 5205 1161 5262 Sicut
1191 5205 1356 5259 lilium
1402 5203 1536 5257 inter
1579 5204 1778 5272 spinas,
1807 5202 1881 5255 sic

283 5306 449 5362 amica
478 5320 588 5358 mea
616 5305 746 5358 inter
794 5303 950 5373 ﬁlias.
1007 5301 1247 5356 Habebat
1290 5299 1429 5352 idem
1469 5313 1532 5350 ιχ
1569 5297 1780 5351 cubitos
1829 5294 1882 5349 in

291 5397 705 5470 longitudinem,
730 5411 836 5450 xxx
869 5394 1086 5450 cubitos
1112 5393 1166 5447 in
1199 5387 1888 5455 latitudiiiem,xxxxcubi-

288 5502 374 5549 tos
420 5494 476 5546 in
523 5489 884 5546 altitudinem.
937 5487 1239 5559 Longitudo
1281 5501 1412 5555 ergo
1464 5483 1673 5552 Templi
1726 5481 1884 5561 iidem

287 5595 492 5644 sancta:
523 5584 779 5641 Ecclesiae
800 5582 1069 5653 designat,
1101 5596 1194 5650 per
1215 5594 1376 5650 quam
1408 5576 1787 5648 loiigauimiier
1807 5575 1884 5628 in-

293 5695 376 5740 ter
404 5696 568 5752 opera
591 5694 684 5736 sua
712 5679 849 5733 bona
874 5691 1158 5747 pravorum
1180 5673 1406 5728 adversa
1438 5670 1594 5725 tollat
1618 5686 1629 5723 :
1663 5664 1890 5722 latitudo

291 5773 613 5832 cliaritatem
635 5814 648 5838 ,
682 5762 929 5843 quaipsa
962 5769 1110 5823 intus
1139 5781 1235 5838 per
1274 5766 1480 5818 viscera
1525 5760 1740 5833 pietatis
1772 5774 1894 5830 spa-

297 5870 500 5925 tiatur:
531 5864 760 5922 altitudo
785 5877 958 5933 spent,
1004 5875 1107 5932 qua
1134 5867 1356 5930 propter
1383 5857 1526 5913 bona
1553 5867 1742 5923 opera,
1777 5866 1895 5922 quac

1983 4734 2158 4779 torum
2177 4721 2480 4777 ccelestium
2511 4715 2806 4772 refectione
2836 4728 2972 4783 opus
3001 4711 3293 4766 habemus:
3320 4711 3374 4766 lu
3395 4710 3583 4776 "futuro

1981 4825 2156 4871 auteiii
2210 4815 2404 4869 talibus
2455 4825 2563 4866 non
2614 4807 2894 4878 egebimus
2945 4805 3222 4870 subsidiis,
3283 4804 3378 4860 ubi
3423 4804 3584 4875 juxta

1983 4911 2281 4968 Psaltnistre
2325 4920 2515 4961 vocem
2562 4905 2866 4971 quicumque
2899 4899 3233 4972 apparuerint
3262 4915 3379 4952 cum
3421 4898 3584 4971 justi-

1983 5005 2075 5069 tia,
2099 5001 2422 5057 satiabuntur
2463 4996 2731 5066 manifesta
2758 4993 2927 5064 gloria
2957 4990 3188 5046 Domini.
3222 4989 3277 5044 lii
3322 4989 3425 5044 hac
3455 5004 3585 5060 ergo

1987 5098 2092 5152 vita
2124 5095 2286 5150 corda
2325 5092 2620 5163 justoruiii,
2671 5087 2822 5158 quasi
2864 5087 3034 5140 altare
3083 5084 3286 5139 incensi
3334 5098 3579 5147 aureum,

1984 5187 2270 5261 splendida
2299 5185 2503 5256 fulgent
2528 5198 2621 5255 per
2649 5180 2969 5236 munditiam
3003 5176 3328 5252 sanctitatis.
3361 5171 3609 5231 Aroma-'

1987 5284 2127 5339 libus
2158 5289 2285 5336 sunt
2313 5279 2510 5334 referta
2538 5275 2930 5332 desideriorum
2961 5269 3342 5342 spiritualium,
3388 5269 3583 5324 incen-

1987 5376 2079 5434 dio
2109 5376 2336 5446 ﬂagrant
2362 5371 2565 5427 amoris
2585 5369 2849 5431 continui,
2874 5374 2930 5421 et
2953 5365 3107 5434 quasi
3134 5361 3372 5419 cmlesds
3398 5361 3588 5417 introi-

1993 5485 2077 5528 tus
2108 5472 2280 5540 posita
2305 5467 2684 5521 suavissimum
2714 5477 2827 5518 sua:
2862 5457 3125 5514 orationis
3159 5470 3415 5526 vaporem
3448 5455 3592 5510 inter

1991 5570 2174 5622 sancta
2220 5568 2528 5614 sanctorum
2559 5570 2791 5624 superna
2817 5550 3094 5616 emittunt,
3129 5549 3214 5603 ubi
3237 5545 3475 5602 Christus
3516 5555 3589 5601 est

1993 5661 2048 5714 iii
2082 5635 2291 5713 dextera
2321 5653 2418 5708 Dei
2447 5651 2658 5716 sedens,
2688 5662 2847 5718 quem
2871 5643 3218 5715 apertissime
3248 5656 3372 5696 arca
3401 5641 3443 5694 Τ
3448 5652 3590 5695 esta-

1997 5753 2186 5818 menti,
2210 5765 2330 5820 quae
2358 5756 2473 5802 erat
2504 5746 2640 5798 intra
2674 5742 2876 5805 velum,
2909 5739 3188 5809 designat;
3222 5739 3276 5792 in
3306 5750 3412 5805 qua
3442 5732 3588 5790 Urna

1998 5857 2107 5902 erat
2137 5861 2293 5900 aurea
2319 5841 2508 5895 habens
2540 5838 2755 5903 Manna,
2788 5844 2833 5890 et
2869 5831 3027 5904 Virga
3068 5833 3263 5898 Aaron,
3304 5845 3417 5898 qua:
3446 5830 3591 5897 fron-
