4066 6424
520 220 632 278 883

1968 214 2027 270 Β.
2073 212 2326 290 Hilam!

3714 228 3813 288 $85

519 340 724 402 duerat,
771 343 816 389 et
860 331 1076 390 Tabula:
1109 331 1418 388 testamenti.
1450 330 1568 402 ipsa
1604 346 1837 408 namque
1866 332 2005 389 Area
2035 347 2130 388 na-
2236 333 2624 406 redemptionis
2650 351 2872 392 munere
2899 335 3104 393 electos
3128 353 3255 394 suos
3278 343 3330 396 in
3356 350 3558 400 (eterna
3583 345 3826 403 taberna-

525 440 700 487 turam
733 428 1087 484 humanitatis
1117 427 1272 498 ejus;
1305 426 1452 484 Urna
1483 442 1694 483 mannze
1736 427 2128 497 pleuitudinent

517 525 848 581 divinitatis:
894 522 1057 592 Virga
1108 523 1288 577 Aaron
1340 523 1636 594 potentiam
1685 521 1968 576 sacerdotii
2011 523 2130 591 ejus

527 616 925 680 inviolabilem;
982 613 1202 669 Tabulae
1257 615 1570 670 testamenti
1623 613 1906 690 designant
1939 657 1953 680 ,
2002 616 2128 685 quia

521 712 638 782 ipse
662 719 749 765 est
767 709 854 778 qui
880 708 1054 778 legem
1079 706 1340 773 condidit,
1365 708 1568 778 quique
1595 708 1760 762 etiam
1793 707 2129 764 benedictio-

521 818 645 860 nem
679 803 783 870 his,
807 801 895 871 qui
925 799 1097 872 legem
1123 799 1344 866 faciunt,
1377 799 1547 856 dabit.
1585 799 1729 856 Bene
1759 809 1937 855 autem
1963 799 2125 855 Tem-

521 898 668 968 plum
702 911 813 968 pra:
840 894 1049 950 foribus
1073 893 1290 950 Oraculi
1317 911 1389 950 xv
1417 906 1532 951 erat
1558 895 1864 952 cubitorum
1896 895 2129 968 longitu-

523 990 691 1055 dinis,
736 988 994 1060 quoniam
1039 985 1215 1042 adhuc
1245 988 1297 1042 in
1340 987 1442 1043 hac
1488 988 1596 1042 vita
1625 987 1846 1060 jejuuiis
1875 996 1932 1043 et
1954 988 2130 1043 conti-

523 1085 703 1142 nentia
732 1081 980 1154 castigari
1004 1090 1242 1154 oportet,
1278 1092 1333 1136 ut
1359 1081 1426 1136 ad
1461 1082 1687 1136 internae
1714 1080 2015 1136 dulcedinis
2042 1096 2130 1136 sa-

519 1179 760 1234 tietatem
791 1176 1074 1248 pervenire
1105 1175 1418 1240 videamur;
1454 1190 1579 1230 nam
1609 1175 1712 1231 hoc
1745 1191 1974 1231 numero
2001 1188 2122 1230 cas-

523 1269 838 1341 tigationem
889 1267 1014 1322 vitae
1057 1267 1342 1336 praesentis
1387 1267 1589 1337 signari
1622 1265 1877 1338 intelligit
1922 1265 2126 1332 omnis,

520 1362 610 1434 qui
639 1359 1130 1434 quadragenarium
1163 1357 1354 1431 Moysi,
1387 1359 1471 1414 vel
1501 1358 1692 1426 Helice,
1719 1361 1800 1414 vel
1827 1359 1996 1430 ipsius
2022 1341 2122 1412 ι)οέ

520 1461 648 1515 mini
695 1457 965 1530 jejunium
1018 1464 1164 1512 recte
1214 1438 1514 1525 intelligere
1570 1455 1703 1509 vult.
1758 1456 1902 1510 liene
1948 1454 2127 1526 ipsum

519 1554 834 1616 Oraculum,
865 1553 916 1607 in
944 1566 1050 1622 quo
1080 1549 1242 1615 Area,
1276 1565 1396 1620 quae
1421 1565 1518 1621 per
1538 1549 1812 1605 Cherubin
1835 1551 2021 1622 gloria:
2049 1559 2132 1606 te-

519 1647 768 1720 gebatur,
795 1660 868 1700 xx
894 1644 1106 1700 cubitos
1128 1642 1505 1714 longitudinis,
1531 1642 1854 1709 latitudinis,
1887 1642 2132 1698 altitudi-

2233 428 2352 484 cula
2382 429 2658 493 lretautes;
2688 444 2794 486 non
2825 445 2920 486 eos
2952 431 3134 502 utique
3160 431 3386 489 ulterius
3412 450 3440 494 θ
3468 450 3563 492 sua
3589 453 3824 508 prasen-

2237 521 2305 575 tia
2339 521 2658 588 removebit,
2687 522 2781 578 sed
2813 538 2843 577 a
2873 523 3183 579 discrimine
3206 525 3413 600 judicii,
3447 529 3594 600 quod
3623 531 3675 588 itt
3707 547 3828 589 aere

2232 613 2564 680 faciendum,
2593 616 2824 672 docente
2849 615 3132 687 Apostolo,
3167 621 3417 678 novimus
3444 622 3500 691 (l
3536 623 3719 681 Tltess.
3758 642 3826 693 tv,

2235 709 2360 780 16),
2393 709 2447 764 in
2481 710 2863 764 habitationem
2898 710 3090 766 Patria:
3119 713 3358 768 cmlestis
3390 715 3688 772 immittens
3714 760 3727 784 ,
3776 729 3830 775 ut

2232 817 2332 873 pro
2361 803 2476 857 suis
2506 803 2734 874 quisque
2780 803 2989 858 meritis
3034 806 3354 875 promissam
3398 810 3550 880 regni
3590 811 3830 867 ccclesiis

2231 897 2417 954 sedem
2447 898 2761 970 percipiant.
2800 893 2959 953 Bene
2983 908 3163 954 autem
3199 899 3418 968 dicitur,
3449 902 3591 973 quod
3620 905 3828 964 benedi-

2232 1000 2402 1047 centes
2429 990 2552 1062 Regi
2582 989 2798 1060 profecti
2819 1000 2934 1045 sunt
2965 991 3018 1046 in
3046 991 3381 1066 tabernacula
3412 1011 3529 1061 sua,
3561 998 3690 1070 quia
3720 997 3830 1056 haec

2232 1096 2316 1141 est
2346 1085 2597 1141 nimirum
2630 1085 2742 1140 sola
2776 1086 3059 1158 occupatio
3091 1086 3427 1158 quietissima
3484 1105 3549 1150 ac
3581 1090 3830 1148 ﬁdelissi-

2234 1195 2318 1234 ma
2348 1179 2546 1236 civium
2577 1193 2961 1251 supernorum,
3010 1181 3242 1253 hymnos
3269 1183 3568 1253 gratiarum
3609 1198 3712 1238 suo
3751 1183 3830 1239 di-

2233 1287 2358 1329 cere
2386 1272 2652 1328 conditori
2683 1289 2700 1326 :
2731 1271 2856 1328 hinc
2880 1272 3023 1339 enim
3052 1273 3311 1346 scriptum
3340 1283 3426 1330 est
3452 1275 3470 1347 (
3499 1273 3590 1334 Ps.
3617 1291 3831 1342 unm,

2233 1368 2266 1436 5
2289 1367 2308 1439 )
2335 1385 2346 1421 :
2379 1365 2526 1421 Beati
2546 1367 2632 1438 qui
2657 1367 2888 1421 habitant
2915 1367 2966 1422 in
2996 1369 3148 1421 domo
3169 1376 3278 1431 tua,
3307 1369 3362 1424 in
3389 1370 3637 1432 saeculum
3662 1370 3833 1430 saeculi

2233 1459 2516 1515 laudabunt
2546 1469 2593 1514 te
2633 1474 2652 1516 :
2699 1459 2945 1515 laetantes
2978 1460 3028 1515 in
3076 1470 3338 1532 tempore,
3375 1470 3431 1530 et
3475 1463 3646 1518 alacri
3677 1463 3835 1526 corde

2234 1569 2396 1626 super
2438 1553 2690 1608 omnibus
2735 1553 2912 1623 benis,
2961 1570 3081 1628 quae
3129 1554 3332 1612 fecerat
3366 1555 3630 1616 Dominus
3679 1558 3837 1618 David

2234 1662 2394 1703 servo
2442 1660 2562 1715 suo,
2597 1654 2652 1701 et
2701 1644 2864 1716 lsrael
2914 1647 3112 1718 populo
3143 1661 3262 1703 suo.
3311 1647 3587 1706 Lretantes
3635 1651 3831 1724 quippe

524 1739 609 1794 nis
641 1737 892 1816 habebat,
926 1737 1013 1807 qui
1045 1750 1306 1791 numerus
1333 1735 1742 1807 perfectionem,
1774 1745 1830 1789 ut
1869 1734 2124 1802 diximus,
2158 1735 2207 1796 B
2228 1740 2358 1812 jUSli
2386 1755 2550 1812 super
2581 1739 2761 1807 bonis,
2795 1756 2915 1812 quze
2942 1755 2972 1794 a
3005 1740 3235 1795 Domino
3264 1741 3559 1812 accipiunt,
3592 1743 3835 1800 taberna-

525 1836 756 1905 geminae
781 1831 1088 1888 dilectionis
1110 1832 1371 1898 insinuat,
1400 1830 1524 1904 quia
1552 1829 1809 1901 quidquid
1836 1830 1888 1885 in
1912 1829 2012 1886 hac
2035 1846 2130 1906 pe-

521 1929 892 2002 regrinatione
922 1942 1018 1998 pro
1044 1927 1155 1983 Deo
1181 1928 1408 1999 geritur,
1444 1935 1612 1980 totum
1647 1926 1746 1982 hoc
1774 1926 1825 1980 in
1857 1926 1945 1980 illa
1970 1942 2129 1982 man-

524 2024 676 2079 sione
704 2023 892 2098 patria:
920 2022 1194 2092 perennis,
1242 2020 1330 2077 ubi
1364 2019 1763 2091 magnificentia
1805 2020 1921 2089 ejus
1951 2021 2128 2077 conti-

528 2131 634 2170 nua
665 2117 929 2169 bonorum
954 2113 1238 2184 spirituum
1263 2112 1570 2167 laudatione
1592 2113 1914 2180 sustollitur,
1941 2114 1994 2169 iu
2015 2115 2131 2170 sola

523 2207 832 2266 dilectionis
868 2205 1222 2276 amplitudine
1253 2203 1548 2276 perficitur.
1597 2204 1724 2260 llaec
1757 2219 1875 2271 nos,
1922 2203 2134 2262 charis-

525 2299 671 2366 slmi,
718 2298 769 2354 in
803 2299 1088 2370 prresentis
1136 2296 1256 2352 festi
1301 2297 1470 2352 nostri
1504 2296 1756 2367 gaudium
1807 2296 1875 2352 de
1922 2297 2133 2354 factura

533 2393 716 2466 templi
751 2407 922 2464 pauca
967 2407 1031 2446 ex
1065 2390 1310 2462 pluribus
1360 2389 1692 2446 fraternitati
1732 2400 1930 2446 vestrae
1965 2406 2136 2462 expo-

524 2487 702 2544 suisse
742 2485 919 2552 libuit,
954 2493 1221 2558 quatenus
1253 2493 1309 2540 et
1339 2484 1585 2540 miranda
1627 2487 1907 2543 terrestris
1937 2485 2134 2544 domus

518 2579 723 2636 fabrica
756 2580 1056 2635 delectaret
1085 2578 1394 2643 audientes,
1423 2589 1478 2634 et
1508 2579 1625 2636 haec
1656 2579 1846 2636 eadem
1874 2581 2134 2652 spiritua-

525 2672 650 2728 liter
680 2673 954 2728 intellecta
989 2680 1200 2750 mentes
1229 2682 1442 2727 nostras
1473 2672 1754 2728 ardentius
1780 2672 1849 2736 ad
1891 2688 2135 2731 amorem

526 2782 779 2838 superate
812 2757 1160 2820 habitationis
1192 2767 1448 2839 erigeret.
1480 2765 1587 2823 Sed
1635 2768 1794 2823 etiam
1829 2770 1929 2826 hac
1974 2769 2138 2826 modo

527 2862 773 2934 exposita
825 2860 1198 2929 dedicatione,
1251 2877 1312 2917 ac
1357 2861 1651 2920 festivitate
1694 2865 2011 2934 subsecuta,
2064 2868 2136 2926 ita

525 2955 802 3026 Scriptura
852 2955 1121 3032 conclusit
1152 2957 1168 3026 (
1196 2954 1259 3011 Ill
1309 2956 1438 3028 Reg.
1484 2973 1604 3025 vm,
1638 2957 1750 3031 66)
1793 2979 1806 3015 :
1843 2958 1910 3016 Et
1939 2962 2138 3018 dimisit

527 3049 776 3103 Salomon
804 3049 1046 3122 papulas,
1070 3050 1156 3120 qui
1185 3049 1538 3108 benedicentes
1568 3051 1699 3125 Regi
1742 3056 1962 3125 profecti
2014 3066 2134 3112 sunt

2231 1833 2354 1889 cula
2382 1833 2662 1888 introeunt
2689 1832 2996 1888 cmlestium
3030 1834 3397 1900 mansionum,
3429 1836 3556 1907 quia
3602 1838 3841 1908 quamvis

2231 1941 2426 1999 graves
2456 1924 2619 1996 hujus
2661 1924 2869 1992 srecnli,
2904 1925 3152 1998 quamvis
3181 1926 3325 1999 longi
3361 1927 3562 1984 fuerint
3602 1930 3833 1996 labores,

2235 2019 2396 2074 breve
2427 2019 2680 2073 nimirum
2711 2025 2766 2072 et
2794 2017 2914 2073 leve
2957 2017 3218 2090 quidquid
3265 2030 3466 2075 azterna
3498 2019 3830 2086 beatitudine

2236 2114 2442 2170 ﬁnitur.
2487 2111 2642 2168 Unde
2681 2119 2914 2184 oportet,
2947 2110 3247 2177 Carissimi,
3298 2120 3360 2167 ut
3389 2113 3442 2170 in
3471 2112 3837 2172 aediﬁcatione

2238 2209 2440 2263 Domus
2469 2206 2560 2262 Dei
2589 2204 2958 2277 unusquisque
2989 2213 3231 2264 nostrum
3276 2203 3650 2277 exhortando,
3681 2206 3832 2261 obse-

2236 2304 2460 2374 crando,
2519 2301 2869 2373 increpando,
2927 2300 3040 2372 ipse
3083 2298 3182 2370 piis
3232 2298 3442 2354 actibus
3487 2297 3835 2364 desudando,

2237 2408 2495 2472 quantum
2524 2398 2686 2468 valet,
2721 2396 2954 2461 insistat,
2981 2409 3045 2452 ue
3073 2395 3116 2448 si
3137 2393 3442 2466 quempiam
3465 2391 3582 2448 Rex
3604 2394 3836 2450 cmlestis

2239 2507 2382 2550 nunc
2407 2490 2656 2548 desidere
2684 2491 2737 2544 in
2771 2503 2937 2560 opere
2963 2487 3042 2542 sui
3075 2485 3260 2558 templi
3289 2486 3659 2556 conspexerit,
3693 2488 3838 2542 [tunc

2241 2592 2294 2646 ln
2327 2597 2568 2661 tempore
2613 2586 2804 2642 futura:
2834 2583 3214 2652 dedicationis,
3250 2598 3458 2655 magnae
3487 2597 3600 2638 sua:
3640 2581 3835 2638 solem-

2241 2686 2426 2742 nitatis
2458 2683 2649 2742 reddat
2679 2691 2947 2739 exortem.
2995 2680 3316 2758 Satagamus
3346 2690 3534 2744 mutuo
3561 2677 3838 2740 charitatis

2241 2781 2462 2846 auxilio,
2497 2787 2555 2834 ut
2581 2793 2772 2834 omnes
2793 2791 2890 2832 vos
2919 2775 3086 2832 alacri
3131 2775 3318 2841 corde,
3348 2784 3404 2830 et
3443 2773 3741 2830 indefessos
3785 2774 3837 2832 in

2239 2877 2514 2951 operibus,
2545 2889 2667 2946 qua:
2699 2874 2812 2944 ipse
2858 2871 3137 2944 prtecepit,
3191 2870 3488 2934 inveniens,
3542 2885 3732 2926 omnes
3770 2868 3833 2926 ad

2243 2971 2482 3041 pra-mia,
2517 2984 2633 3040 qua:
2665 2966 2932 3040 promisit,
2967 2973 3239 3036 perpetua:
3269 2977 3381 3020 suae
3413 2962 3636 3018 visionis
3666 2962 3832 3014 intro.

2241 3065 2402 3119 ducat
2449 3063 2607 3120 Jesus
2654 3059 2903 3116 Christus
2941 3057 3199 3114 Dominus
3247 3063 3454 3124 uoster,
3484 3055 3575 3124 qui
3624 3053 3754 3108 vivit
3783 3063 3835 3108 et

521 3145 577 3197 in
610 3144 943 3200 tabernacula
971 3162 1085 3210 sua,
1121 3147 1376 3214 lwtantes,
1406 3157 1452 3203 et
1483 3149 1645 3205 alacri
1670 3150 1823 3205 corde
1845 3168 1998 3225 super
2020 3169 2132 3207 om-
2159 3129 2204 3195 Ο
2239 3165 2429 3230 regnat
2459 3171 2581 3212 cum
2615 3154 2774 3214 Patre
2800 3152 2939 3206 Deus
2968 3150 3020 3208 in
3045 3149 3249 3204 unitate
3277 3147 3510 3219 Spiritus
3542 3144 3721 3201 Sancti
3749 3160 3836 3218 per

524 3234 673 3290 nibus
696 3234 841 3290 bonis
865 3251 980 3299 qum
1005 3236 1200 3308 fecerat
1229 3237 1476 3293 Dominus
1509 3239 1680 3294 David
1715 3259 1876 3314 puero
1905 3260 1998 3298 suo
2025 3286 2040 3310 ,
2085 3253 2132 3300 et

525 3324 694 3380 Israel
722 3326 916 3399 populo
953 3344 1046 3382 suo
1088 3344 1106 3381 :
1153 3328 1395 3408 Dimittet
1438 3331 1581 3385 enim
1618 3332 1876 3390 Dominus
1910 3349 2131 3408 peracto

2239 3263 2433 3310 cuncta
2460 3249 2658 3307 ssecula
2680 3248 3029 3306 saeculorum.
3060 3245 3252 3300 Amen.

586 3464 3798 3492 ____._________________________________________

1566 3586 2147 3674 MONITUM
2197 3583 2798 3672 EDITORIS.

600 3722 661 3780 ln
687 3723 924 3782 editione
957 3723 1254 3786 Veronensi
1285 3740 1352 3785 eo
1382 3725 1485 3784 loci
1529 3727 1870 3786 interseritur
1897 3744 2132 3801 opuscu-

528 3815 640 3872 lum
665 3817 752 3874 cui
783 3817 968 3876 titulus
997 3836 1010 3874 :
1046 3817 1271 3876 Metrum
1309 3820 1363 3876 in
1393 3818 1652 3888 Genesim,
1689 3821 1759 3876 ad
1786 3821 2007 3880 Leonem
2034 3841 2132 3895 pa-

528 3925 667 3981 pam.
699 3908 853 3980 Quod
881 3911 1100 3988 quidem
1129 3927 1372 3981 carmen,
1414 3927 1537 3972 cum
1582 3913 1651 3972 ad
1693 3915 1955 3974 Hilarium
2002 3931 2131 3974 nos-

2237 3738 2382 3786 trum
2413 3741 2519 3786 non
2553 3725 2825 3797 pertinere
2855 3733 3016 3777 nemo
3041 3714 3375 3780 eruditorum
3406 3713 3613 3782 inficias
3638 3725 3746 3779 eat,
3770 3712 3829 3784 ad

2239 3823 2415 3896 Opera
2439 3819 2613 3878 sancti
2644 3833 2797 3892 papa:
2820 3817 2906 3872 cui
2933 3820 3280 3884 nuncupatur
3309 3807 3656 3882 relegandum
3685 3806 3830 3861 dtul-

2239 3931 2379 3974 mus.

533 4033 3800 4066 ____________________________________________________

1053 4159 1402 4252 LIBER
1472 4155 1636 4250 DE
1710 4161 2126 4252 PATRIS
2202 4161 2356 4247 ET
2413 4157 2689 4246 FILII
2743 4152 3310 4256 UNITATE,

853 4343 958 4406 ET
1034 4342 1391 4432 ALIQUOT
1465 4343 1856 4412 LOCOBUM
1925 4343 2127 4408 sacu

2287 4320 2748 4405 semprqu
2832 4329 3509 4402 INTERPRETATIO.

1837 4501 2052 4556 ουκ
2063 4493 2532 4556 «eam

598 4643 700 4714 Qui
751 4643 884 4697 hunc
928 4641 1117 4698 librum
1156 4656 1293 4697 anno
1324 4639 1465 4698 1555
1495 4640 1632 4714 typis
1664 4639 2007 4696 Frobenianis
2042 4641 2127 4695 edi

523 4745 852 4802 curaverunt,
895 4735 1154 4791 vixillum
1191 4751 1218 4789 e
1257 4734 1401 4807 prelo
1428 4736 1800 4802 subduxerunt,
1833 4750 1948 4790 cum
1984 4751 2124 4789 cont-

520 4840 761 4906 pererunt
785 4830 933 4886 illum
955 4845 1058 4884 non
1085 4845 1266 4884 novum
1293 4827 1486 4884 Hilarii
1504 4846 1651 4902 opus,
1676 4829 1765 4885 sed
1786 4828 2121 4900 rhapsodiam

519 4940 628 4981 esse
650 4921 868 4980 studiosi
895 4921 1214 4995 cujuspiam,
1245 4931 1352 4975 tum
1384 4937 1410 4974 e
1433 4921 1658 4976 secundo
1694 4920 1824 4976 libro
1851 4907 1914 4974 de
1941 4917 2118 4973 Trini-

519 5027 638 5083 tate,
666 5025 774 5070 tum
801 5013 1022 5068 maxime
1065 5029 1126 5066 ea:
1153 5029 1288 5066 nono
1325 5013 1754 5078 consarcinatum,
1799 5013 1880 5067 cui
1909 5010 2120 5066 aliunde

515 5113 725 5166 adtexta
759 5115 832 5180 est
873 5106 1135 5180 appendix
1173 5105 1234 5159 de
1276 5106 1430 5166 variis
1466 5104 1657 5160 Christi
1702 5105 2110 5180 cognominibus.

517 5203 648 5259 Ha’c
676 5217 831 5276 porro
875 5199 1134 5274 appendix
1173 5197 1431 5270 descripta
1474 5207 1631 5252 estea:
1668 5215 1783 5269 cap.
1824 5198 1857 5254 6
1887 5198 2006 5252 libri
2050 5198 2114 5254 de

512 5297 616 5366 [ide
650 5294 960 5360 orthodoxa,
1002 5291 1143 5363 apud
1187 5289 1513 5345 Ambrosium
1553 5301 1599 5356 et
1627 5291 1768 5361 apud
1809 5289 2112 5363 Gregorium

518 5387 656 5443 Naz.
682 5387 901 5461 vulgati,
937 5402 1082 5456 quem
1109 5381 1345 5458 Gregorii
1371 5380 1554 5436 Baetici
1597 5397 1704 5434 esse
1725 5381 1935 5453 plurimi
1972 5382 2113 5436 arbi-

514 5489 736 5535 trantur.
765 5477 849 5532 Ea:
876 5479 1050 5531 eodem
1081 5475 1431 5530 additamenta
1461 5471 1734 5542 conﬁcitur
1757 5488 1920 5526 sermo
1941 5474 1994 5526 in
2020 5489 2113 5544 προ

517 5571 730 5640 pendice
756 5567 1032 5640 Augustini
1065 5583 1198 5621 nunc
1229 5566 1352 5622 115.

589 5661 731 5716 Deus
755 5661 846 5730 qui
879 5659 1076 5730 ubique
1106 5665 1191 5714 est
1220 5656 1329 5731 (Ea:
1367 5656 1455 5714 lib.
1499 5673 1535 5728 tl
1583 5655 1775 5712 Hilarii
1803 5657 1865 5712 de
1898 5655 2111 5729 Trinit.,

517 5767 670 5814 num.
701 5749 785 5822 6),
810 5759 866 5805 et
895 5752 1093 5840 ubique
1121 5758 1266 5828 totus
1289 5759 1392 5834 est,
1423 5751 1494 5806 ita
1531 5752 1773 5825 regimen
1808 5752 2112 5828 intelligen-

2229 4638 2318 4694 tim
2345 4636 2580 4700 excedit,
2613 4643 2765 4693 extra
2803 4649 2961 4708 quem
2995 4632 3128 4689 nihil
3157 4640 3262 4695 est,
3292 4631 3377 4686 cui
3409 4644 3628 4702 semper
3653 4633 3742 4698 sit,
3774 4637 3824 4683 ut

2232 4734 2334 4788 hoc
2370 4732 2532 4787 modo
2569 4747 2628 4787 se
2669 4731 2798 4788 velit
2837 4730 2890 4785 in
2940 4728 3166 4785 veritate
3213 4724 3546 4782 sacramenti
3579 4723 3820 4795 intelligi.

2233 4827 2345 4883 lloc
2365 4824 2817 4897 imperspicabilis
2843 4833 3048 4881 naturae
3074 4832 3159 4878 est
3183 4836 3382 4877 nomen
3403 4821 3455 4876 iu
3483 4820 3663 4888 Patre,
3689 4821 3821 4892 quod

2227 4926 2370 4982 Deus
2401 4921 2704 4988 invisibilis,
2733 4919 3041 4986 inell‘abilis,
3073 4917 3336 4981 infinitus,
3366 4915 3431 4970 ad
3455 4931 3616 4987 quem
3644 4926 3696 4970 et
3720 4914 3823 4970 elo-

2223 5016 2498 5094 quendum
2521 5030 2703 5069 sermo
2743 5015 2926 5078 sileat,
2959 5021 3013 5067 et
3041 5009 3475 5081 investigandum
3505 5022 3699 5064 sensus
3731 5006 3821 5060 be-

2226 5112 2461 5186 betetur,
2513 5118 2570 5164 et
2599 5104 3070 5178 complecteudum
3117 5102 3467 5175 intelligentia
3496 5110 3816 5156 coarctetur.

2223 5203 2423 5260 Deficit
2448 5215 2580 5274 ergo
2607 5197 2718 5273 (Ea:
2749 5214 2890 5252 num.
2931 5195 2988 5268 7)
3016 5198 3067 5262 in
3101 5195 3505 5266 nuncUpatione
3529 5193 3814 5256 confessio,

2221 5308 2276 5368 et
2313 5294 2574 5370 quidquid
2623 5293 2698 5348 illi
2744 5308 3054 5348 sermonum
3086 5290 3378 5362 aptabitur,
3424 5288 3594 5344 Deum
3623 5297 3683 5342 ut
3719 5293 3814 5352 est,

2221 5399 2564 5463 quantusque
2590 5395 2694 5454 est,
2724 5401 2828 5441 non
2866 5387 3136 5458 loquetur.
3183 5383 3432 5440 Perfecta
3462 5381 3686 5438 scientia
3714 5389 3813 5444 est,

2221 5484 2300 5538 sic
2329 5483 2499 5538 Deum
2523 5481 2685 5541 scire.
2721 5487 2777 5532 ut
2805 5477 2932 5533 licet
2955 5494 3060 5533 non
3094 5475 3475 5548 ignorabilem,
3501 5483 3677 5528 tamen
3709 5473 3812 5526 ine-

2220 5571 2548 5630 narrabilem
2580 5568 2742 5625 scias.
2775 5567 3090 5622 Credendus
3127 5580 3233 5632 est,
3262 5565 3669 5638 intelligendus,
3690 5562 3810 5618 ado-

2221 5664 2428 5721 randus
2450 5673 2552 5730 est,
2585 5673 2635 5738 et
2662 5663 2726 5718 iis
2751 5659 2947 5717 ofﬁciis
2973 5659 3328 5734 eloquendus.

2301 5758 2396 5828 [est
2423 5767 2602 5832 autem
2636 5754 2803 5834 Filias
2829 5737 3129 5851 progenies
3158 5752 3376 5845 ingeniti
3406 5749 3518 5838 (Es;
3556 5765 3698 5810 num.
3729 5746 3800 5834 8),
