4066 6424
216 305 323 362 885

1193 297 1400 356 LIBER
1451 294 1539 353 DE
1574 291 1821 361 PATRIS
1860 289 1951 347 ET
1994 289 2150 348 FlLll
2192 291 2515 352 UNITATE.

3411 295 3514 354 886

211 432 352 474 unus
376 432 442 474 ex
465 431 596 485 uno,
627 429 789 471 verus
819 431 849 470 a
881 427 1031 482 vero,
1061 411 1213 468 vivus
1241 427 1270 466 a
1297 411 1442 476 vivo,
1485 407 1755 481 perfectus
1776 421 1806 461 a
1835 409 1890 482 Α
1914 421 2074 462 manu
2125 423 2220 464 sua
2266 409 2461 482 operit,
2506 423 2684 482 pugno
2726 421 2941 465 omnem
2991 409 3250 468 mundum
3289 411 3510 483 claudit,

210 510 474 583 perfecto,
505 509 721 564 virtutis
758 507 951 574 virtus,
994 504 1274 577 sapientiae
1318 503 1603 574 sapientia,
1636 499 1806 571 gloria

207 603 420 675 gloriae,
463 601 640 674 imago
667 598 950 655 invisibilis
992 597 1110 664 Dei,
1145 596 1316 652 forma
1345 595 1513 666 patris
1540 594 1757 665 ingeniti
1792 610 1806 647 :

209 699 377 754 habet
421 698 582 768 igitur
625 694 920 752 nativitatis
964 692 1124 764 hujus
1165 693 1351 763 utique
1403 699 1670 745 secretum
1702 685 1811 759 (Ea:

210 809 354 847 nam.
387 791 464 864 9).
493 789 563 845 Et
591 790 636 846 si
659 790 779 861 quis
805 789 942 843 forte
971 786 1342 858 intelligentiae
1370 800 1482 840 sum
1510 784 1808 854 imputave-

210 883 302 948 rit,
336 879 706 954 generationis
736 879 896 950 hujus
923 887 1318 934 sacramentum
1347 892 1451 931 non
1481 889 1642 947 posse
1672 889 1806 928 con-

207 975 387 1044 sequi,
415 988 536 1028 cum
564 982 742 1027 tamen
773 981 826 1027 et
849 971 1010 1026 Pater
1032 969 1102 1025 sit
1130 969 1375 1024 absolute
1407 968 1731 1034 intellectus,
1756 975 1809 1022 et

208 1066 384 1122 Filius
410 1082 509 1122 nec
550 1065 725 1137 major
756 1080 842 1132 eo,
878 1079 979 1120 nec
1024 1065 1238 1129 minor;
1290 1064 1407 1118 sine
1433 1061 1621 1116 dolore
1660 1077 1686 1114 a
1721 1076 1806 1116 me

208 1159 417 1225 audiet,
452 1157 668 1230 Ignoro,
694 1172 795 1228 ego
824 1157 1031 1224 nescio,
1067 1171 1172 1211 non
1201 1155 1440 1227 requiro.
1475 1154 1807 1211 Consolabor

206 1267 298 1308 me
334 1260 512 1307 tamen
546 1249 910 1322 :Archangeli
939 1250 1207 1311 nesciunt,
1241 1248 1433 1319 Angeli
1466 1264 1570 1302 non
1619 1248 1804 1303 audie-

195 1348 356 1411 runt,
398 1341 666 1414 Pmpheta
714 1356 820 1397 non
868 1342 1056 1406 sensit,
1105 1339 1400 1412 Apostolus
1431 1341 1802 1411 interrogavit,

202 1435 378 1492 Filius
400 1436 514 1506 ipse
537 1450 644 1490 non
670 1433 860 1490 edidit.
890 1435 1082 1490 Cesset
1106 1435 1262 1488 dolor
1290 1434 1656 1504 querelarum.
1688 1433 1803 1489 Non

203 1539 282 1596 te,
305 1529 547 1601 quisquis
572 1543 633 1584 es
660 1529 748 1600 qui
778 1530 894 1584 haec
931 1527 1152 1598 quzeris,
1195 1541 1393 1582 revoco
1424 1527 1476 1581 in
1504 1525 1800 1593 excelsum,

201 1639 316 1679 non
360 1623 414 1680 in
454 1621 864 1694 amplitudinem
905 1619 1090 1688 tendo,
1164 1635 1270 1674 non
1315 1618 1524 1674 deduco
1568 1619 1622 1673 in
1673 1634 1802 1690 pro-

197 1716 452 1774 fundum.

1915 515 2073 571 quem
2123 511 2292 557 totum
2341 504 2520 559 omnia
2564 503 2834 571 nesciunt,
2879 512 2934 558 et
2971 505 3263 561 metuendo
3309 509 3508 576 sciunt,

1919 593 2078 663 cujus
2118 596 2319 650 nomini
2369 607 2423 652 et
2463 597 2649 652 virtuti
2694 595 3040 663 famulantur,
3072 597 3216 654 hunc
3261 600 3414 655 orbis
3443 617 3510 656 ex

1913 688 2027 759 ipsa
2059 691 2446 748 elementorum
2474 694 2575 750 sibi
2599 695 3001 750 succedentium
3032 707 3409 754 momentanea
3433 699 3514 754 vi-

1911 783 2225 840 cissitudine
2267 796 2511 843 testatur.

1984 877 2140 933 Ratio
2167 881 2410 950 quaedam
2433 890 2537 948 est,
2559 897 2676 951 qua:
2700 881 2839 951 apud
2868 881 3086 938 Graecos
3111 884 3257 960 λόγος
3273 885 3512 956 appella-

1913 980 2018 1040 tur,
2052 988 2172 1043 qua:
2202 973 2340 1027 inter
2365 973 2575 1028 Patrem
2625 981 2681 1028 et
2711 973 2902 1028 Filium
2941 991 3200 1045 personas
3243 978 3327 1033 vel
3355 993 3512 1032 voca-

1911 1064 2032 1120 bula
2079 1065 2359 1135 distinguit
2391 1083 2402 1118 :
2434 1067 2557 1136 quia
2589 1066 2701 1136 ipse
2751 1067 2914 1122 Filius
2961 1068 3100 1122 ratio
3143 1067 3358 1136 dicitur,
3389 1087 3507 1140 qua:

1913 1165 2092 1210 tamen
2116 1157 2253 1212 ratio
2286 1157 2470 1212 multis
2498 1157 2804 1214 nominibus
2827 1159 3146 1228 appellatur.
3179 1160 3337 1215 Modo
3360 1162 3504 1216 enim

1911 1249 2158 1317 verbum,
2190 1249 2350 1306 modo
2399 1251 2589 1318 virtus,
2635 1251 2796 1304 modo
2847 1251 3131 1320 sapientia,
3167 1251 3326 1306 modo
3371 1251 3507 1307 dex-

1912 1353 2048 1409 tera,
2082 1343 2242 1416 modo
2271 1342 2578 1407 brachium,
2628 1341 2788 1396 modo
2834 1343 3143 1412 margarita,
3185 1342 3348 1398 modo
3387 1343 3506 1398 the-

1909 1452 2123 1504 saurus,
2149 1437 2310 1490 modo
2342 1437 2496 1502 retia,
2525 1436 2687 1491 modo
2707 1444 2967 1504 aratrum,
2993 1437 3152 1492 modo
3181 1436 3324 1505 fons,
3347 1439 3507 1493 modo

1907 1542 2083 1603 petra,
2130 1530 2292 1586 modo
2339 1530 2476 1600 lapis
2533 1529 2825 1602 angularis,
2877 1529 3037 1585 modo
3092 1545 3281 1601 agnus,
3341 1533 3502 1586 modo

1911 1629 2093 1693 homo,
2123 1624 2284 1680 modo
2311 1623 2532 1688 vitulus,
2577 1621 2737 1678 modo
2767 1622 2969 1693 aquila,
3004 1622 3163 1678 modo
3193 1622 3301 1691 leo,
3347 1625 3506 1678 modo

1906 1721 2015 1789 via,
2048 1719 2209 1776 modo
2237 1721 2456 1785 veritas,
2482 1718 2645 1774 modo
2671 1719 2800 1785 vita,
2829 1733 2952 1772 cum
2984 1718 3054 1772 sit
3079 1717 3220 1773 Deus
3252 1718 3429 1773 omnia
3453 1729 3506 1773 et

276 1809 405 1865 Haec
431 1808 501 1865 de
535 1818 726 1865 natura
769 1807 1072 1865 divinitatis
1113 1806 1387 1878 attigimus
1417 1805 1526 1881 (Ea:
1553 1823 1696 1863 num.
1734 1807 1793 1863 Η
1833 1809 1878 1870 Β
1907 1817 1961 1872 in
1989 1816 2258 1871 omnibus.
2298 1813 2367 1870 Et
2398 1829 2493 1884 per
2521 1814 2637 1868 haec
2665 1813 2925 1869 vocabula
2957 1812 3258 1868 divinarum
3289 1813 3506 1884 dispen-

193 1912 245 1958 et
277 1902 386 1976 12),
422 1918 531 1960 non
559 1918 822 1960 summam
848 1902 1216 1968 intelligentiae
1246 1903 1793 1971 comprehendentes,

191 1995 294 2052 sed
320 1995 681 2067 intelligentes
704 1993 1271 2066 incomprehensibilia
1310 2008 1433 2048 esse
1469 2009 1588 2064 quae
1619 1993 1793 2064 loqui-

190 2103 340 2144 mur.
371 2087 581 2143 Nullum
612 2103 763 2159 ergo,
791 2087 949 2153 dicis,
979 2086 1218 2143 ofticium
1244 2084 1367 2141 ﬁdei
1391 2094 1495 2155 est,
1527 2087 1570 2142 si
1603 2085 1674 2142 nil
1701 2101 1793 2156 po-

193 2182 327 2237 terit
348 2181 753 2252 comprehendi.
778 2179 948 2237 immo
977 2181 1079 2238 hoc
1107 2180 1340 2237 officium
1372 2180 1504 2236 fides
1544 2179 1794 2250 proﬁtea-

191 2284 304 2342 tur,
359 2276 411 2328 id
461 2275 603 2331 unde
641 2275 897 2347 quaeritur
939 2276 1484 2347 incomprehensibile
1526 2276 1628 2330 sibi
1669 2290 1794 2332 esse

189 2366 360 2424 scire.
383 2367 643 2439 Superest
657 2368 723 2424 de
747 2368 1093 2424 inenarrabili
1110 2369 1456 2440 generatione
1475 2367 1594 2422 Filii
1617 2367 1793 2423 adhuc

189 2459 616 2531 aliquid:immo
643 2461 841 2532 aliquid
873 2460 1005 2516 illud
1037 2461 1214 2517 adhuc
1242 2470 1411 2514 totum
1443 2469 1544 2516 est.
1571 2457 1788 2528 Estno,

187 2554 433 2622 ditferor,
479 2555 735 2622 hebesco,
766 2565 821 2612 et
862 2556 1001 2612 unde
1052 2557 1304 2627 incipiam
1346 2557 1550 2612 nescio.
1597 2556 1792 2613 Nescio

187 2649 339 2705 enim
364 2649 579 2722 quando
608 2659 766 2704 natus
798 2650 869 2704 sit
893 2648 1063 2704 Filius
1091 2667 1103 2704 :
1131 2658 1188 2705 et
1211 2649 1361 2706 nefas
1386 2657 1468 2705 est
1491 2647 1624 2704 mihi
1650 2649 1791 2705 scire

188 2740 410 2812 quando
441 2752 598 2796 natus
625 2742 696 2798 sit
733 2739 923 2798 Filius.
954 2740 1125 2811 Quem
1158 2740 1464 2812 imprecer?
1501 2755 1660 2810 quem
1691 2741 1790 2794 im-

185 2834 436 2906 plorem?
463 2849 530 2890 ex
567 2833 766 2906 quibus
811 2835 962 2890 libris
1001 2833 1068 2888 ad
1110 2842 1379 2889 tantarum
1412 2831 1787 2888 difficultatum

185 2913 555 2986 narrationem
613 2928 773 2984 verba
831 2928 1200 3000 praesumam?
1258 2927 1517 2982 Evolvam
1570 2941 1786 2981 omnem

183 3022 416 3079 Graeciaa
444 3022 724 3080 scholam?
755 3022 860 3078 Sed
890 3022 1018 3093 legi,
1050 3022 1140 3076 ubi
1165 3021 1422 3093 sapiens?
1455 3019 1541 3075 ubi
1573 3021 1788 3076 scriba?

185 3116 282 3172 ubi
313 3117 648 3188 conquisitor
675 3115 905 3172 smeuli‘l
934 3115 987 3172 In
1020 3114 1123 3170 hoc
1143 3130 1272 3186 ergo
1299 3114 1498 3170 mundo
1526 3115 1786 3185 sophista:

184 3212 342 3268 multi
362 3216 700 3283 etsapientes
728 3221 888 3268 sunt:
917 3212 1233 3282 sapientiam
1262 3221 1441 3266 autem
1473 3210 1566 3266 Dei
1595 3225 1784 3282 repro-
1813 3197 1858 3260 C

184 3305 479 3362 haverunt.
524 3307 768 3364 Scribam
798 3308 929 3378 legis
962 3306 1281 3364 consulam?
1325 3307 1429 3362 Sed
1471 3306 1700 3377 ignorat,
1732 3316 1790 3364 et

185 3415 324 3454 crux
349 3398 549 3455 Christi
577 3400 893 3456 scandalum
921 3411 1023 3456 est.
1061 3399 1332 3458 Hortabor
1361 3399 1502 3456 forte
1528 3415 1621 3457 vos
1657 3416 1786 3458 con-

186 3494 379 3550 nivere
426 3504 480 3550 et
525 3507 706 3551 tacere
740 3514 754 3551 :
794 3497 920 3567 quia
951 3496 1017 3550 ad
1054 3496 1456 3550 venerationem
1497 3495 1615 3566 ejus
1660 3497 1788 3551 satis

185 3589 282 3657 sit,
317 3589 459 3661 quod
487 3589 540 3644 in
581 3590 888 3660 Evangeliis
925 3589 1248 3660 prmdicatur
1275 3600 1420 3647 tanta
1447 3591 1586 3646 inter
1616 3590 1790 3647 homi-

186 3697 290 3739 nes
313 3682 507 3739 fecisse
532 3684 798 3756 stnpenda
825 3685 1086 3756 prodigia.

265 3773 353 3831 Ea:
381 3793 521 3831 num.
562 3779 650 3834 15.
682 3778 1034 3832 —Consistit
1062 3778 1206 3834 enim
1253 3794 1432 3834 meum
1463 3781 1515 3833 in
1547 3781 1783 3850 patroci~

188 3870 341 3926 nium
364 3871 746 3927 meditatarum
769 3872 1146 3928 difficultatum
1175 3874 1407 3943 piscator
1429 3889 1614 3944 egens,
1641 3875 1791 3944 igno-

190 3980 302 4036 tus,
338 3969 606 4036 indoctus,
642 3973 888 4028 manibus
916 3973 1028 4027 lino
1051 3973 1347 4042 occupatis,
1378 3983 1525 4027 veste
1548 3971 1786 4040 limnida,

188 4065 424 4137 pedibus
453 4066 581 4122 limo
623 4067 826 4132 oblitis,
861 4077 1004 4122 totus
1032 4084 1062 4122 e
1104 4067 1245 4121 navi.
1274 4066 1510 4134 Quaerite
1558 4077 1612 4122 et
1641 4067 1792 4124 inve-

190 4158 331 4227 nite,
361 4168 540 4215 utrum
581 4161 880 4217 mirabilius
900 4159 1062 4216 fuerit
1101 4168 1344 4215 mortuos
1384 4161 1693 4226 suscitasse,
1723 4177 1790 4216 an

191 4253 452 4325 imperito
500 4255 782 4311 scientiam
823 4255 975 4310 istius
1029 4253 1289 4310 doctrinae
1335 4254 1649 4310 intimasse?
1705 4256 1794 4312 Ait

191 4350 364 4414 enim,
399 4350 455 4404 In
483 4351 749 4421 principio
785 4357 901 4405 erat
926 4349 1184 4405 Verbum.
1233 4348 1609 4414 Transeuntur
1653 4357 1792 4404 tem-

192 4459 352 4516 pora,
380 4445 818 4500 transmittuntur
839 4443 1056 4509 sarcula,
1093 4441 1354 4497 tolluntur
1372 4453 1589 4497 aetates:
1617 4443 1793 4512 pisca-

189 4547 282 4593 tor
314 4553 464 4594 meus
494 4539 801 4610 illitteratus
829 4538 963 4594 liber
991 4552 1019 4590 a
1059 4546 1301 4607 tempore
1334 4545 1438 4602 est,
1471 4536 1600 4592 vicit
1625 4551 1788 4592 omne

192 4631 542 4705 principium.

276 4724 600 4798 Principium
633 4727 721 4782 lib.
748 4741 821 4782 ix.
850 4755 919 4766 —-
941 4726 1256 4780 Tractantes
1289 4734 1413 4780 ante
1442 4739 1641 4796 paucos
1680 4725 1792 4779 dies

197 4820 269 4876 de
313 4820 639 4876 indifferenti
689 4831 877 4876 natura
924 4820 1014 4876 Dei
1067 4821 1232 4890 patris
1278 4829 1332 4876 et
1361 4820 1454 4875 Dei
1501 4819 1617 4885 lilii,
1661 4833 1794 4887 etc.,

196 4927 362 4982 usque
406 4912 476 4966 ad
500 4913 609 4966 Itwc
636 4928 776 4964 num.
809 4909 900 4965 M.
953 4915 1028 4966 Ac
1069 4912 1145 4967 sic
1177 4911 1470 4982 perfectam
1503 4911 1661 4966 fidem
1695 4911 1794 4966 do-

198 5005 338 5070 cuit,
361 5019 484 5059 cum
519 5003 570 5057 id
600 5003 741 5074 quod
771 5004 934 5058 modo
971 5014 1074 5069 est,
1105 5003 1345 5075 ejusdem
1380 5006 1637 5075 temporis
1665 5019 1800 5075 Opus

199 5098 307 5163 sit;
333 5106 387 5152 et
415 5096 465 5150 id
496 5095 639 5170 quod
661 5105 919 5168 Operatur
946 5096 1104 5151 Pater
1128 5105 1383 5166 Operatur
1422 5105 1478 5152 et
1507 5097 1675 5152 Filius
1703 5114 1794 5153 exo

201 5201 286 5246 tra
312 5188 602 5260 singularis
633 5191 698 5245 sit
731 5191 1008 5246 unionem.

276 5282 361 5337 Ea:
379 5283 537 5353 capit.
567 5284 598 5338 6
625 5281 892 5337 Tractatus
911 5283 973 5336 de
997 5281 1100 5353 [ide
1124 5283 1435 5337 orthodoxa.
1475 5281 1798 5354 -—Denique

202 5389 304 5447 pro
353 5383 531 5447 captu,
567 5389 667 5446 pro
699 5375 920 5440 viribus,
971 5390 1068 5446 pro
1115 5374 1218 5430 fide
1265 5384 1445 5430 nostra
1497 5375 1802 5431 intueamur

203 5471 350 5538 Deus
391 5471 520 5540 quid
565 5472 636 5526 sit
674 5488 686 5524 :
733 5481 786 5526 et
827 5469 1108 5526 videamus
1148 5485 1215 5524 an
1267 5470 1341 5524 illi
1392 5469 1561 5542 possit
1601 5469 1800 5540 aliquid

204 5563 536 5636 comparari.
565 5562 725 5620 Certe
758 5563 859 5619 hoc
887 5573 972 5618 est
1001 5564 1162 5629 Deus,
1188 5563 1329 5636 quod
1354 5574 1407 5619 et
1433 5579 1550 5618 cum
1584 5563 1800 5630 dicitur,

205 5677 316 5718 non
351 5669 527 5730 pctest
570 5659 712 5728 dici;
760 5675 880 5716 cum
926 5659 1246 5726 mstimatur,
1293 5675 1397 5714 non
1438 5667 1616 5729 potest
1656 5657 1804 5712 testi-

206 5754 350 5810 mari
376 5767 391 5818 ;
423 5768 546 5808 cum
581 5763 946 5825 comparatur,
977 5769 1082 5808 non
1114 5763 1289 5822 potest
1314 5751 1615 5822 eumparari
1641 5767 1654 5806 :
1685 5767 1807 5806 cum

216 5846 494 5924 definitur,
550 5842 664 5930 ipsa
713 5846 1027 5906 definitione
1070 5862 1164 5916 sua
1211 5846 1407 5904 crescit
1440 5863 1452 5902 :
1485 5845 1579 5920 qui
1616 5845 1810 5906 ctelum

1902 1907 2172 1963 sationum
2200 1906 2454 1978 mysteria
2478 1916 2895 1975 cognoscuntur.
2987 1910 2996 1916 ”

1970 1997 2104 2053 Nam
2133 2006 2188 2053 et
2215 2001 2284 2052 ob
2327 1998 2428 2052 hoc
2459 1997 2692 2052 Verbum
2727 2005 3064 2066 nuncupatur
3099 2015 3112 2051 :
3138 1997 3262 2068 quia
3291 2006 3347 2052 et
3375 2011 3501 2068 pro-

1899 2095 2014 2165 prie
2041 2094 2220 2148 divino
2258 2107 2354 2148 ore
2386 2093 2668 2162 processit,
2698 2102 2752 2147 et
2784 2091 2917 2145 nihil
2946 2089 3108 2147 Pater
3153 2091 3270 2148 sine
3311 2106 3378 2147 eo
3409 2100 3500 2145 aut

1894 2189 2077 2258 juSsit,
2105 2197 2195 2242 aut
2223 2187 2369 2242 fecit.
2399 2187 2576 2242 Virtus
2607 2185 2804 2242 dicitur
2835 2203 2847 2239 :
2881 2186 3004 2256 quia
3028 2200 3157 2240 vere
3188 2185 3255 2240 de
3283 2185 3418 2252 Deo,
3445 2192 3500 2238 ct

1896 2294 2113 2353 semper
2152 2296 2274 2335 cum
2323 2282 2452 2348 Deo,
2487 2289 2541 2334 et
2586 2279 2762 2334 omnis
2806 2289 3043 2347 potestas
3069 2277 3244 2332 Patris
3295 2278 3348 2332 in
3382 2277 3498 2346 ipso

1895 2376 2164 2431 consistit.
2198 2372 2471 2442 Sapientia
2525 2369 2822 2441 appellatur
2856 2388 2870 2424 :
2901 2370 3024 2440 quia
3070 2368 3138 2424 de
3182 2367 3348 2424 corde
3393 2368 3497 2422 Pa-

1897 2471 1996 2525 tris
2043 2467 2336 2523 adveniens
2385 2481 2580 2521 arcana
2628 2465 2678 2518 in
2727 2461 3041 2520 caelestibus
3089 2461 3268 2534 (Apud
3314 2459 3494 2515 Ambr.

1894 2562 2137 2621 coelestia
2163 2559 2530 2630 credentibus)
2558 2557 2843 2614 reseravit.
2875 2557 3107 2612 Dextera
3130 2562 3493 2625 nuncupatur:

1894 2659 2035 2728 quod
2081 2672 2177 2727 per
2216 2670 2338 2709 eum
2381 2655 2562 2706 omnia
2613 2666 2778 2722 opera
2828 2650 3011 2705 divina
3061 2647 3300 2718 perfecta
3346 2657 3490 2702 sunt.

1893 2749 2180 2806 Brachium
2208 2745 2405 2802 dicitur
2435 2764 2446 2799 :
2477 2747 2599 2816 quia
2641 2745 2710 2800 ab
2758 2745 2878 2813 ipso
2909 2742 3090 2798 omnia
3123 2742 3490 2798 continentur.

1892 2843 2175 2912 Margarita
2208 2840 2505 2911 appellatur
2533 2855 2546 2890 :
2571 2841 2694 2908 quia
2725 2835 2856 2892 nihil
2897 2836 2991 2891 illo
3025 2835 3314 2907 pretiosius
3344 2835 3492 2889 inve-

1893 2935 2055 2990 nitur.
2088 2932 2396 2988 Tltesaurus
2437 2929 2632 2984 dicitur
2666 2937 2764 2984 :ut
2808 2929 2859 2982 in
2894 2927 3012 2997 ipso
3060 2942 3249 2984 omnes
3281 2925 3492 2980 divitia:

1891 3010 2180 3100 regnorum
2235 3023 2535 3079 coelestium
2573 3063 2587 3086 ,
2637 3036 2756 3092 quae
2803 3019 3265 3088 reconditagsunt,
3317 3033 3483 3090 agno-

1890 3131 2128 3178 scantur.
2155 3118 2354 3190 (Ambr.
2387 3117 2616 3173 conditae
2646 3115 2891 3187 agnosc.)
2924 3115 3078 3170 Retia
3102 3113 3295 3172 dicitur
3325 3113 3486 3184 :quia

1895 3235 1992 3290 per
2024 3218 2220 3286 ipsum,
2248 3223 2302 3270 et
2332 3213 2382 3268 in
2411 3212 2527 3283 ipso
2555 3211 2622 3266 de
2663 3210 2800 3266 mari
2829 3209 3033 3272 saeculi,
3061 3209 3302 3278 gentium
3335 3207 3487 3278 quasi

1893 3309 2183 3368 multitudo
2215 3306 2438 3378 piscium
2469 3307 2520 3360 in
2547 3303 2788 3360 Ecclesia
2812 3309 3230 3373 congregantur,
3275 3301 3364 3356 ubi
3394 3300 3489 3354 bo-

1893 3417 2084 3459 norum
2129 3401 2500 3470 malorumque
2547 3395 2854 3452 discrimina
2898 3400 3316 3465 cognoscuntur.
3351 3393 3491 3448 Ara-

1895 3510 2033 3556 trum
2083 3505 2423 3566 nuncupatur
2456 3493 2618 3564 :quia
2668 3491 2823 3560 signo
2871 3489 3046 3545 erucis
3085 3502 3200 3544 sua:
3245 3489 3484 3557 gentium

1891 3604 2112 3666 pectora
2141 3589 2476 3661 subiguntur,
2509 3596 2567 3641 ut
2596 3582 2906 3640 necessario
2934 3582 3138 3638 'semini
3173 3595 3485 3652 praeparen—

1893 3699 1998 3743 tur.
2048 3686 2192 3741 Fons
2237 3700 2390 3754 aqua:
2430 3681 2730 3751 appellatur
2761 3697 2772 3731 :
2802 3677 2924 3748 quia
2972 3691 3040 3732 ex
3079 3690 3145 3730 eo
3191 3675 3485 3730 sitientium

1893 3782 2056 3838 corda
2103 3779 2342 3835 caelestis
2390 3791 2544 3847 aquae
2585 3773 2756 3845 gratia
2802 3772 3110 3842 irrigantur.
3155 3768 3310 3824 Petra
3354 3768 3488 3822 dici-

1895 3888 1982 3933 tur
2014 3895 2028 3932 :
2063 3875 2186 3945 quia
2228 3871 2571 3929 credentibus
2602 3865 2988 3929 fortitudinem,
3022 3862 3314 3918 incredulis
3340 3861 3486 3915 duri-

1896 3971 2022 4026 tiem
2059 3974 2298 4038 praestat.
2330 3963 2490 4033 Lapis
2519 3962 2715 4016 dicitur
2738 3956 3008 4030 angularis
3034 3975 3045 4012 :
3077 3957 3201 4028 quia
3232 3965 3488 4026 utrosque

1895 4063 2129 4134 parietes
2150 4060 2349 4115 veteris
2377 4073 2438 4112 ac
2464 4057 2585 4111 novi
2618 4051 2952 4109 Testamenti
2978 4067 3114 4106 unus
3145 4051 3410 4106 mediator
3434 4051 3489 4105 in

1895 4155 2190 4223 semetipso
2219 4153 2500 4209 Continens
2529 4149 2820 4221 copulavit.
2842 4148 3026 4218 Agnus
3053 4147 3360 4217 appellatur
3389 4162 3404 4204 ;
3432 4155 3488 4200 ut

1895 4249 2202 4306 innocentia
2235 4247 2437 4303 Christi
2469 4254 2523 4300 et
2563 4243 2740 4314 passio
2766 4243 3182 4297 demonstretur.
3214 4239 3387 4295 Homo
3407 4239 3490 4295 di-

1899 4353 1988 4398 tur
2025 4341 2187 4412 :quia
2243 4339 2539 4396 secundum
2591 4351 2806 4391 carnem
2838 4344 3057 4406 propter
3101 4346 3198 4387 nos
3243 4331 3491 4387 homines

1895 4436 2046 4492 nasci
2093 4435 2344 4506 dignatus
2405 4441 2509 4488 est.
2559 4429 2776 4485 Vitulus
2825 4428 3023 4482 dicitur
3057 4425 3220 4496 :quia
3270 4433 3492 4494 propter

1897 4541 2138 4587 nostram
2170 4529 2396 4584 salutem
2439 4526 2550 4597 pati
2580 4524 2851 4579 sustinuit.
2887 4521 3076 4592 Aquila
3106 4519 3303 4575 dicitur
3330 4537 3343 4574 :
3368 4520 3491 4590 quia

1900 4633 2020 4695 post
2043 4616 2400 4677 venerabilem
2421 4617 2892 4681 resurrectionem,
2919 4613 3070 4682 quasi
3094 4613 3259 4682 remis
3281 4613 3490 4678 alitum,

1899 4717 1964 4772 ad
1990 4717 2202 4771 Patrem
2233 4711 2490 4768 revolavit
2523 4711 2638 4784 (rex
2670 4708 2854 4762 alitum
2879 4705 2944 4760 ad
2972 4705 3146 4759 Patris
3168 4704 3372 4759 revolat
3403 4719 3493 4760 se-

1900 4810 2069 4881 dem).
2098 4808 2241 4862 Idem
2271 4806 2357 4862 leo
2395 4805 2567 4858 dictus
2597 4810 2677 4858 est
2703 4820 2717 4856 :
2745 4801 2867 4872 quia
2895 4800 3011 4870 ipse
3037 4811 3119 4854 est
3161 4813 3254 4854 rex
3285 4813 3492 4869 regum,

1899 4904 1990 4974 qui
2023 4911 2250 4956 mortem
2279 4914 2340 4952 ac
2367 4897 2637 4952 diabolum
2666 4895 2882 4950 virtutis
2909 4908 3021 4948 sua:
3049 4900 3315 4964 potestate
3343 4906 3496 4948 con:—

1904 4997 2116 5052 minuit.
2151 4995 2246 5050 Via
2291 5004 2374 5048 est
2405 5009 2417 5044 :
2449 4992 2570 5062 quia
2606 5005 2700 5060 per
2731 4989 2905 5060 ipsum
2931 5002 3208 5043 accessum
3241 4985 3500 5039 habemus

1911 5091 2231 5163 (adscensus
2260 5086 2362 5158 est)
2420 5084 2484 5139 ad
2515 5084 2684 5138 Deum
2716 5093 2943 5154 patrem.
2979 5081 3188 5135 Veritas
3214 5089 3328 5133 est:
3373 5077 3500 5148 quia

1911 5183 2248 5238 mendacium
2279 5179 2466 5234 nescit.
2493 5178 2611 5233 Vita
2635 5188 2717 5233 est
2745 5196 2756 5230 :
2788 5178 2909 5248 quia
2939 5178 3053 5248 ipse
3085 5174 3331 5229 universa
3365 5171 3505 5228 vivi-

1915 5280 2059 5332 ﬁcat.
2094 5276 2260 5330 Vides
2287 5291 2438 5346 ergo,
2468 5273 2590 5346 quia
2615 5289 2709 5345 per
2734 5273 2849 5328 haec
2872 5271 3131 5326 vocabula
3155 5267 3504 5341 significatio-

1911 5387 2008 5428 nes
2036 5370 2446 5440 dispositionum
2483 5377 2536 5424 et
2565 5382 2786 5438 Operam
2819 5365 3128 5419 divinorum
3159 5372 3506 5434 praeostensa:

1911 5474 2035 5521 sunt
2069 5483 2080 5517 :
2113 5478 2221 5519 non
2255 5471 2432 5518 tamen
2467 5463 2580 5533 ipse
2613 5461 2754 5515 Deus
2800 5473 2894 5528 per
2924 5459 3039 5511 haec
3065 5455 3284 5528 prOprie
3314 5454 3507 5510 delini-

1913 5568 1997 5614 lllS
2023 5566 2125 5614 εει.

1987 5653 2070 5708 Ea“.
2099 5669 2212 5724 cap.
2259 5651 2292 5706 8
2347 5649 2579 5724 prwdicti
2627 5646 2917 5700 Tractatus.
2951 5673 3022 5683 —
3051 5642 3147 5697 Est.
3193 5656 3320 5710 ergo
3351 5641 3513 5696 Pater

1920 5751 2064 5805 Deus
2095 5741 2417 5810 immensus,
2445 5753 2701 5803 aeternus,
2732 5737 3318 5808 incomprehensibilis,
3351 5735 3513 5790 inaes-

1924 5841 2198 5900 timabilis.
2235 5838 2330 5897 Est
2367 5845 2420 5894 et
2453 5835 2618 5892 Filius
2659 5832 2777 5906 ejus
2811 5829 3064 5890 Dominus
3092 5838 3277 5892 noster
3313 5835 3516 5898 tantus,
