4066 6424
583 315 686 368 887
861 322 866 326 ’
1569 312 1632 367 ΙΝ
1676 309 2094 368 FRAGMENTA
2139 315 2192 367 Β.
2239 313 2241 320 ⁴

2313 310 2352 366 ι,
2371 311 2498 366 \llll
2560 309 2862 368 EPISCOP]
3761 318 3846 372 883

579 442 816 506 quantus
840 442 922 488 est
951 432 1146 498 Pater;
1173 431 1270 487 sed
1315 444 1421 486 non
1472 430 1710 496 aliunde,
1741 427 1837 485 sed
1872 429 1940 485 de
1967 429 2126 486 Patre
2161 449 2172 484 :
2207 437 2260 496 Α
2285 431 2572 502 imaginem
2599 441 2975 488 cernerentur.
3026 432 3160 488 Nam
3205 431 3401 488 Filium
3429 433 3546 504 quis
3578 435 3751 492 videre
3774 452 3851 509 po-

584 529 707 599 quia
751 528 943 598 inquit,
996 525 1072 581 De
1101 525 1258 581 Patre
1287 526 1438 593 exivi,
1483 529 1583 579 hoc
1627 533 1731 587 est,
1783 525 1962 579 lumen
1992 523 2060 579 de
2108 525 2189 579 lu-
2294 528 2391 579 tnit
2440 534 2730 594 antequam
2764 526 3186 594 conspicabilem
3224 528 3500 583 materiam
3530 545 3649 584 cum
3683 531 3853 600 placuit

587 620 751 677 mino.
779 620 930 688 Quod
961 620 1004 674 si
1032 621 1197 674 lilium
1221 620 1395 689 (Apud
1419 619 1650 672 Ambros.
1680 619 1782 672 huc
1812 619 2018 673 accedit
2041 617 2184 690 quod
2290 620 2604 691 assumpsit,
2631 623 2710 674 vel
2738 620 2914 688 ipsum
2945 620 3216 674 hominem
3246 621 3468 676 induere
3490 623 3733 692 dignatus
3753 629 3853 678 e~t?

590 717 669 770 sic
701 715 895 785 lilium)
923 715 1040 779 Dei,
1091 723 1149 769 ut
1175 717 1284 784 jam
1315 714 1517 768 dictum
1549 725 1653 778 est,
1683 716 1853 768 visum
1887 730 1916 767 a
1947 715 2188 784 patribus
2289 713 2422 782 Quia
2467 728 2521 768 et
2563 716 2607 768 si
2654 713 2886 770 Abraha:
2910 716 3055 770 visus
3083 727 3188 780 εει,
3217 714 3311 771 sed
3357 717 3408 770 in
3443 716 3608 770 forma
3659 717 3848 774 humani

585 809 970 879 approbamus,
999 816 1056 861 ut
1082 823 1190 862 non
1216 815 1384 860 totum
1415 807 1466 860 in
1511 805 1602 860 illo
1633 805 1776 876 quod
1810 805 1905 861 Dei
1929 815 2014 861 est
2041 807 2181 860 vide-
2290 807 2537 874 corporis
2569 806 2715 862 visus
2757 817 2857 872 est,
2902 823 3005 878 qua
3047 809 3115 862 de
3158 809 3277 878 ejus
3306 808 3480 863 fuerat
3508 825 3668 866 carne
3708 814 3856 880 (Apud

593 914 744 959 retur
774 921 787 957 :
819 902 914 958 sed
946 901 1331 971 dispositiones
1365 915 1543 954 rerum
1575 899 1897 962 futurarum,
1926 915 2047 970 qua:
2074 902 2185 955 suis
2294 899 2526 954 Ambros.
2563 916 2670 970 quo
2700 901 2818 956 scil.
2866 902 3155 970 postremis
3196 903 3528 973 temporibus
3576 904 3626 958 in
3668 904 3854 961 homine

587 994 890 1065 quibusque
923 991 1260 1063 temporibus
1284 989 1621 1058 compleudw
1648 999 1824 1055 erant,
1851 991 1902 1044 in
1949 993 2063 1060 ipso
2091 1006 2185 1062 per
2293 1004 2552 1048 venturus
2578 1008 2698 1049 esse
2719 993 3143 1065 ostenderetur).

1347 1175 1508 1257 DE
1583 1174 2130 1258 ESSENTIA
2213 1177 2622 1260 PATRIS
2698 1177 2848 1259 ET
2933 1109 3248 1260 FILII-

1518 1336 1840 1399 CONTRA
1883 1337 2364 1400 utenE'rtcos
2408 1309 2649 1400 LIBER
2691 1338 2917 1402 UNUS.

666 1541 816 1596 Hunc
843 1557 1042 1611 quoqtte
1085 1539 1270 1593 librunt
1315 1554 1346 1590 a
1393 1535 1654 1590 Ludovico
1689 1534 1869 1588 illirazo
1917 1549 1978 1586 ex.
2017 1529 2192 1583 Victo—
2296 1534 2480 1587 transit
2515 1539 2584 1589 ad
2622 1537 2714 1592 lib.
2740 1553 2853 1604 vm,
2886 1537 3023 1594 unde
3055 1539 3276 1610 primum
3303 1538 3586 1610 prazmissis
3613 1539 3863 1606 vocabulis,

593 1637 708 1690 rina
731 1635 1032 1688 bibliotheca
1059 1634 1340 1704 vulgatum.
1373 1648 1399 1686 e
1441 1630 1584 1684 libris
1623 1631 1686 1683 de
1716 1627 1966 1682 Trinitate
1993 1625 2188 1694 con/la-
2298 1625 2516 1682 Fratres
2537 1629 2664 1691 mei,
2699 1631 2936 1684 exscribit
2959 1631 3068 1684 lucc
3097 1647 3240 1685 num.
3277 1630 3363 1685 Η.
3389 1633 3519 1696 Qum
3549 1633 3744 1700 scripta
3765 1643 3862 1687 sunt

595 1740 706 1782 tum
733 1743 840 1782 esse
866 1727 1062 1796 primus
1099 1725 1378 1779 observavit
1416 1722 1660 1778 Gillotius
1685 1738 1703 1776 :
1733 1721 1818 1792 qui
1858 1719 2001 1784 locis,
2031 1735 2057 1772 e
2081 1717 2195 1788 qui-
2297 1718 2560 1789 legamus,
2593 1731 2645 1775 et
2674 1737 2794 1793 qum
2827 1723 3115 1794 legerimus
3145 1724 3504 1794 intelligamus
3538 1743 3551 1777 :
3585 1733 3632 1777 et
3658 1726 3737 1778 ubi
3759 1743 3863 1794 pcr-

596 1823 689 1876 bus
720 1833 955 1876 centones
975 1821 1163 1892 quique
1185 1819 1419 1872 distracti
1448 1827 1590 1880 sunt,
1625 1816 1832 1875 notatis.
1861 1825 2046 1868 ctctera
2072 1829 2197 1882 sup—
2233 1854 2273 1913 B
2301 1814 2435 1900 venit
2463 1814 2532 1866 ad
2564 1816 2714 1870 verba
2744 1833 2883 1869 nunt.
2927 1816 3019 1873 20.
3045 1819 3240 1872 Omnia
3271 1833 3390 1887 qua:
3415 1819 3581 1874 habet
3610 1818 3775 1884 Pater,
3805 1821 3868 1872 Fi‘

599 1911 806 1984 pressit.
847 1911 916 1966 Et
940 1929 1060 1967 vero
1087 1911 1198 1981 quis
1223 1909 1415 1964 rivulos
1463 1909 1696 1979 quieritet
1731 1907 2052 1979 (luculentas,
2083 1919 2197 1958 cum
2233 1906 2270 1913 ”
2303 1906 2356 1960 lii
2387 1917 2551 1963 Sunt:
2581 1920 2634 1962 et
2678 1911 2859 1963 omnia
2890 1926 3010 1978 quae
3039 1909 3160 1964 Filii
3203 1920 3346 1976 sunt,
3395 1911 3574 1966 Patris
3614 1922 3751 1966 sunt.
3779 1913 3869 1982 Ipse

597 2025 784 2081 purum
815 2013 1008 2079 fontem
1028 2007 1096 2060 ad
1125 2022 1335 2059 manum
1367 2003 1596 2058 habeat?
2304 1999 2447 2053 enim
2475 2001 2571 2063 ait,
2603 1999 2669 2054 Et
2703 2018 2819 2054 mea
2853 2003 3034 2056 omnia
3064 2011 3155 2056 tua
3183 2010 3330 2069 sunt,
3364 2013 3413 2057 el
3449 2014 3538 2058 tua
3575 2021 3688 2059 mea
3716 2008 3870 2068 ;omit-

666 2101 930 2172 Loquitur
961 2100 1447 2169 Evangelium,qni
1480 2114 1585 2153 non
1618 2095 1941 2151 honoriﬁcat
1971 2093 2193 2158 Filium,
2305 2092 2362 2145 tit
2412 2109 2528 2164 qua:
2578 2094 2640 2148 ab
2697 2095 2816 2148 hinc
2853 2097 2920 2148 ad
2961 2095 3184 2148 medium
3231 2112 3376 2150 aunt.
3428 2095 3492 2151 2|
3543 2097 3871 2153 intercedunt:

593 2213 706 2254 non
749 2194 1073 2250 honoriﬁrat
1121 2193 1341 2248 Patrem
1381 2193 1474 2262 qui
1517 2191 1665 2246 misit
1712 2189 1882 2244 illum.
1933 2185 2200 2242 Conclusa
2305 2189 2439 2241 unde
2467 2204 2676 2242 rursum
2715 2190 2994 2244 exscribit:
3027 2189 3376 2246 Viviticamur
3405 2206 3538 2262 ergo
3576 2204 3780 2261 prepter
3815 2194 3874 2245 in-

594 2299 722 2346 sunt
751 2289 934 2344 omnia
973 2287 1242 2340 adversus
1284 2285 1526 2340 haeretici
1561 2282 1758 2338 furoris
1792 2282 2025 2352 ingenia.
2064 2287 2200 2344 etc.,
2307 2279 2642 2336 habitantem
2678 2283 2730 2336 in
2779 2283 2934 2338 nobis
2974 2284 3238 2354 Spiritum
3263 2283 3492 2349 Clu-isti,
3541 2296 3677 2346 etc.,
3709 2286 3767 2338 ad
3793 2287 3874 2338 lucc

596 2401 662 2440 ea;
702 2384 791 2438 lib.
823 2399 895 2437 vn
922 2382 985 2435 de
1012 2379 1160 2436 Trin.
1202 2398 1234 2434 a
1265 2396 1410 2433 num.
1449 2379 1514 2434 21
1554 2389 1664 2446 post
1700 2377 1947 2442 medium,
1995 2375 2064 2428 ad
2093 2377 2201 2428 ha'c
2307 2391 2466 2445 usque
2496 2391 2637 2429 num.
2671 2373 2760 2430 26.
2797 2374 3012 2430 Habitat
3055 2374 3199 2431 enim
3230 2377 3282 2430 in
3331 2376 3490 2430 nobis
3527 2377 3772 2432 Christus
3799 2394 3810 2430 :
3835 2387 3875 2430 ct

598 2478 830 2551 ejusdem
871 2475 987 2529 libri
1033 2491 1178 2528 num.
1209 2473 1298 2528 5|.
1333 2471 1402 2526 Et
1438 2472 1561 2543 quia
1604 2468 1871 2525 calumnia
1911 2469 2038 2522 dicti
2069 2479 2204 2522 tam-
2311 2469 2590 2524 habitante
2632 2468 2852 2524 ChriSto
2885 2470 3088 2524 habitat
3119 2471 3280 2525 Deus.
3329 2468 3549 2525 Demunt
3583 2470 3781 2540 reliquis
3805 2471 3877 2520 lut-

597 2587 759 2641 qnam
793 2569 1080 2624 insolentis
1112 2567 1421 2629 exsisteret,
1466 2574 1524 2619 ut
1569 2563 1955 2619 conscientiam
1991 2563 2205 2631 (poten-
2301 2565 2393 2636 jus
2415 2563 2617 2616 numeri
2643 2564 2807 2617 verbis
2835 2565 3056 2630 omissis,
3083 2573 3344 2631 comparet
3374 2563 3583 2616 initium
3610 2563 3791 2615 numeri
3807 2562 3876 2622 ‘17,

599 2663 753 2728 tiam)
784 2665 962 2733 potius
1013 2672 1220 2714 natura:
1250 2661 1674 2719 demonstraret.
1716 2657 1914 2722 Quibus
1957 2653 2204 2709 subnectit
2310 2671 2409 2720 quo
2437 2664 2541 2708 toto
2579 2671 2640 2708 ac
2667 2654 3000 2721 subsequente
3026 2659 3133 2727 fere
3179 2665 3284 2709 toto
3329 2655 3617 2725 descripto,
3659 2654 3878 2708 clauditur

600 2767 782 2810 auctor
811 2753 922 2808 haec
950 2770 1094 2807 num.
1127 2753 1216 2808 53.
1252 2751 1320 2806 Et
1356 2750 1638 2805 audiamus
1669 2765 1792 2804 eum
1821 2765 2036 2803 omnem
2081 2747 2207 2802 ﬁdei
2312 2747 2436 2801 liber
2475 2749 2552 2802 his
2596 2749 2757 2802 verbis
2781 2765 2799 2802 :
2831 2749 2888 2805 Si
2921 2765 3050 2804 vero
3091 2765 3190 2820 per
3220 2749 3534 2818 adOptivum
3589 2764 3776 2805 nomen
3814 2748 3878 2802 hic

603 2849 767 2920 hujus
793 2847 1160 2920 cognitioaem
1196 2846 1474 2918 Apustolis
1518 2847 1848 2900 revelantem
1883 2843 1998 2898 :ait
2035 2845 2205 2908 enim,
2312 2843 2564 2898 dominus
2609 2857 2710 2908 est,
2745 2842 2949 2907 Spiritu
2997 2853 3186 2900 Sancto
3235 2859 3428 2898 carens
3469 2844 3669 2913 spiritu
3713 2843 3880 2898 erroris

603 2943 718 3012 Ego
742 2957 862 2997 sum
890 2941 975 2997 via
1009 2952 1059 2995 et
1101 2941 1302 2994 veritas
1333 2952 1386 2994 et
1432 2940 1562 3000 vita,
1595 2938 1695 2990 nisi
1715 2937 1852 3006 quod
1883 2953 1976 3004 pro
2009 2937 2071 2992 Et
2115 2952 2208 2990 au-
2313 2937 2610 3002 animaris;
2641 2937 2764 3006 quia
2813 2952 2974 2991 nemo
3014 2937 3113 2991 nisi
3148 2938 3198 2992 in
3246 2937 3450 3006 Spiritu
3492 2948 3690 2992 sancto
3731 2935 3879 2990 Domi-

605 3035 856 3100 diamus,
908 3035 1053 3104 ponit
1103 3032 1229 3086 audi
1271 3051 1284 3087 :
1334 3049 1395 3086 ac
1448 3031 1774 3101 prosequitur
1827 3047 1988 3101 usque
2033 3030 2209 3084 istharc
2313 3047 2441 3086 num
2470 3031 2652 3086 Jesum
2678 3042 2855 3101 p0test
2877 3031 3059 3087 dicere
3092 3032 3310 3100 :quibus
3339 3041 3520 3086 auctor
3545 3033 3731 3104 adjecit
3751 3032 3872 3084 dum-

601 3145 746 3184 num.
781 3128 870 3192 59,
901 3137 957 3182 ιιι
999 3127 1083 3182 hic
1113 3126 1325 3181 Domini
1370 3141 1550 3180 sermo
1578 3134 1918 3193 sequeretur,
1945 3123 2062 3178 Non
2091 3139 2212 3178 crc-
2315 3136 2478 3192 taxat,
2508 3127 2631 3197 quia
2659 3126 2773 3197 ipse
2804 3136 3062 3197 operatur
3091 3125 3274 3181 omnia
3303 3125 3358 3180 in
3397 3125 3676 3181 omnibus.

600 3222 728 3278 ditis
759 3224 1014 3290 quoniam
1056 3235 1158 3289 ego
1204 3221 1256 3275 in
1287 3219 1468 3282 Patre.
1513 3228 1567 3274 et
1617 3219 1777 3274 Pater
1807 3219 1858 3272 in
1899 3219 2024 3272 me?
2069 3217 2208 3272 Hinc
2235 3208 2279 3270 C

1640 3400 1894 3482 MON
1909 3400 2024 3481 IT
2041 3401 2214 3483 UM
2284 3400 2882 3486 EDITORIS.

677 3543 776 3596 Hic
803 3542 856 3596 in
888 3540 1127 3596 editione
1156 3539 1481 3604 Veronensi,
1511 3553 1670 3609 qnam
1695 3538 2024 3603 recndimus,
2057 3551 2207 3591 men-
2315 3539 2428 3593 sive
2453 3538 2858 3610 chmuulogiam
2907 3541 3028 3597 sive
3055 3540 3216 3596 etiam
3247 3538 3458 3593 illarum
3489 3546 3704 3594 textum
3743 3544 3884 3590 atten-

605 3635 754 3689 tione
796 3633 933 3688 lacta
972 3633 1038 3687 de
1078 3631 1286 3687 duabus
1331 3630 1577 3699 epistolis
1622 3629 1817 3684 Hilarii
1857 3631 1924 3683 ad
1963 3629 2209 3702 Augusti-
2314 3635 2459 3690 denti
2489 3634 2640 3707 (νεά.
2671 3632 2803 3708 Opp.
2830 3633 2966 3707 Aug.
2993 3643 3027 3688 t.
3061 3648 3097 3689 ιι
3127 3652 3215 3706 pp.
3237 3632 3401 3688 673a
3428 3630 3561 3688 l007
3577 3627 3882 3698 nost.edit.);

606 3744 726 3782 num
766 3727 1062 3797 inscriptis,
1093 3726 1340 3796 sequitur
1373 3725 1730 3796 fragmentum
1760 3727 1972 3779 titulum
2005 3726 2211 3780 habens
2314 3742 2415 3782 nec
2441 3725 2595 3781 Fides
2624 3726 2825 3781 Alcumi
2852 3728 2941 3781 alii
2969 3743 3126 3797 quam
3157 3725 3454 3796 percelebri
3474 3729 3743 3779 monacho
3762 3721 3884 3791 cujus

608 3820 888 3891 praafixum
923 3817 1082 3874 Fides
1130 3819 1357 3874 Alcuini.
1405 3819 1604 3874 Horum
1651 3833 1779 3874 vero
1833 3829 2212 3873 mumnncutu-
2317 3819 2534 3873 nomine
2582 3819 2883 3889 insiguitnr,
2913 3818 3077 3872 salvis
3107 3816 3308 3872 criticu-
3340 3816 3560 3887 regulis,
3614 3811 3882 3886 adjudicari

604 3929 723 3968 rum
749 3924 997 3969 neutrum
1021 3929 1086 3967 eo
1110 3912 1214 3968 loci
1245 3912 1505 3969 recudere
1535 3912 1844 3979 debuimus,
1885 3911 2214 3984 quandoqui-
2314 3924 2496 3984 queat,
2521 3913 2934 3986 autaliasquam
2968 3913 3107 3968 inter
3131 3909 3299 3983 ipsius
3326 3908 3502 3982 Opera
3532 3910 3886 3966 convenienter

605 4006 728 4061 dem
771 4022 869 4062 nec
913 4005 1240 4075 supradictae
1266 4005 1510 4075 epistola:
1538 4005 1606 4061 ad
1646 4009 1935 4063 Auctorem
1970 4013 2210 4060 nostrum
2313 4007 2589 4062 collocari.

608 4098 914 4168 pertineant
955 4109 1048 4154 aut
1093 4099 1364 4170 pertinere
1395 4099 1624 4168 possint,
1673 4109 1731 4154 ut
1774 4101 1970 4170 cuique
1997 4098 2204 4170 patebit

618 3331 3838 3364 Ν

617 4199 3865 4240 W

1661 4352 2296 4459 NICOLAI
2420 4351 2902 4521 EABRI

679 4587 744 4656 θ
809 4567 983 4691 ΙΝ
1077 4562 2190 4697 FRAGMENTA
2292 4564 2930 4697 SANCTI
3033 4562 3731 4699 HILARII

1932 4791 2578 4876 PBZEFATIO.

682 4927 818 4983 Huic
887 4927 1045 4996 Operi
1092 4936 1291 4982 tantum
1324 4927 1608 4998 adjecimus
1664 4930 1872 4984 notulas
1920 4929 1988 4984 ad
2042 4930 2198 4983 imam
2233 4928 2816 4998 Dum-stne.beati
2844 4928 3030 4985 llilarii
3063 4931 3394 4987 Pictavensis
3423 4933 3666 5003 episcOpi
3720 4932 3884 4988 librum

603 5023 850 5097 paginam
903 5023 1175 5092 ascriptus.
1196 5021 1327 5076 Cum
1356 5033 1527 5078 autem
1554 5035 1822 5079 auctorum
1853 5025 2008 5079 verba
2031 5040 2199 5079 excer-
2310 5037 2340 5077 a
2365 5024 2481 5076 viro
2523 5022 2766 5089 doctrina
2790 5064 2804 5087 ,
2848 5023 3163 5092 prudentia.
3221 5040 3540 5096 morumque
3611 5028 3885 5099 integritate

606 5131 728 5187 pere
751 5115 876 5169 satis
903 5115 1161 5168 habuisset
1193 5113 1383 5181 Faber,
1433 5132 1524 5170 nec
1549 5127 1778 5171 curasset
1811 5127 1989 5172 notare
2018 5135 2116 5186 quo
2145 5134 2209 5172 ex
2313 5117 2650 5181 tnaximu,P.
2674 5116 2886 5174 Pithmo
2901 5115 3445 5187 snprema’voluntate
3466 5119 3735 5186 relictum,
3753 5134 3887 5175 mea:-

603 5206 736 5262 libro
762 5223 822 5261 ea
852 5207 1207 5278 excerpsisset,
1228 5208 1544 5262 commodius
1561 5211 1723 5263 visum
1747 5220 1819 5263 est
1839 5212 2206 5266 historicorum
2313 5226 2418 5280 que
2469 5209 2588 5265 lidei
2614 5251 2630 5277 ,
2665 5218 2722 5264 ut
2764 5209 2974 5265 Sulldlls
3003 5208 3072 5265 ad
3103 5221 3154 5265 te
3187 5213 3542 5280 perveniret,
3599 5213 3650 5269 id
3682 5212 3885 5269 estsine

599 5315 870 5354 sacrorum
901 5300 1040 5354 locos
1089 5299 1372 5353 secundum
1420 5299 1669 5356 editiones
1722 5301 1928 5370 Valesii,
1973 5304 2205 5374 quamvis
2315 5303 2422 5358 ulla
2444 5303 2773 5358 deductione
2803 5312 2857 5358 et
2886 5319 3046 5374 quam
3091 5307 3300 5374 optimo
3347 5307 3471 5376 jure
3511 5307 3651 5377 apud
3683 5314 3882 5362 testato-

606 5391 782 5448 Fabro
808 5395 1117 5464 posteriores
1148 5393 1399 5448 indicare.
2314 5415 2428 5454 rem
2447 5441 2460 5466 ,
2511 5397 2613 5454 fuit
2639 5397 3014 5453 commissum.
3045 5398 3239 5453 Munus
3261 5410 3373 5466 est,
3402 5401 3444 5454 si
3469 5401 3597 5456 fulia
3633 5413 3881 5464 numeres,

673 5528 992 5584 Clarissimn
1028 5529 1147 5584 vim
1181 5528 1298 5585 hc.
1340 5529 1592 5586 AUGUSTO
1630 5529 1858 5587 Tum“
1886 5531 2037 5589 Sacri
2069 5548 2204 5589 con.
2315 5507 2421 5547 nnn
2449 5492 2605 5547 valde
2637 5507 2912 5562 magnum,
2967 5491 3064 5548 sed
3115 5493 3161 5548 si
3203 5494 3447 5550 auctoris
3477 5492 3882 5566 dignitatem,si

528 5679 536 5688 ,
599 5621 1193 5688 sistoriiConsiliario,
1227 5623 1570 5696 Senatusque
1611 5625 1936 5681 Parisiensis
1963 5627 2202 5702 Praesidi
2314 5585 2480 5702 TITI
2532 5585 3114 5702 “Iris::mfieﬁlin
3369 5600 3878 5702 €f“’""_"’f“g°_°""f

602 5715 926 5772 doctissimo
965 5727 1126 5786 atque
1150 5717 1888 5786 prudentissimo,Nicouus
1912 5696 2195 5779 ἤθελε.
2311 5678 2497 5788 derei’
2526 5681 2839 5788 Enimn?"
2888 5693 2946 5736 ut
2991 5696 3096 5786 lion
3144 5694 3581 5788 ‘1?“‘39955"""'“
3632 5699 3755 5740 esse
3805 5699 3880 5788 im.

2309 5785 2490 5843 queat.
2526 5773 2642 5829 Tibi
2676 5777 2818 5829 enim
2871 5777 3112 5830 omnium
3143 5777 3552 5846 disciplinarum
3582 5794 3778 5848 genere
3808 5778 3875 5831 in-

680 5848 728 5898 ι.
795 5846 961 5912 Quale
1006 5847 1101 5902 hoc
1134 5847 1298 5916 Opus.
1333 5881 1397 5892 -π-
1420 5851 1563 5910 Ecce
1589 5855 1684 5912 tibi
1706 5855 1961 5924 restituo,
1993 5873 2202 5917 passes
2308 5865 3125 5933 structissimo,Gallicaasalutis
3148 5884 3211 5925 ac
3229 5868 3400 5926 laudis
3423 5846 3873 5934 amanlissimo,et
