4066 6424
227 349 333 409 88.9

1374 343 1645 402 NIIIOIAI
1691 338 1894 397 FABRI
1935 341 2321 400 PRACFATIO.

3423 343 3528 399 890

226 467 466 538 antiqua:
493 463 710 535 pietatis
753 478 816 519 ac
858 462 1176 519 constantirc
1225 460 1628 517 studiosissimo
1654 500 1669 524 ,
1715 470 1820 511 non
1848 454 2016 525 Ane,
2045 469 2104 514 ut
2123 474 2249 516 eum
2303 459 2550 532 indigitat
2600 459 2973 517 Nazianzenus
3015 456 3133 530 (0r.
3165 473 3282 526 xxi,
3314 475 3366 512 η.
3411 453 3529 530 55),

227 569 405 629 potest
436 573 541 612 non
570 557 930 629 gratis~ininm
963 571 1085 612 esse
1115 555 1320 624 antiqui
1344 554 1626 625 scriptoris
1652 550 1818 616 Galli,

226 651 631 722 Tlieolngorum
662 653 749 718 qui
786 652 836 703 in
870 649 1163 705 Occidente
1194 648 1496 704 llortterunt
1535 647 1825 703 celeberri-

227 750 302 801 mi
325 761 388 800 ac
417 743 784 812 disertissimi,
815 745 1159 815 cxcelsmque
1204 743 1437 806 arboris,
1489 751 1547 797 ut
1577 758 1698 796 eum
1734 756 1829 793 vo-

227 848 320 895 cat
365 838 424 893 Β.
459 837 820 910 Hieronymus
847 835 1068 910 (Comm.
1100 838 1155 891 in
1198 834 1326 891 Emi
1355 852 1403 890 c.
1431 834 1544 907 1.x),
1573 849 1675 904 qua
1699 830 1830 887 aedi-

230 931 386 986 ficata
417 943 500 986 eSt
527 931 756 986 ecclesia
792 929 905 995 Dei,
949 931 1014 983 ad
1045 929 1162 986 ba:e
1185 930 1347 984 etiam
1380 928 1662 984 fortissimi
1693 943 1827 982 con-

230 1023 458 1080 fessoris
487 1022 708 1087 librum,
741 1022 810 1078 de
830 1022 1148 1094 gravissima
1174 1024 1417 1079 omnium
1445 1037 1565 1095 quae
1594 1036 1828 1092 unquam

227 1116 287 1174 in
332 1117 572 1175 Ecclesia
613 1116 829 1173 fuerunt
857 1117 1227 1174 controversia
1257 1122 1540 1186 scriptum,
1595 1126 1715 1185 post
1751 1124 1832 1172 tot

229 1223 406 1264 annos
435 1224 466 1265 e
508 1210 748 1266 tenebris
779 1218 991 1265 erutum
1029 1210 1314 1265 clarissimi
1342 1210 1416 1264 tui
1446 1208 1680 1264 nominis
1706 1222 1832 1263 aus-

229 1301 390 1374 piciis
418 1303 589 1358 lucem
636 1303 900 1374 aspicere.
933 1302 1060 1358 Haec
1087 1303 1188 1357 etsi
1212 1303 1345 1358 satis
1387 1301 1456 1358 ad
1484 1299 1832 1357 commenda-

231 1399 439 1454 tionem
481 1400 720 1453 muneris
752 1398 986 1463 valeant,
1019 1397 1160 1468 apud
1191 1405 1246 1454 te
1299 1399 1568 1468 praecipue
1596 1395 1691 1466 qui
1733 1410 1831 1466 pro

230 1502 327 1549 tuo
371 1509 498 1563 erga
541 1492 749 1548 litteras
793 1491 1227 1562 religionemque
1275 1493 1488 1557 studio,
1542 1496 1832 1560 erectaque

230 1599 396 1660 atque
424 1588 653 1643 infracto
679 1587 942 1642 adversus
965 1586 1182 1643 divitias
1204 1590 1486 1657 fumosque
1511 1585 1738 1648 aulicos,
1764 1584 1832 1639 ad

230 1697 356 1753 qua:
378 1683 490 1736 sola
521 1697 663 1736 nunc
713 1680 1077 1746 concurritur,
1111 1682 1294 1734 animo
1325 1694 1540 1747 semper
1570 1679 1620 1732 id
1662 1692 1833 1750 genus

231 1776 492 1845 reliquias
521 1774 768 1830 Attalicis
797 1771 1198 1828 conditionibus
1220 1772 1499 1843 prtetulisti
1540 1789 1553 1825 :
1589 1769 1830 1826 Passieni

1930 555 2115 608 στύλον
2142 562 2235 617 τῆς
2262 555 2526 619 ἐκκλησίας-
2574 557 2921 620 verebantur,
2964 550 3230 608 cuniculis
3271 550 3325 606 id
3371 563 3532 620 agerc

1931 652 2265 709 statuerunt,
2323 650 2604 718 ἰρμιιιιισιιιθ
2639 648 2992 703 Athanasium
3023 648 3074 700 in
3119 645 3305 717 primis
3337 643 3534 700 tollen-

1930 737 2057 793 dum
2085 740 2548 812 evertcndumque
2569 745 2941 811 susceperunt.
2972 741 3108 796 Hinc
3142 740 3250 795 illa:
3276 739 3344 793 de
3369 736 3533 792 Arse-

1931 833 2022 888 nio
2051 833 2358 901 interfecto,
2413 845 2469 891 et
2514 833 2792 891 confracta
2819 836 2990 890 calice
3037 834 3205 890 sacris
3257 831 3530 904 mysteriis

1931 928 2200 984 destinato
2230 931 2552 986 calumniae:
2580 947 2806 1002 quarum
2840 937 3107 1002 praetextu
3135 944 3256 984 cum
3285 943 3314 982 a
3345 926 3534 983 factio-

1931 1020 2008 1076 sis
2053 1021 2373 1092 depositus,
2430 1023 2882 1092 Intperatorisque
2933 1023 3156 1078 decreto
3204 1022 3256 1076 in
3310 1020 3529 1076 exilium

1933 1114 2131 1170 missus
2158 1123 2326 1182 esset,
2353 1124 2498 1172 totus
2528 1116 2675 1172 orbis
2706 1117 2842 1172 tanti
2898 1116 3000 1171 viri
3049 1131 3178 1171 casu
3232 1127 3531 1170 concussus

1933 1219 2036 1264 est.
2070 1208 2210 1278 Quin
2257 1210 2419 1264 etiam
2451 1224 2574 1266 cum
2607 1210 2830 1282 synodis
2861 1208 3241 1264 Alexandrina:
3266 1249 3281 1274 ,
3336 1207 3532 1262 Roma-

1935 1319 2040 1370 na:,
2071 1313 2125 1359 et
2152 1304 2502 1360 (ecumenicte
2546 1303 2856 1360 Sardicensi
2909 1301 3234 1357 Athanasius
3263 1315 3416 1356 suam
3449 1299 3530 1354 in-

1935 1396 2242 1453 nocentiam
2288 1395 2666 1467 approbasset,
2697 1396 3115 1450 calumniatores
3143 1408 3275 1450 vero
3304 1408 3410 1448 non
3440 1406 3530 1446 so-

1937 1489 2046 1544 lum
2078 1498 2156 1544 tot
2178 1489 2461 1544 sententiis
2481 1488 2716 1544 convicti
2758 1497 2921 1559 atque
2947 1486 3207 1552 damnati,
3234 1484 3330 1541 sed
3368 1485 3532 1540 etiam

1936 1581 2137 1636 libellis
2164 1581 2362 1636 oblatis
2417 1581 2591 1637 eidem
2645 1581 2721 1654 (τι)
2751 1581 3059 1636 Sardicensi
3091 1578 3323 1653 syno'do,
3363 1577 3533 1634 Iulio-

1937 1691 2040 1748 que
2079 1675 2320 1730 I’ontiiici
2383 1675 2538 1730 Itoni.
2590 1675 2834 1730 criminis
2888 1673 3109 1730 admissi
3154 1672 3535 1742 haereseosque

1939 1768 2149 1823 veniam
2199 1767 2518 1836 deprecati,
2576 1767 2838 1824 Ecclesiae
2881 1767 3250 1823 communioni
3307 1765 3538 1823 fuissent

231 1878 414 1926 tamen
441 1869 726 1924 sententia:
749 1868 794 1922 si
822 1868 961 1923 bene
993 1876 1046 1922 te
1073 1865 1220 1934 novi,
1252 1865 1503 1926 accedes.
1556 1863 1835 1934 plurisque
1862 1861 1913 1922 B
1941 1860 2161 1926 redditi;
2196 1859 2387 1915 iterum
2421 1873 2596 1916 tamen
2648 1876 2809 1915 canes
2858 1859 2923 1915 ad
2974 1859 3235 1914 vomitum
3288 1858 3532 1926 reversi,

232 1962 289 2018 in
326 1978 392 2019 eo
437 1961 600 2018 facies
644 1961 902 2030 judicium
952 1961 1302 2016 eruditissimi
1366 1955 1834 2026 cordatissimique

231 2057 354 2122 viri,
389 2055 480 2127 qni
511 2064 562 2110 te
584 2055 710 2109 dum
740 2054 871 2109 vixit
897 2096 911 2119 ,
941 2054 1008 2107 ob
1030 2054 1303 2124 egregiam
1345 2051 1682 2117 doctrinam,
1709 2066 1837 2120 pru-

230 2148 496 2210 dentiam,
541 2147 890 2219 studiumque
935 2161 998 2202 ac
1039 2147 1292 2218 pietatem
1326 2147 1376 2200 in
1410 2145 1562 2200 Hem.
1618 2146 1671 2200 iti
1717 2144 1836 2216 qui-

232 2245 343 2301 bus
385 2253 561 2298 tecum
587 2242 954 2313 COIISpirabal,
986 2242 1143 2296 unice
1172 2241 1370 2296 amavit
1397 2247 1452 2295 et
1499 2239 1690 2306 coluit,
1717 2253 1833 2294 mo-

232 2339 492 2408 riensque
539 2351 650 2391 sua:
693 2351 818 2404 erga
861 2344 912 2390 te
962 2348 1242 2405 propensa:
1289 2332 1581 2388 voluntatis
1623 2332 1836 2402 publice

233 2431 340 2489 hoc
367 2431 731 2488 testimonium
760 2431 1061 2502 posteritati
1086 2442 1299 2486 exstare
1322 2429 1516 2486 voluit.

305 2570 360 2626 2.
401 2568 552 2637 Quod
589 2568 781 2623 Hilarii
805 2569 891 2624 sit.
921 2598 992 2608 —
1028 2567 1105 2625 De
1132 2577 1355 2624 auctore
1381 2583 1510 2624 vero
1533 2568 1688 2624 istius
1714 2567 1836 2624 libri

234 2680 399 2720 nemo
428 2663 601 2719 codici
649 2679 808 2719 manu
841 2666 1066 2734 scripto,
1099 2666 1190 2735 qui
1220 2664 1282 2719 B.
1339 2663 1543 2719 Hilario
1586 2680 1711 2721 eum
1742 2664 1838 2718 ad-

233 2759 446 2824 scribit,
472 2756 630 2814 fidem
656 2757 928 2823 detrahet,
957 2757 1164 2829 virique
1196 2759 1431 2828 potentis
1465 2759 1674 2813 titulum
1706 2759 1838 2812 alie-

233 2867 322 2908 na:
372 2853 702 2919 possessioni
751 2852 970 2907 affixam
995 2854 1422 2909 controversiam
1455 2854 1714 2920 movebit,
1748 2855 1838 2924 qui

235 2943 364 3017 styli
385 2945 466 3000 vel
486 2945 680 3016 ingenii
711 2945 843 3000 tanti
868 2945 1107 3000 doctoris
1133 2945 1364 3016 aliquem
1391 2957 1605 3017 gustum
1637 2946 1841 3003 habue-

235 3041 310 3095 rit
353 3055 370 3106 ;
414 3038 459 3094 si
487 3039 706 3111 quidem
742 3040 929 3112 longas
978 3049 1032 3095 et
1080 3039 1346 3096 involutas
1373 3052 1426 3097 et
1472 3041 1660 3098 Gallici
1689 3041 1838 3096 Rho-

235 3130 396 3194 dani,
433 3141 492 3187 ut
518 3131 735 3188 violenti
765 3147 828 3187 ac
860 3133 1170 3204 prterapidi,
1201 3135 1280 3190 sic
1317 3135 1478 3190 etiam
1507 3136 1838 3207 aliquantum

239 3225 355 3280 limi
386 3239 570 3280 secum
625 3225 913 3291 trahentis,
961 3243 1068 3298 quo
1098 3227 1415 3283 charactere
1444 3228 1590 3282 naris
1614 3241 1840 3284 emunc-

239 3317 465 3376 tissiina:
489 3320 726 3387 scriptor
755 3320 869 3389 ipse
901 3317 1265 3392 Hieronymus
1286 3319 1487 3389 scripta
1519 3320 1705 3376 Hilarii
1733 3321 1835 3391 sig-

236 3397 418 3477 navit:
440 3412 850 3481 deprehendere
876 3414 997 3467 licet
1026 3413 1102 3483 (Η
1109 3414 1249 3468 ieron
1278 3413 1482 3484 prmfal.
1514 3414 1565 3469 in
1591 3415 1740 3484 epist.
1771 3413 1842 3468 ad

239 3504 364 3561 Gal.
399 3504 452 3560 9.
487 3506 635 3578 epist.
676 3507 743 3562 15
773 3508 840 3560 ad
874 3505 1140 3576 Paulin.).
1175 3507 1279 3562 Sed
1309 3506 1436 3577 quid
1467 3506 1648 3564 verbis
1681 3508 1732 3562 in
1781 3522 1842 3564 re

237 3607 430 3670 aperta
461 3613 598 3669 opus
628 3598 752 3654 est?
779 3600 834 3654 Si
866 3605 950 3654 cui
992 3615 1055 3654 ea
1089 3601 1139 3654 in
1169 3616 1226 3654 re
1272 3604 1408 3670 aqua
1442 3601 1663 3666 haereat,
1701 3601 1842 3656 hunc

241 3692 444 3749 librum
474 3707 596 3747 cum
631 3693 847 3764 iisquae
887 3694 1129 3750 omnium
1157 3696 1370 3751 calculo
1404 3711 1501 3765 pro
1555 3687 1842 3751 Hilarianis

238 3796 458 3858 recepta
486 3795 610 3842 sunt
638 3787 960 3853 contendat;
1011 3804 1108 3844 nec
1152 3805 1346 3860 aquam
1395 3805 1550 3854 aqua:
1573 3830 1588 3853 ,
1622 3805 1721 3846 nec
1752 3791 1842 3845 lac

240 3880 366 3935 lacti
416 3880 648 3935 similius
685 3880 940 3936 inveniet.
985 3879 1097 3936 Nec
1142 3897 1274 3937 sane
1329 3881 1643 3938 historicum
1697 3881 1842 3938 istud

238 3972 389 4045 Opus
432 3973 665 4045 antiquis
691 3974 933 4044 ignotum
974 3973 1070 4028 fuit
1099 3992 1112 4028 :
1142 3975 1187 4029 si
1233 3976 1453 4046 quidem
1502 3975 1633 4030 illud
1663 3976 1840 4046 ipsum

240 4081 386 4132 esse,
417 4067 557 4137 quo‘d
603 4067 744 4123 idem
787 4069 900 4138 ipse
929 4067 1287 4140 Hieronymus
1338 4080 1525 4125 contra
1556 4069 1840 4126 Ursacium

239 4171 297 4217 et
342 4159 658 4228 Valentem,
708 4172 1018 4217 continens‘
1060 4166 1427 4218 narrationem
1481 4162 1842 4220 Ariniinensis

238 4252 491 4320 Concilii,
516 4253 776 4309 llilariunt
804 4255 1088 4326 scripsisse
1116 4255 1353 4326 tradidit,
1381 4256 1507 4312 huic
1538 4257 1676 4313 libro
1705 4273 1842 4329 pra:-

239 4347 350 4403 Iixa
374 4347 658 4420 inscriptio
689 4347 850 4406 fidem
874 4350 1021 4406 facit.

314 4486 370 4542 ὅ.
417 4484 666 4542 Ursacius
692 4496 740 4542 et
771 4470 977 4553 Valens,
1006 4488 1111 4559 qui.
1152 4518 1221 4531 -υ-
1251 4487 1355 4559 Ipsi
1392 4489 1536 4545 enim
1586 4489 1843 4547 Ursacius

243 4589 304 4636 et
335 4578 556 4646 Valens,
612 4579 749 4636 alter
775 4581 1054 4652 Singiduni
1105 4581 1402 4649 superioris
1449 4581 1630 4653 Mysia:
1661 4626 1674 4647 ,
1703 4584 1843 4640 alter

1937 1952 2111 2010 fwdas
2138 1953 2257 2008 illas
2296 1963 2351 2008 et
2381 1952 2675 2010 Ecclesiam
2710 1953 2832 2020 Dei,
2860 1968 2981 2023 qua:
3011 1951 3204 2008 domus
3234 1951 3381 2023 pacis
3420 1961 3500 2007 est
3519 1993 3534 2018 ,

1937 2063 2125 2120 parum
2155 2046 2755 2113 decentes‘discordias,
2781 2046 3157 2116 episcoporum
3185 2045 3536 2100 discursatio-

1941 2154 2036 2195 ncs
2059 2139 2438 2208 Mediolanum,
2472 2140 2751 2207 Sirmium,
2782 2139 3086 2196 Seleuciam
3109 2153 3356 2208 aSperam
3377 2179 3391 2203 ,
3419 2137 3539 2193 Ari-

1940 2235 2166 2298 minum,
2194 2232 2744 2304 Constantinopolim,
2762 2231 3000 2290 Nic-team
3023 2231 3290 2295 Thracia,
3321 2231 3404 2298 (et
3431 2245 3538 2299 quo

1942 2347 2046 2386 non
2077 2330 2405 2400 terrarum?)
2429 2337 2690 2399 praeterea
2719 2327 3159 2396 proscriptiones,
3186 2323 3346 2379 exilia
3369 2329 3424 2377 et
3436 2336 3543 2377 ca:-

1939 2423 2036 2480 des
2064 2423 2367 2478 excitaruut
2394 2466 2406 2489 ,
2442 2438 2562 2493 qua:
2600 2419 2855 2491 quamdiu
2886 2419 2937 2474 in
2968 2418 3107 2474 vivis
3134 2415 3346 2472 exstitit
3394 2414 3537 2470 Con-

1942 2518 2194 2583 Stantius,
2219 2516 2517 2572 catholicos
2547 2517 2834 2584 episcOpos
2861 2519 3246 2569 exercuerunt.
3271 2508 3542 2565 Tandem-

1940 2613 2307 2684 quedetracta
2345 2626 2575 2682 persona
2623 2610 2894 2664 Niczenam
2939 2609 3178 2678 regulam
3225 2620 3541 2676 oppugnan-

1943 2717 2044 2769 tes.
2075 2707 2459 2778 Imperatorem
2487 2706 2684 2775 ipsum,
2714 2703 2869 2772 cujus
2899 2707 3168 2774 potestate
3197 2699 3533 2764 nitebantur,

1941 2801 2272 2872 impulerunt
2297 2809 2353 2853 ut
2379 2798 2665 2868 episcopos
2691 2795 2920 2852 Arimini
2948 2803 3305 2865 congregatos
3326 2791 3392 2847 ad
3416 2789 3547 2846 sub-

1942 2895 2291 2966 scriptionem
2322 2909 2473 2946 nova:
2504 2890 2752 2946 formula:
2784 2889 2904 2944 ﬁdei
2930 2888 3172 2943 subdolis
3197 2886 3378 2943 verbis
3407 2899 3540 2940 con-

1941 2996 2116 3058 cepta:
2141 2987 2404 3059 adigeret,
2428 3000 2550 3055 qua:
2586 2993 2776 3039 contra
2828 2991 3191 3037 trecentorum
3225 2988 3279 3034 ct
3324 2977 3544 3033 octode-

1944 3085 2047 3142 cim
2077 3093 2289 3155 patrum
2316 3081 2616 3146 decretum,
2648 3079 2826 3138 οὐσίας
2851 3080 2937 3132 καὶ
2960 3075 3236 3150 ὁμοουσίον
3266 3071 3545 3127 vocabulis

1948 3177 2154 3234 indicto
2200 3175 2452 3242 silentio,
2508 3172 2704 3229 Filium
2760 3169 2908 3225 Patri
2957 3169 3189 3224 similem
3247 3164 3544 3223 secundum

1869 3261 1913 3323 C
1945 3272 2258 3343 Scripturas
2285 3267 2664 3340 proﬁtebatur,
2706 3263 3120 3328 dicentibusquc
3152 3261 3303 3316 illum
3331 3267 3546 3315 creatu-

1945 3383 2058 3422 ram
2091 3367 2231 3421 sicut
2268 3364 2389 3418 aliae
2426 3369 2551 3417 sunt
2587 3367 2851 3416 creatura:
2905 3357 3194 3412 anathema
3239 3353 3536 3426 inlligebat.

1943 3447 2367 3519 Necutamen'ibi
2420 3456 2828 3514 consistendum
2884 3468 3008 3509 esse
3066 3452 3358 3517 duxerunt,
3391 3447 3546 3520 (Nam

1945 3557 2069 3629 quis
2103 3553 2358 3626 peccandi
2393 3552 2556 3607 linem
2600 3557 2780 3621 posuit
2818 3545 3002 3618 sibi?)
3047 3560 3233 3600 verum
3291 3543 3548 3598 felicitate

1945 3647 2228 3705 successus
2283 3643 2606 3701 audaciores
2660 3641 2828 3708 facti,
2887 3655 2996 3695 non
3051 3639 3161 3709 jam
3209 3637 3277 3693 de
3329 3637 3548 3692 vocibus

1945 3747 2124 3805 οὐσίας
2148 3746 2234 3799 καὶ
2260 3742 2539 3814 ὁμοονσίου
2571 3747 2844 3806 tamquam
2873 3732 3163 3789 discordia:
3187 3745 3346 3801 pomo
3373 3744 3549 3799 qna-s-

1945 3841 2146 3893 tionem
2181 3833 2368 3889 haberi
2398 3829 2794 3902 signiﬁearunt,
2827 3826 2920 3882 sed
2968 3825 3218 3896 inoperto
3246 3823 3425 3892 capite
3448 3836 3545 3891 pu-

1947 3948 2066 3988 rum
2096 3939 2390 4002 pulumth
2419 3941 2516 3981 seu
2547 3925 2726 3990 potius
2751 3921 3022 3991 impurum
3056 3917 3406 3988 putidumque
3435 3914 3547 3970 Arii

1945 4027 2140 4096 dogma
2183 4018 2428 4079 Concilio
2486 4017 2790 4073 Antiochia:
2840 4013 3102 4085 professi,
3153 4009 3348 4066 Filium
3401 4009 3546 4066 Patri

1945 4117 2262 4176 dissimilem
2309 4113 2521 4185 penitus
2559 4114 2646 4166 καὶ
2687 4111 2740 4175 ἐξ
2783 4111 2872 4164 οὐκ
2912 4104 3066 4162 ὄντων
3109 4111 3414 4161 creaturam
3467 4100 3547 4173 (ὁ)

1947 4218 2270 4270 statuerunt.
2297 4206 2462 4278 Cujus
2496 4203 2981 4274 impietatisipsutn
3003 4198 3390 4269 Imperatorem
3422 4211 3548 4252 auc-

1948 4316 2120 4364 torem
2151 4319 2215 4360 ac
2242 4301 2510 4358 vindicem
2541 4299 2840 4362 exstitisse,
2873 4295 3200 4351 Athanasius
3229 4292 3444 4349 asserit.

2017 4401 2071 4454 4.
2099 4397 2264 4467 Igitur
2293 4391 2545 4451 Ursacins
2565 4399 2622 4447 et
2645 4390 2840 4444 Valens
2867 4387 2941 4444 illi
2967 4386 3068 4456 ipsi
3095 4397 3257 4442 sunt:
3294 4403 3313 4437 ι
3352 4383 3546 4455 quibus

1947 4491 2272 4552 instantibus
2321 4489 2421 4545 sub
2472 4489 2800 4556 imperatore
2856 4480 3176 4538 Constantio
3222 4479 3420 4536 factum
3467 4486 3550 4535 est

1949 4586 2291 4643 Ariminense
2320 4581 2609 4638 concilium
2641 4586 2830 4633 contra
2863 4575 3164 4630 formellam
3200 4571 3405 4630 Niceeni
3435 4581 3546 4627 tra-

242 4675 446 4732 Μυνετθ
496 4673 788 4730 Pannonia?
837 4673 1106 4746 (quamvis
1155 4689 1259 4731 non
1290 4691 1397 4729 υιιθ
1443 4677 1562 4731 loco
1601 4676 1841 4732 Alllana-
1866 4665 1922 4727 Ῑ)
1945 4689 2142 4745 elatus,
2175 4693 2276 4748 qua
2309 4677 2577 4732 universre
2605 4672 2837 4726 haereses
2873 4668 3284 4737 comprehensa:
3310 4672 3498 4721 erant:
3523 4683 3542 4717 ι

240 4773 360 4828 sius
397 4773 738 4829 Alexandrim
770 4776 1058 4845 episcopus
1087 4782 1379 4844 utrumque
1405 4775 1719 4832 Pantmnem
1748 4794 1843 4831 vo-

238 4869 351 4935 cet)
380 4869 614 4940 episcopi
647 4885 768 4925 cutn
795 4867 928 4925 Caio
956 4885 1108 4940 aeque
1147 4868 1442 4938 Pannone,
1475 4879 1532 4926 et
1558 4869 1841 4927 Geruiinio

241 4960 427 5034 Cyzici
457 4963 684 5031 primum
714 4962 909 5017 deinde
933 4962 1112 5016 Sirmii
1141 4964 1401 5034 episcopo
1421 5006 1436 5031 ,
1487 4965 1653 5021 totius
1683 4967 1843 5021 Arioo

243 5067 532 5109 manorum
554 5052 858 5124 Tragmdiae
879 5051 1128 5124 choragi,
1165 5065 1325 5125 atque
1378 5056 1515 5112 adeo
1545 5057 1845 5129 hypocrita:

243 5146 544 5203 extiterunt
606 5145 670 5201 ad
723 5161 861 5218 quos
910 5161 1067 5224 cum,
1150 5156 1210 5201 ut
1253 5147 1327 5202 ait
1375 5158 1561 5206 noster
1613 5151 1845 5209 Hilarius

247 5237 424 5312 (Cant.
449 5239 716 5304 Auxenti,
755 5257 808 5295 ιι.
861 5240 941 5311 4),
981 5237 1170 5293 Ariani
1199 5240 1433 5296 nominis
1479 5241 1767 5298 hiereditas
1793 5255 1845 5299 et

245 5334 524 5389 successio
553 5333 903 5400 deﬂuxisset,
951 5349 1056 5388 non
1107 5335 1226 5389 ausi
1269 5342 1459 5404 aperto
1496 5334 1665 5392 Marte
1722 5337 1847 5394 fidei

243 5424 480 5481 Nicaeum:
511 5425 709 5481 bellum
737 5426 977 5481 indicere
1001 5433 1178 5481 stante
1203 5427 1320 5496 ipso
1340 5425 1657 5495 Athanasio,
1689 5447 1847 5500 quem

246 5527 531 5576 strenuum
555 5519 948 5590 robustumque
986 5519 1104 5590 ejus
1138 5531 1611 5592 propugnatorem,
1643 5538 1707 5580 ac
1738 5525 1851 5597 pla-

323 5681 402 5753 (a)
429 5682 557 5758 Qua:
579 5681 666 5738 hic
691 5683 918 5758 confuse
941 5691 1248 5758 narrantur,
1272 5685 1486 5758 errandi
1509 5686 1684 5743 locum
1715 5706 1845 5758 pra:-

245 5754 403 5833 bent.
432 5753 641 5833 Famosi
674 5767 794 5833 sunt
831 5754 1068 5833 υιεειιείἰΔ
1096 5766 1166 5833 et_
1202 5755 1440 5812 Valentis
1475 5758 1641 5813 libelli
1672 5801 1685 5825 ,
1711 5753 1846 5833 quos

249 5824 812 5901 Sardicensisynodo
861 5843 966 5901 non
1020 5826 1382 5901 obtulerunta
1421 5845 1527 5901 qua
1571 5845 1694 5887 cum
1725 5824 1848 5891 aliis

253 5896 551 5967 prml‘ractis
575 5896 845 5956 haereticis
872 5898 1106 5956 damnati
1139 5908 1283 5955 sunt.

1946 4777 1997 4832 in
2022 4789 2156 4846 quos
2179 4774 2283 4828 hoc
2307 4785 2444 4841 opus
2473 4767 2731 4837 scriptum
2759 4773 2859 4818 est.
2915 4762 3251 4832 Quamquam
3279 4801 3294 4827 ,
3325 4769 3383 4815 ut
3404 4760 3547 4831 quod

1947 4869 2124 4925 sentio
2152 4866 2349 4925 dicam.
2371 4863 2487 4917 haec
2508 4860 2628 4915 libri
2653 4857 2933 4926 inscriptio
2961 4858 3130 4911 multo
3159 4855 3276 4926 plus
3299 4855 3351 4909 in
3372 4851 3551 4909 fronte

1947 4961 2236 5035 spondeat,
2251 4973 2411 5029 quam
2429 4963 2642 5024 prastet
2657 4952 2708 5006 in
2726 4965 2942 5007 recessu
2966 4949 3064 5022 (c);
3087 4950 3191 5006 nisi
3212 4949 3351 5020 quod
3369 4949 3550 5018 operis

1950 5056 2207 5127 longioris
2264 5050 2508 5124 pluribus
2562 5051 2792 5102 fortasse
2839 5048 3218 5114 comprehensi
3269 5043 3441 5106 libris,
3495 5051 3550 5097 ct

1951 5148 2273 5207 narrationis
2307 5153 2510 5201 exacta:
2555 5157 2745 5199 eorum
2785 5155 2906 5212 qum
2954 5137 3281 5194 Ariminensi
3322 5136 3551 5192 concilio

1950 5258 2098 5321 gesta
2130 5257 2275 5311 sunt,
2311 5242 2398 5299 vel
2423 5256 2544 5314 quae
2576 5240 2766 5310 ipsum
2789 5243 3176 5308 pra-cesserunt
3202 5277 3216 5295 .
3249 5243 3338 5289 aut
3368 5244 3549 5305 postea

1953 5353 2136 5398 secuta
2186 5348 2311 5394 sunt
2342 5379 2356 5404 ,
2408 5335 2622 5392 initium
2674 5340 2876 5387 tantmn
2931 5344 2993 5384 ac
3043 5327 3251 5383 divulsa
3306 5327 3552 5398 qua-dam

1952 5435 2273 5506 fragmenta.
2307 5446 2412 5486 non
2441 5439 2618 5482 autem
2651 5425 2917 5495 integrum
2948 5435 3084 5492 Opus
3107 5421 3188 5476 vel
3221 5421 3418 5476 librum
3466 5420 3553 5476 hic

1953 5526 2195 5585 exhiberi
2224 5538 2442 5580 censeo.
2473 5520 2540 5576 Et
2560 5534 2691 5575 sane
2721 5524 2907 5572 auctor
2947 5513 3108 5584 hujus
3138 5514 3259 5570 libri
3290 5514 3469 5570 statim
3502 5515 3553 5570 in

2024 5691 2100 5766 (ὁ)
2142 5692 2247 5746 Aut
2287 5689 2467 5766 potius
2509 5693 2750 5766 statuere
2785 5687 3102 5766 tentarunt:
3134 5688 3207 5766 at.
3233 5680 3440 5766 objecta

1952 5749 2106 5820 luere
2129 5780 2233 5817 non
2261 5749 2520 5823 valentes,
2549 5755 2776 5810 formula
2797 5768 2915 5823 qua:
2931 5751 3394 5820 Constantirmpoli
3415 5749 3556 5806 edita

1954 5845 2090 5896 erat.
2122 5836 2365 5896 recitata,
2393 5831 2662 5900 abierunt.
2703 5827 2882 5900 (Socr.
2916 5824 2954 5880 ι.
2991 5839 3050 5900 tt,
3098 5842 3145 5879 ε.
3193 5823 3311 5897 45.)

2021 5906 2093 5978 (c)
2119 5903 2328 5962 Titulus
2358 5902 2515 5974 hujus
2535 5899 2658 5959 libri
2690 5897 2846 5971 plura
2875 5897 3106 5967 spondet
3131 5911 3291 5968 quam
3313 5905 3552 5969 prmstat.
