4066 6424
1459 300 1525 357 ΙΝ
1566 293 1990 356 FRAGMENTA
2031 289 2276 347 SANCTI
2309 288 2565 352 HILABII
2608 291 2912 350 EI’ISCOPI

3757 295 3853 351 8%

563 434 734 509 ipsius
786 428 937 500 initio
991 424 1197 492 scribit,
1245 419 1605 478 narrationem
1644 416 1929 472 ducturum
1985 424 2044 467 se
2090 407 2158 466 ab
2185 409 2239 486 Α
2263 405 2593 464 subdititiam
2615 423 2736 466 esse
2765 411 2936 482 stylus
2963 418 3141 482 negat,
3173 417 3227 467 et
3262 418 3525 483 prmterea
3564 411 3652 468 cui
3685 413 3854 466 bono?

563 499 866 585 ArelatenSi
905 515 1162 582 concilio,
1211 527 1318 586 quo
1343 510 1599 568 Paulinus
1651 505 1999 568 Trevirorum
2040 499 2157 574 epi-

562 630 760 688 sc0pus
774 613 1197 680 Galliarumque,
1226 614 1284 661 ut
1310 619 1430 660 eum
1454 601 1626 659 Graeci
1655 607 1871 663 vocant,
1888 597 2160 666 Metropo-

562 710 760 767 litanus
806 719 950 760 anno
996 700 1196 758 Christi
1243 697 1370 766 355,
1421 693 1688 752 Saturnini
1731 700 2159 759 caeterorumque

562 802 884 866 Arianorum
912 795 1144 852 factione
1191 793 1492 867 depositus,
1527 799 1583 847 et
1639 789 1691 854 in
1739 786 1960 844 exilium
2006 793 2158 840 actus

563 903 688 950 est:
723 894 791 952 de
837 905 943 963 quo
993 899 1170 944 tamen
1217 886 1474 955 deinceps
1523 882 1690 937 altum
1737 889 1819 936 est
1864 878 2153 934 silentium.

561 989 896 1058 Quicumque
914 984 1055 1039 enim
1077 981 1192 1038 huc
1203 979 1494 1050 excerpsit,
1513 977 1737 1055 κορυφὰς
1758 975 1938 1052 ἕτέρας
1959 973 2158 1050 ἑτέραις

560 1080 879 1160 προσάπτων
913 1080 1100 1152 μύθων,
1139 1075 1262 1129 huic
1293 1069 1644 1143 propositioni
1691 1065 1947 1121 continuo
1991 1078 2157 1136 syno-

561 1158 711 1231 dales
743 1172 998 1243 epistolas
1047 1169 1389 1226 Sardicensis
1433 1163 1645 1222 concilii
1693 1176 1787 1218 sex
1832 1167 1960 1215 ante
2004 1158 2159 1213 annis

563 1269 751 1335 habiti,
784 1269 1007 1324 alteram
1038 1264 1106 1320 ad
1144 1277 1335 1319 omnes
1373 1259 1665 1323 Ecclesias,
1710 1255 1937 1311 alteram
1964 1251 2029 1308 ad
2060 1252 2157 1308 Ju-

563 1363 693 1418 lium
747 1362 804 1418 P.
858 1359 925 1416 R.
977 1357 1338 1416 innocentiam
1391 1351 1670 1410 Athanasii
1718 1356 2048 1418 compertam
2096 1359 2161 1402 ac

561 1460 918 1512 euntestatam
944 1450 1246 1508 indicantes
1273 1446 1503 1518 subjecit
1536 1463 1550 1501 :
1578 1444 1646 1500 de
1675 1443 1869 1516 quibus
1899 1441 2049 1513 plura
2079 1437 2158 1494 di-

561 1561 705 1613 cere,
738 1544 1196 1618 (quandoquidem
1251 1541 1390 1596 hauc
1416 1539 1610 1606 doctis,
1642 1537 1870 1608 Jupiter,
1915 1544 1968 1591 et
2013 1533 2160 1588 labo-

561 1641 721 1696 riosis
760 1640 871 1698 suis
907 1637 1189 1695 annalibus
1231 1636 1314 1690 vir
1357 1633 1700 1692 illustrissimi
1731 1629 1965 1686 nominis
1989 1643 2051 1682 ac
2081 1627 2161 1682 di-

557 1733 776 1807 gnitatis
820 1733 1122 1790 Cardinalis
1168 1730 1434 1786 Baronius
1479 1727 1726 1794 inseruit,
1777 1723 1995 1780 omissis
2033 1722 2161 1780 sub-

2215 481 2218 486 .
2262 499 2412 558 Adeo
2439 519 2625 558 verum
2655 513 2739 560 est
2765 481 2893 560 illud
2925 503 3158 578 Tragici,

2509 598 2688 656 Ᾰπινθᾌὸ
2707 611 2842 660 μακρὸς
2868 608 2932 648 καὶ
2952 609 3194 660 ἀναρίθμητος
3221 608 3348 661 χρόνος

2507 673 2596 711 Φῦιι
2616 673 2651 710 τ’
2674 667 2814 720 ἄδηλα,
2836 673 2897 710 ui
2922 674 3078 723 φανινῖα
3099 673 3307 723 spite-stuc

2912 685 3415 788 ῖὲἲρῗοῖῗνῖιῗῖξαει,
3445 737 3478 787 p
3491 723 3611 788 .39.)

2333 813 2385 870 6.
2428 813 2658 886 Sequens
2687 815 2904 885 epistola
2955 832 3092 869 nunc
3142 814 3306 887 Frag.
3338 832 3408 872 xu
3452 834 3544 872 au.
3593 816 3703 874 365
3727 819 3854 872 scri-

2264 917 2371 975 pta.
2397 937 2469 948 —-
2491 907 2778 978 Sequentis
2797 908 3042 976 ejusdem
3072 907 3346 964 Pontiﬁcis
3376 908 3642 977 epistolae,
3673 924 3856 977 quam-

2260 1001 2344 1056 vis
2382 1002 2492 1072 ipsa
2521 1001 2911 1057 conuersionem
2941 1016 3062 1055 cum
3112 999 3542 1068 praecedentibus
3594 1002 3852 1071 aptiorem

2262 1110 2367 1151 non
2418 1095 2630 1161 haheat,
2674 1094 2877 1150 certior
2925 1103 3105 1150 tamen
3154 1104 3238 1150 est
3290 1093 3535 1148 historia.
3592 1094 3853 1162 Quantum

2260 1187 2406 1244 enim
2427 1201 2492 1243 ex
2523 1187 2642 1258 ejus
2674 1186 2867 1257 ubiqtte
2895 1186 3320 1255 corruptissima:
3341 1186 3577 1240 lectione
3600 1185 3758 1240 datur
3778 1201 3856 1241 as-

2262 1281 2444 1351 sequi,
2492 1292 2613 1352 post
2655 1280 2996 1349 imperatoris
3045 1278 3342 1335 Constantii
3395 1279 3627 1346 obitum,
3681 1295 3858 1337 rever-

2262 1389 2489 1444 sumque
2510 1373 2580 1430 ab
2605 1371 2796 1438 exsilio
2820 1371 3110 1428 Eusebium
3132 1371 3501 1428 Vercellarutn
3517 1373 3853 1444 episcopum,

2262 1481 2386 1522 cum
2416 1474 2600 1520 nostro
2631 1464 2834 1520 Hilario
2874 1473 2929 1520 et
2969 1464 3266 1520 Athanasio
3294 1463 3474 1520 divina
3499 1463 3853 1534 providentia,

2261 1575 2383 1632 qua:
2430 1560 2541 1618 suis
2584 1559 2814 1630 tempori
2854 1574 3144 1630 numquam
3174 1574 3281 1614 non
3311 1557 3489 1624 adest,
3526 1558 3684 1629 Reip.
3712 1557 3854 1614 Clui-

2261 1655 2452 1709 stiana:
2465 1652 2857 1709 constituenda:
2869 1649 3713 1720 restaurattquue'l‘riumvirum
3730 1666 3856 1719 pra:-

2265 1748 2535 1809 stitutum,
2568 1754 2947 1800 conservatum
2979 1751 3142 1814 atque
3170 1743 3378 1810 alitum,
3422 1744 3528 1800 hoc
3577 1753 3684 1808 est,
3723 1743 3855 1798 circa

559 1827 908 1884 scribentium
956 1827 1334 1898 episcoporum
1379 1821 1708 1887 nominibus,
1755 1834 1877 1890 qua:
1928 1817 1996 1874 ab
2043 1816 2160 1888 ejus
2190 1818 2238 1886 B
2263 1853 2462 1894 annum
2493 1836 2691 1893 Christi
2722 1837 2830 1893 δεῖ,
2855 1835 3056 1907 πείρα,
3080 1843 3202 1891 ρει,
3237 1850 3431 1906 nempe
3469 1849 3579 1906 quo
3624 1843 3855 1904 ιεωροη

557 1922 746 1986 codice
772 1923 1034 1988 aberant;
1087 1920 1179 1976 illa
1227 1933 1358 1974 vero
1397 1932 1506 1973 non
1551 1929 1658 1970 uno
1696 1913 1814 1969 loco
1849 1910 1989 1982 apud
2020 1911 2159 1965 anti-

557 2031 692 2086 quos
719 2016 940 2088 exstat,)
974 2013 1308 2088 superﬂuum
1341 2010 1612 2068 existimo.
1662 2007 1808 2065 ldem
1841 2007 2000 2064 etiam
2037 2021 2158 2076 per-

557 2110 765 2180 spicere
814 2118 900 2165 est
955 2108 1020 2164 ad
1072 2108 1276 2164 calcem
1322 2104 1608 2175 l‘ragmentr
1653 2116 1714 2166 tt,
1758 2100 1850 2187 ubi
1909 2115 2031 2154 cum
2094 2096 2153 2152 Β.

557 2201 788 2260 Hilarius
821 2202 994 2259 lucem
1026 2199 1321 2258 narrationi
1352 2213 1464 2254 sua:
1504 2197 1783 2252 allaturam
1827 2193 2053 2249 dixiSset
2095 2192 2160 2246 il-

557 2297 662 2351 lam
707 2297 1246 2366 orationem,-quam
1294 2293 1484 2350 eadem
1539 2286 2158 2360 Sardicensis‘synodus

557 2403 651 2459 per
673 2387 1012 2446 Vincentium
1062 2389 1259 2459 Capua:
1313 2395 1368 2443 et
1421 2384 1499 2460 (a)
1557 2383 1853 2456 Euphatem
1916 2380 2157 2436 Coloniae

555 2482 865 2554 Agrippina:
891 2482 1176 2553 episcopos
1207 2478 1550 2536 Antiochiam
1584 2491 1752 2548 uSque
1785 2473 1852 2529 ad
1883 2474 2153 2528 Constan-

557 2571 686 2629 tium
739 2574 934 2630 missos
980 2573 1198 2639 habuit;
1235 2586 1430 2643 magno
1480 2580 1657 2624 tamen
1705 2567 1944 2624 historia:
1986 2563 2154 2621 detri-

556 2678 742 2724 mento
763 2668 910 2723 nulla
940 2667 1026 2722 hic
1059 2675 1258 2734 exstat,
1287 2665 1383 2722 sed
1412 2664 1527 2736 ejus
1558 2664 1677 2718 loco
1702 2661 1945 2734 quaedam
1992 2659 2152 2714 Libe-

556 2763 621 2820 rii
654 2762 713 2819 P.
742 2763 808 2820 Β.
832 2762 912 2837 (ὁ)
957 2769 1011 2817 et
1035 2762 1263 2818 aliorum
1292 2760 1534 2832 epistolae
1565 2757 1710 2814 nullo
1737 2756 1994 2828 temporis
2016 2797 2032 2824 ,
2064 2755 2152 2812 vel

557 2873 741 2914 rerum
789 2857 982 2914 ordine
1009 2865 1226 2914 servato
1257 2854 1400 2912 velut
1430 2854 1484 2912 in
1528 2851 1839 2910 fasciculum
1885 2858 2153 2922 congestae

557 2953 832 3024 leguntur.

625 3045 678 3102 5.
721 3044 855 3102 Nam
885 3059 1007 3115 qua:
1044 3043 1214 3116 prima
1263 3041 1528 3108 occurrit,
1573 3056 1603 3097 a
1643 3038 1858 3102 Liberio
1887 3037 2029 3096 circa
2069 3035 2151 3092 sui

557 3140 899 3211 pontiﬁcatus
927 3138 1136 3194 initium
1164 3179 1180 3204 ,
1208 3137 1347 3208 quod
1377 3138 1428 3194 in
1459 3149 1657 3192 annum
1689 3133 1880 3192 salutis
1911 3132 2019 3188 553
2065 3132 2148 3186 iu-

2260 1930 2312 1986 in
2343 1929 2634 1987 Occidente
2667 1930 2884 1999 pariter,
2909 1944 2972 1983 ac
3001 1937 3125 1984 ante
3153 1928 3359 2000 synodo
3389 1927 3759 1984 Alexandrina
3805 1929 3852 1986 in

2259 2024 2481 2080 Oriente
2511 2023 2530 2096 (
2558 2022 2685 2080 anni
2713 2023 2820 2079 362
2843 2021 2885 2094 ).
2915 2021 3220 2078 concordia:
3267 2021 3523 2093 picisque
3575 2019 3753 2086 studio
3795 2037 3851 2078 ac

2256 2118 2402 2173 bono
2432 2134 2459 2170 τι
2495 2116 2666 2172 tribus
2695 2116 2822 2179 illis,
2874 2120 2942 2177 ὡς
2971 2115 3164 2178 ἀληθῶς
3193 2115 3479 2193 ἀνθρώποες
3506 2120 3599 2170 τοῦ
3625 2121 3751 2172 Θεοῦ
3777 2118 3852 2170 mi

2259 2215 2522 2285 μεγίστοις
2550 2217 2650 2266 τῶν
2670 2208 2863 2282 ψυχῶν
2891 2207 3191 2282 οἰκονόμοις,
3232 2224 3296 2264 ex
3345 2222 3423 2262 XII
3488 2205 3764 2263 Senatum:
3798 2222 3851 2261 ac

2259 2305 2476 2375 {ortibus
2523 2304 2742 2373 siremps
2791 2303 2875 2357 lea:
2922 2301 3062 2358 dicta
3095 2312 3200 2371 est,
3251 2302 3687 2372 Arianorumque
3717 2317 3852 2356 com-

2259 2397 2515 2452 munione
2571 2395 2839 2461 l'aadatos,
2886 2394 3126 2463 exceptis
3182 2393 3455 2448 hmreseos
3508 2393 3850 2458 auctoribus,

2217 2528 2220 2530 ν
2259 2489 2500 2562 perfidia!
2545 2489 2963 2544 renuntiantes:
2997 2505 3015 2538 ι
3057 2486 3296 2541 Ecclesia
3324 2485 3587 2542 catholiea
3630 2505 3650 2538 s
3694 2486 3852 2556 inquit

2260 2583 2614 2655 Augustinus,
2655 2600 2673 2634 ι
2711 2590 2957 2636 materno
3007 2579 3215 2649 recepit
3266 2580 3408 2645 sinu,
3462 2588 3730 2650 tamquam
3764 2578 3851 2634 Pe-

2259 2687 2398 2732 trum
2432 2685 2553 2749 post
2582 2675 2766 2730 ﬂetum
2798 2673 3098 2746 negationis
3127 2687 3224 2741 per
3262 2671 3390 2746 galli
3420 2683 3640 2726 cantum
3670 2670 3848 2726 admo~

2258 2771 2450 2836 nitttm,
2473 2778 2566 2824 aut
2589 2777 2858 2838 tamquam
2886 2765 3136 2822 eumdem
3160 2773 3281 2836 post
3307 2779 3524 2834 pravam
3556 2763 3850 2819 simulatio-

2256 2877 2378 2918 nem
2423 2861 2568 2916 Pauli
2622 2875 2753 2915 voce
2780 2865 3081 2915 correctum
3115 2877 3134 2910 ι
3182 2855 3550 2930 (Augustinus
3584 2855 3648 2911 de
3685 2857 3854 2928 Agaue

2257 2951 2450 3007 Christ.
2509 2969 2556 3005 c.
2617 2951 2732 3023 '50).
2791 2949 3008 3005 Lucifer
3048 2950 3195 3004 solus
3233 2947 3552 3003 Calararum
3598 2947 3851 3004 Sardinia:

2256 3047 2561 3116 episcopus,
2592 3044 2897 3100 constantia
2940 3042 3085 3107 ﬁdei,
3120 3042 3559 3113 scriptorumque.
3588 3040 3850 3106 libertate.

2257 3139 2300 3192 si
2330 3138 2503 3192 labem
2539 3139 2694 3193 ismm
2733 3137 2992 3218 excipias,
3041 3136 3182 3190 inter
3222 3133 3482 3190 Ecclesia;-
3528 3133 3727 3188 lumina
3775 3149 3852 3189 re-

555 3232 704 3299 cidit,
735 3235 934 3305 scripta
987 3232 1218 3288 videtur.
1253 3231 1358 3287 Par
1396 3241 1480 3287 est
1525 3234 1668 3286 enim
1709 3229 1883 3300 ipsum
1929 3240 2148 3284 accusa:
2182 3211 2228 3274 (ἶ
2262 3230 2588 3298 censendus,
2645 3213 2908 3301 paucique
2930 3228 3020 3283 alii
3047 3227 3209 3282 nir‘nia
3239 3225 3526 3281 sanctitate
3551 3225 3758 3288 dicam.
3788 3240 3850 3280 an

556 3325 755 3382 tionem
785 3341 968 3382 coram
994 3325 1137 3382 Julio
1163 3340 1491 3395 prazcessore
1532 3337 1630 3384 suo
1683 3320 1989 3386 inchoatam
2043 3335 2148 3378 non

556 3417 648 3474 diu
681 3420 1042 3490 protraxisse,
1083 3419 1180 3476 sed
1229 3418 1412 3475 statim
1444 3428 1503 3474 ut
1532 3415 1768 3490 pontifex
1811 3415 2150 3474 renuntiatus

557 3521 661 3576 est,
692 3513 896 3584 legatos
921 3515 1044 3570 illos
1069 3529 1194 3570 suos
1220 3514 1286 3570 ad
1317 3512 1664 3570 Athanasium
1691 3511 1903 3569 misisse
1927 3511 2152 3568 Alexan-

558 3604 752 3673 driam,
796 3605 1293 3679 detractantemque
1327 3606 1588 3678 judicium
1641 3603 2048 3664 condemnasse.
2095 3602 2150 3660 ln

557 3713 665 3770 quo
705 3709 882 3758 tamen
927 3699 1099 3756 nodus
1143 3699 1510 3765 Deovindice.
1561 3698 1613 3758 id
1655 3707 1758 3766 est,
1810 3697 2152 3764 ornatissimo

557 3791 652 3847 illo
697 3791 1115 3876 doctissimoque
1164 3793 1449 3850 Annalium
1489 3791 1975 3849 ecclesiasticorum
2019 3790 2154 3846 scri-

555 3895 710 3954 ptore
735 3883 928 3956 dignus
970 3886 1171 3942 subest.
1217 3885 1352 3943 Cum
1393 3885 1537 3944 enim
1579 3893 1859 3942 auctorum
1911 3884 2150 3956 omnium

554 3978 769 4048 scriptis
797 3989 1029 4050 constet,
1061 3978 1409 4036 Athanasium
1433 3980 1543 4052 jam
1577 3979 1704 4034 olim
1729 3990 1852 4034 ante
1877 3977 2150 4035 Liberium

555 4071 988 4132 adversariorum
1034 4084 1181 4138 artes
1227 4077 1596 4148 versutiasque
1635 4074 1926 4142 detexisse,
1973 4076 2150 4132 mani-

557 4162 802 4237 festoque
850 4167 1132 4224 mendacio
1161 4168 1492 4238 traduxisse;
1535 4169 1654 4241 quis
1683 4168 1858 4240 potuit
1905 4181 2026 4224 esse
2069 4174 2151 4223 tot

555 4258 777 4330 synodis
818 4260 1154 4317 conﬁxorum
1201 4263 1552 4329 accusationi,
1595 4271 1686 4318 aut
1738 4271 1816 4320 tot
1867 4261 2151 4318 sententiis

554 4350 788 4407 absoluti
837 4354 1274 4414 condamnationi
1320 4356 1510 4414 locus?
1555 4365 1648 4414 aut
1687 4356 1958 4429 quomodo
2002 4370 2152 4413 eom-

556 4445 811 4502 tnunione
839 4461 933 4502 sua
975 4450 1148 4518 potuit
1175 4449 1470 4506 Athanasio
1512 4451 1756 4508 Liberius
1803 4452 2146 4522 interdicere,

557 4536 714 4606 cujus
743 4539 1246 4599 condemnationem
1283 4543 1351 4599 ab
1402 4543 1763 4608 Orientalibus
1789 4546 1996 4620 aliquot
2034 4548 2149 4618 epi-

556 4628 738 4700 scopis
761 4629 980 4696 l'actam.
1009 4641 1066 4690 et
1088 4634 1154 4690 ad
1172 4649 1230 4691 se
1253 4636 1594 4706 pontificatus
1615 4637 1698 4692 sui
1729 4637 2149 4708 iuitiojmissam,

554 4722 598 4778 si
652 4732 822 4782 ratam
872 4741 991 4782 eam
1042 4728 1285 4796 haberet,
1340 4729 1794 4800 quemadmodum
1845 4731 1987 4794 idem
2035 4732 2150 4805 ipse

554 4815 803 4882 Liberius
829 4819 882 4875 in
909 4819 1134 4891 epistola
1182 4821 1248 4878 ad
1282 4823 1676 4893 Constantium,
1709 4839 1831 4897 qua:
1874 4824 1962 4881 hic
2004 4826 2148 4884 edita

554 4909 785 4968 habetur
813 4911 1055 4987 (Fraqm.
1081 4931 1132 4982 ν,
1163 4932 1218 4972 u.
1247 4915 1329 4990 Ξ).
1358 4919 1511 4974 testis
1537 4928 1638 4984 est,
1688 4927 1905 4994 accepta
1955 4921 2146 4978 eodem

554 5011 797 5076 tempore
823 5009 1156 5079 septuaginta
1185 5012 1423 5084 quinque
1458 5013 1833 5085 episcoporum
1865 5013 2148 5087 Egyptia-

551 5111 670 5153 rum
703 5099 980 5158 Athanasii
1025 5101 1385 5160 innocentiam
1426 5113 1656 5162 testante
1699 5109 1963 5163 sententia
1995 5123 2145 5164 com-

552 5192 784 5263 probare
815 5194 1018 5251 noluit?
1039 5195 1242 5254 Omitto
1270 5198 1410 5270 quod
1434 5197 1655 5272 hujusce
1681 5201 2147 5262 condetnnationis

554 5299 654 5340 nec
673 5284 1000 5346 Athanasius
1028 5289 1165 5362 ipse,
1190 5291 1280 5362 qui
1311 5306 1396 5348 res
1425 5307 1551 5350 suas
1585 5293 1996 5374 diligentissime
2039 5313 2145 5353 non

552 5394 660 5434 uno
685 5379 820 5436 libro
849 5384 1164 5456 complexus
1212 5396 1324 5454 est,
1367 5401 1466 5444 nec
1494 5389 1772 5460 quisquam
1821 5390 1961 5448 alius
2003 5391 2148 5463 quod

550 5472 719 5532 sciam
749 5485 993 5533 veterum
1017 5494 1241 5552 usquam
1275 5481 1539 5538 meminit.
1591 5481 1802 5540 Falsam
1849 5493 2026 5540 autem
2057 5492 2151 5540 aut

623 5633 700 5761 (ἲ)
731 5634 1058 5707 Euphratem
1089 5652 1184 5694 seu
1213 5641 1540 5710 Euphratam
1567 5657 1633 5696 ex
1655 5639 1999 5699 Theodoreto
2024 5643 2062 5698 l.
2085 5659 2142 5705 tt.

675 5747 687 5760 .
719 5707 794 5761 Ex
835 5722 942 5761 nuo
968 5708 1184 5761 quidem
1215 5721 1428 5761 Constat
1466 5713 1602 5761 dtms
1648 5713 1768 5761 illus
1807 5717 2090 5761 eniscnnns
2117 5731 2142 5761 τι

548 5719 600 5785 ρ.
636 5707 794 5785 7._Ex
835 5722 942 5785 quo
968 5708 1184 5782 quidem
1215 5707 1428 5770 constat
1466 5713 1602 5769 duos
1648 5713 1768 5769 illos
1807 5717 2090 5785 episcopos
2117 5731 2146 5772 a

555 5776 872 5858 §ardicensi
911 5776 1142 5858 concilio
1172 5803 1440 5858 reversos,
1491 5805 1520 5845 a
1565 5776 1860 5847 Constante
1909 5776 2148 5849 delectos

554 5848 749 5925 tuisse.
777 5848 884 5937 quo
904 5855 1162 5936 epistolas
1182 5872 1308 5934 suas
1334 5848 1406 5924 ad
1423 5848 1793 5940 Constantium
1815 5861 2145 5945 perferrent.

2257 3325 2559 3398 pervicacia
2597 3341 2609 3378 :
2658 3342 2676 3376 s
2711 3323 2858 3378 Hanc
2887 3321 3072 3377 matris
3112 3315 3430 3376 charitatem
3463 3320 3696 3391 superbe
3721 3319 3852 3373 acci-

2257 3420 2462 3490 pientes
2490 3430 2536 3471 et
2570 3417 2731 3487 impie
2759 3413 3247 3486 reprehendentes,
3279 3413 3402 3483 quia
3435 3423 3556 3484 post
3581 3412 3706 3484 galli
3732 3427 3851 3467 can-

2255 3521 2364 3567 tum
2397 3513 2635 3581 surgenti
2669 3525 2773 3566 non
2800 3509 3052 3580 gratulati
3075 3549 3090 3574 ,
3121 3521 3241 3562 cum
3290 3504 3515 3562 lucifero
3561 3505 3652 3576 qui
3697 3521 3849 3561 mane

2253 3606 2530 3661 oriebatur
2559 3603 2754 3660 cadere
2782 3609 3136 3658 meruerunt»
3161 3600 3524 3675 (Augustinus,
3547 3601 3617 3654 ib.
3633 3644 3647 3666 ,
3672 3617 3722 3656 ο.
3741 3602 3849 3671 30).

2256 3697 2406 3753 Adeo
2428 3694 2481 3751 in
2499 3695 2747 3752 omnibus
2761 3695 2922 3751 rebus
2936 3705 2992 3750 ut
3008 3698 3297 3766 Optimum,
3313 3694 3384 3748 ita
3406 3703 3461 3749 et
3477 3691 3850 3750 difﬁcillimum

2254 3799 2340 3847 est
2365 3789 2582 3845 modum
2613 3804 2852 3845 servare.

2328 3887 2380 3942 7.
2426 3887 2762 3942 Ariminensis
2793 3886 2998 3941 concilii
3025 3901 3173 3940 casus
3203 3885 3463 3941 incautus.
3511 3915 3586 3926 —
3636 3884 3850 3942 Ursario

2255 3979 2395 4034 enim
2422 3991 2476 4035 et
2501 3979 2744 4046 Valente.
2779 3989 2837 4035 ut
2862 3979 3068 4044 scelera
3114 3979 3202 4034 diu
3248 3979 3418 4035 latere
3459 3995 3568 4036 non
3612 3991 3847 4051 possunt.

2255 4073 2408 4128 ulcus
2460 4073 2817 4128 Ariminensis
2863 4072 2984 4128 tldei
3026 4072 3094 4128 ab
3137 4071 3389 4128 omnibus
3429 4071 3542 4128 fere
3593 4075 3848 4145 episcopis

2255 4182 2353 4238 pro
2380 4167 2675 4222 orthodoxa
2708 4177 2944 4237 suceptae
2970 4181 3032 4222 ac
3053 4167 3423 4237 comprobata:
3448 4167 3843 4238 detegentibus,

2253 4260 2559 4332 Filiumque
2604 4260 2834 4316 similent
2888 4259 3028 4315 Patri
3093 4258 3296 4314 dictum
3375 4259 3846 4329 interpret-intibus

2253 4357 2355 4426 οὐχ
2385 4353 2581 4420 ἁπλῶς,
2615 4368 2795 4407 verum
2826 4355 2957 4409 κατὰ
2977 4376 3050 4417 τι,
3079 4352 3130 4408 id
3162 4362 3266 4417 cst,
3299 4351 3584 4406 secundum
3609 4353 3844 4425 Scriptu-

2253 4465 2361 4516 ras,
2416 4457 2470 4504 et
2517 4456 2785 4518 quatenus
2837 4446 3132 4516 Scripturis
3209 4445 3381 4502 sacris
3435 4461 3496 4504 ea
3562 4446 3846 4502 similitudo

2254 4539 2548 4597 conformis
2574 4551 2675 4609 est,
2706 4554 2774 4596 ex
2806 4539 2978 4608 iisque
3009 4553 3106 4594 nec
3145 4537 3407 4610 aequalem
3442 4537 3588 4594 Patri
3619 4536 3807 4594 Filium
3828 4577 3843 4606 ,

2178 4611 2230 4674 D
2258 4653 2357 4694 nec
2387 4652 2552 4692 ttnum
2596 4650 2719 4694 cum
2747 4651 2812 4690 eo
2840 4637 2857 4706 (
2887 4650 3103 4706 semper
3130 4633 3272 4688 enim
3302 4648 3331 4688 a
3377 4645 3511 4692 vero
3558 4630 3846 4688 similitudo

2255 4731 2469 4803 abest,)
2518 4731 2964 4795 coniicieutibus,
3022 4736 3326 4790 creaturam
3387 4726 3550 4783 etiam
3606 4736 3844 4798 negatum

2251 4829 2391 4884 sicut
2421 4837 2546 4882 sunt
2571 4827 2692 4883 ali-.c
2731 4832 3034 4887 creatura};
3074 4822 3504 4893 praestantiorem
3540 4823 3688 4878 enim
3717 4835 3843 4884 essay,

2252 4921 2348 4976 sed
2379 4929 2684 4976 creaturam
2741 4928 2920 4976 tamen
2969 4916 3312 4973 eludentibus
3361 4934 3375 4970 :
3430 4913 3699 4988 Ingemuit
3728 4926 3846 4970 totus

2255 5014 2410 5078 orbis,
2445 5013 2615 5084 inquit
2651 5012 3013 5084 HierOnymus
3060 5009 3326 5078 (adversus
3370 5005 3781 5080 Luciferiauos),
3806 5023 3829 5061 ε

2253 5126 2305 5165 se
2328 5108 2571 5162 Ariauum
2604 5107 2813 5160 miratus
2837 5113 2930 5160 est.
2948 5104 3015 5161 Et
3041 5119 3167 5160 sane
3180 5101 3483 5176 τὸ,’ομοιο
3503 5123 3525 5156 θ
3551 5106 3720 5161 κατὰ
3742 5104 3846 5162 τὰς

2254 5217 2333 5285 Pp
2347 5205 2465 5280 αφὰ
2479 5227 2524 5270 ς,
2546 5211 2654 5264 τοῖς
2685 5201 3076 5279 ἁπλουστέροις,
3093 5200 3262 5268 inquit
3285 5213 3510 5270 magnus
3543 5197 3636 5253 ille
3655 5199 3845 5268 Grego-

2256 5300 2368 5356 rius
2409 5295 2705 5366 (Nazianz.
2763 5294 2858 5348 Or.
2907 5291 2998 5360 2'1,
3045 5309 3096 5347 η.
3140 5290 3277 5364 26).
3327 5289 3505 5365 δέλεαρ
3551 5287 3610 5350 ἦν
3658 5291 3715 5347 τὸ
3758 5298 3838 5348 τῆς

2256 5391 2496 5452 ἀσεϐείας
2517 5390 2696 5462 χαλκῷ
2749 5388 3114 5464 περικείμενον,
3164 5386 3195 5445 ἡ
3246 5384 3372 5460 πρὸς
3421 5384 3625 5443 πάντας
3683 5381 3841 5458 ὁρῶσα

2255 5486 2379 5545 τοὺς
2432 5482 2702 5561 παριόντας
2750 5482 2913 5548 εἰκὼν,
2950 5481 2981 5539 ἡ
3021 5478 3152 5535 κατὰ
3184 5478 3355 5534 πάντα
3386 5471 3571 5548 ἄνεμον
3597 5476 3836 5547 Magum:-

2253 5643 2335 5712 An
2368 5656 2496 5700 vero
2537 5639 2685 5712 prius
2713 5639 2776 5698 ad
2826 5638 2968 5704 idem
3001 5650 3195 5712 munus
3214 5633 3526 5712 abeundum
3562 5647 3594 5688 a
3623 5630 3836 5712 concilio

2257 5709 2322 5768 ad
2363 5703 2612 5770 eumdem
2663 5712 3047 5786 imperatorem
3091 5706 3342 5766 destinati
3384 5705 3620 5774 fuerint,
3645 5721 3745 5764 non
3771 5703 3832 5758 ita

2257 5794 2490 5845 constat.

2265 5858 2267 5860 .
2332 5859 2411 5938 (ο)
2444 5857 2641 5928 Liberil
2671 5854 2896 5939 epistola
2929 5853 3099 5938 prima
3126 5850 3285 5918 dubia
3317 5848 3487 5932 (Frag
3530 5848 3629 5928 υ),
3658 5861 3663 5870 .
