4066 6424
165 293 168 296 ’
207 275 316 332 895

1380 265 1655 336 NICOLAI
1696 267 1778 326 ΡΛ
1788 264 1896 324 BBI
1940 266 2330 330 PREFA'I'IO.

3407 277 3517 350 ⁸η

211 390 360 446 Tunc
399 403 530 464 ergo
565 387 932 444 concurrebant
962 384 1228 461 episcopi,
1260 385 1348 456 qui
1376 383 1628 461 ejusmodi
1679 383 1811 439 dolis
1838 383 1888 448 Α
1920 382 2181 454 laiplium,
2234 403 2371 461 quos
2432 389 2669 462 gessisse
2725 393 3068 449 consulatum
3134 393 3324 450 salutis
3370 411 3516 466 anno

207 485 419 553 irretiti,
466 483 663 562 διανοίᾳ
705 481 948 555 quidem,
994 489 1050 548 ut
1073 496 1194 538 eum
1237 479 1429 544 eodem
1475 479 1814 546 Nazianzeno

207 574 329 646 (ον.
354 577 470 644 21.,
495 593 549 646 tt.
578 573 672 647 50)
724 575 931 648 loquar,
967 575 1024 630 οὐ
1059 571 1322 640 πεσόντες,
1345 575 1613 670 γρὸιμματι
1638 570 1691 628 δὲ
1711 593 1815 627 πα-

203 671 514 746 ραχθέντες,
565 671 654 724 καὶ
700 674 792 726 τοῦ
843 674 1040 725 καπνοῦ
1082 689 1139 744 7s
1179 669 1223 724 si
1265 669 1349 723 καὶ
1397 666 1468 743 μή
1518 673 1610 722 τοῦ
1647 666 1812 741 πυρὸς

205 759 567 834 μετασχόντες
590 804 604 828 ,
661 761 770 818 sine
825 760 1136 816 conscientia
1200 759 1428 816 ha’rctici
1495 758 1808 828 ferebantur,

203 865 546 910 contestantcs
593 870 781 925 corpus
835 853 1044 909 Domini
1097 855 1238 922 (eam
1285 853 1428 908 enim
1487 849 1808 905 sacramenti

208 948 497 1006 formulam
555 950 724 1004 multo
771 954 897 1002 ante
949 945 1066 1000 haec
1116 952 1359 1016 tempora
1409 951 1718 1013 usurpatam
1751 943 1802 998 in

209 1041 452 1097 Ecclesia
513 1039 679 1096 fuisse
739 1039 935 1112 prohat
984 1038 1380 1111 jusjurandum,
1432 1037 1576 1110 quod
1643 1036 1804 1107 impie

203 1133 565 1196 Novatianum
592 1134 609 1204 (
636 1149 748 1201 seu,
780 1131 1085 1202 Novatum)
1116 1147 1146 1186 a
1177 1133 1289 1188 suis
1336 1131 1582 1202 exegisse
1621 1129 1808 1186 scribit

201 1226 349 1299 apud
374 1226 664 1288 Eusebium
689 1225 972 1282 Cornelius
989 1223 1228 1299 [Euseb.,
1254 1225 1342 1280 lib.
1371 1241 1421 1281 VI
1451 1224 1590 1282 Hist.
1621 1242 1668 1280 c.
1699 1221 1802 1291 43;

203 1318 429 1374 Hieron.
487 1329 667 1374 contra
736 1317 938 1392 Lucif.]
970 1318 1007 1388 )'
1041 1328 1088 1374 et
1128 1318 1380 1390 quidquid
1446 1318 1499 1373 in
1571 1317 1806 1374 Ecclesia

199 1421 436 1466 sanctum
489 1421 586 1477 est,
635 1427 690 1468 se
736 1412 869 1470 nihil
919 1411 1044 1466 ntali
1082 1412 1135 1467 iu
1181 1427 1276 1466 sua
1331 1411 1436 1481 ﬁde
1489 1411 1799 1482 suspicatos.

203 1507 521 1566 Putovimus
541 1552 556 1578 ,
608 1510 843 1576 aiebant,
886 1527 1090 1565 sensum
1121 1524 1402 1581 congruere
1425 1524 1542 1564 cum
1589 1505 1754 1560 verbis
1781 1519 1804 1564 ε

195 1619 292 1658 nec
321 1604 375 1658 in
407 1601 638 1658 Ecclesia
691 1593 806 1671 Dei,
861 1603 947 1660 ubi
997 1604 1323 1676 simplicitas,
1369 1602 1455 1658 ubi
1503 1616 1633 1678 pura
1680 1614 1804 1654 con-

193 1694 360 1766 fessio
385 1702 483 1762 est,
516 1695 665 1752 aliud
690 1697 741 1750 in
769 1696 942 1762 corde,
984 1695 1130 1752 aliud
1176 1696 1229 1749 in
1276 1693 1423 1750 labiis
1481 1692 1702 1766 proferri
1727 1693 1802 1746 ei-

1916 477 2020 533 566
2041 478 2497 550 chronologorum
2528 483 2924 557 diligentissimi
2953 488 3194 542 tradunt.
3227 487 3363 546 Male
3391 488 3514 564 illos

1919 568 2202 628 haereticos
2226 573 2456 632 habebat
2483 589 2637 634 vetus
2662 579 2788 636 illud
2815 583 2866 638 in
2897 595 2954 636 se
2984 578 3236 652 experiri,
3268 579 3388 635 Cito
3413 580 3514 636 itit-

1917 664 2208 734 pt‘oborum
2244 667 2378 722 laeta
2409 669 2458 724 in
2487 671 2779 742 perniciem
2801 673 2996 728 cadere
3028 691 3042 728 :
3075 687 3175 728 nec
3214 689 3278 730 cx
3311 671 3514 738 Arimi-

1914 759 2066 814 nensi
2098 758 2287 816 fraude
2307 761 2418 831 jam
2450 763 2550 818 sibi
2583 763 2900 836 quidquam,
2954 774 3152 836 printer
3186 765 3367 826 odium
3408 781 3510 838 pu-

1915 850 2133 918 blicum,
2165 851 2426 910 invidiam
2457 870 2520 909 ac
2543 856 2816 912 infamiam
2847 873 3165 928 superesse;
3196 858 3353 916 lidem
3381 873 3511 928 vero

1911 944 2182 1002 Nicaeuam
2244 947 2441 1022 ubique
2509 950 2750 1006 locorum
2805 952 3082 1020 pristinam
3137 951 3510 1022 auctoritatem

1911 1037 2342 1110 dignitatemque
2396 1056 2737 1113 recuperare.
2788 1043 2893 1098 Sed
2949 1044 3223 1115 pra-cipue
3279 1047 3514 1117 augebat

1908 1128 2167 1202 Cet-tuitui
2194 1133 2392 1187 veteris
2414 1133 2499 1189 sui
2527 1135 2731 1189 sodalis
2759 1149 2822 1189 ac
2843 1138 3198 1207 congerronis
3220 1136 3505 1203 individui,

1907 1222 2024 1278 sine
2053 1239 2160 1294 quo
2191 1223 2404 1298 Theseo
2436 1227 2570 1280 nihil
2621 1227 2726 1282 huc
2777 1245 2945 1299 usque
2985 1235 3362 1289 tentaver-tit.
3414 1229 3512 1284 de-

1909 1314 2088 1370 feetio.
2138 1316 2186 1371 ls
2224 1315 2368 1380 enim
2419 1317 2751 1375 confessioni
2799 1318 3148 1376 Semiariana:
3195 1322 3504 1392 adltaJl'ens,

1908 1407 2052 1463 Patri
2086 1408 2280 1465 Filium
2316 1426 2412 1488 per
2440 1413 2621 1468 omnia
2651 1415 2885 1470 similem
2914 1415 3129 1471 dicebat
3158 1433 3170 1469 :
3205 1433 3231 1468 a
3257 1433 3358 1490 qua
3388 1433 3512 1490 pro-

1907 1498 2140 1562 fessione
2169 1519 2270 1559 ttee
2303 1504 2664 1561 Arimineusis
2695 1505 2826 1562 ﬁdes
2857 1520 2976 1580 post
3003 1508 3107 1564 vim
3150 1507 3351 1566 illatam
3383 1524 3505 1566 sus-

1903 1605 2059 1662 cepta
2106 1595 2426 1652 dissidebat.
2479 1597 2734 1664 Quamvis
2783 1601 2950 1668 enim,
3005 1612 3061 1655 iit
3103 1615 3266 1670 supra
3301 1601 3502 1658 dictum

1904 1699 2009 1753 est,
2044 1703 2138 1744 eas
2163 1704 2324 1746 voces
2354 1707 2445 1765 per
2490 1694 2660 1748 omnia
2709 1710 2818 1750 non
2847 1693 3114 1763 habuerit,
3167 1696 3299 1750 satis
3325 1705 3503 1752 tamen

191 1789 438 1845 uiuimus.
491 1788 560 1845 Et
601 1804 752 1854 sane,
796 1790 1099 1867 ἀφύλακτον,
1152 1787 1324 1858 inquit
1351 1786 1495 1842 idem
1539 1785 1630 1839 ille
1670 1783 1803 1839 Gre-
1836 1793 1878 1854 Β
1911 1782 2042 1852 ipsa:
2064 1783 2306 1838 clausula
2347 1785 2434 1838 illa
2481 1787 2764 1840 secundum
2797 1785 3120 1858 Scripturas,
3153 1787 3279 1858 quia
3312 1786 3503 1846 Filium

188 1884 400 1958 gorius,
444 1885 475 1943 ri
531 1882 776 1948 ἁπλότης,
836 1888 920 1940 καὶ
969 1885 1104 1956 μετὰ
1139 1888 1232 1938 τοῦ
1274 1884 1469 1956 σαθροῦ
1513 1885 1604 1940 τήν
1628 1879 1798 1953 φιλάν-

187 1979 414 2055 θρωπον,
462 1981 548 2034 καὶ
589 1980 778 2037 ἥκιστα
823 1984 914 2038 τήν
962 1981 1140 2034 κακίαν
1191 1978 1446 2054 ὑφορᾶται
1500 1977 1561 2034 τὸ
1617 1977 1799 2035 κακίας

189 2069 468 2148 ἐλεύθερον.
502 2088 520 2123 ι
556 2068 832 2141 Interrogo
864 2070 1019 2135 istos,
1081 2087 1100 2122 ι
1153 2067 1431 2138 subjungit
1471 2066 1612 2122 idem
1667 2065 1795 2120 Ilie-

187 2179 451 2238 ronymus
477 2162 746 2236 [adversus
796 2161 1018 2238 Lucif.],
1052 2181 1071 2217 ι
1111 2163 1270 2220 nimis
1303 2161 1618 2234 religiosos,
1662 2157 1791 2230 quid

185 2256 594 2326 confessoribus
631 2274 652 2312 ι
705 2256 806 2329 (sic
855 2257 1000 2314 enim
1055 2257 1205 2320 locus
1253 2255 1346 2312 ille
1384 2254 1548 2312 scribi
1608 2252 1792 2326 debet)

191 2367 212 2400 ι
250 2348 517 2424 agendum
547 2349 912 2422 putaverunt?
939 2348 1013 2404 Ita
1041 2348 1140 2404 hac
1166 2347 1580 2406 mansuetudine
1605 2354 1660 2402 et
1684 2345 1794 2401 cle-

187 2439 394 2496 mentia
427 2439 563 2497 ﬁdes
591 2440 810 2496 Nictena
842 2450 1089 2514 reparata
1132 2449 1293 2512 atque
1341 2439 1577 2496 stabilita
1604 2446 1706 2502 est,
1741 2445 1796 2494 et

181 2547 215 2587 a
269 2533 442 2602 tribus
504 2532 912 2592 confessoribus
977 2531 1194 2590 Satanas
1257 2531 1499 2586 faucibus
1562 2528 1792 2586 mundus

182 2634 425 2695 ereptus.
471 2643 491 2692 ρ
525 2621 660 2682 Cum
686 2626 880 2696 quibus
900 2624 1063 2681 etiam
1096 2623 1370 2680 Liberium
1394 2623 1455 2680 P.
1487 2622 1549 2677 ll.
1583 2614 1790 2678 meniu-

181 2733 303 2785 rem
347 2719 630 2775 verborum
670 2717 884 2776 Domini
915 2735 927 2773 :
964 2736 983 2770 ι
1021 2718 1085 2774 Ει
1115 2729 1167 2773 ιιι
1199 2731 1496 2774 conversus
1525 2715 1791 2773 confirma

180 2813 381 2870 fratres
406 2821 526 2869 tuos
571 2831 592 2868 s
647 2811 816 2884 (an.
848 2829 990 2879 xxtt,
1031 2812 1150 2884 25),
1199 2828 1305 2868 non
1352 2812 1523 2867 solum
1576 2809 1789 2866 cadenti

181 2906 368 2973 Petro,
409 2905 505 2961 sed
535 2904 696 2963 etiam
742 2907 844 2963 sibi
876 2907 1143 2962 dictorum
1175 2947 1190 2974 ,
1222 2906 1312 2978 qui
1351 2906 1496 2962 sedis
1536 2905 1674 2961 Petri
1708 2908 1788 2960 iu-

179 2996 560 3070 ﬁrmitatisque
587 3013 875 3055 successor
900 2999 1220 3068 exstiterat,
1258 2998 1528 3072 egregiam
1573 3014 1787 3074 quoque

177 3107 415 3148 navasse
431 3107 651 3168 operam
685 3091 922 3149 historiae
950 3095 1205 3166 produnt.

1903 1874 2078 1936 Patris
2134 1877 2425 1948 imaginem
2477 1878 2665 1936 dicunt
2711 1880 3028 1950 Scripturae,
3080 1880 3304 1952 intelligi
3344 1890 3506 1952 atque

1899 1969 2131 2038 exprimi
2160 1969 2542 2026 censebantur.
2562 1976 2629 2028 At
2659 1971 2939 2040 Ursacius,
2960 1973 3178 2041 Valens,
3206 1975 3504 2046 cmteriqiie

1899 2061 1967 2115 de
1997 2077 2159 2134 grege
2187 2062 2278 2118 illo
2308 2074 2495 2118 contra
2523 2106 2536 2130 ,
2569 2065 2760 2120 Filium
2790 2066 3008 2140 quidem
3038 2067 3141 2121 diei
3177 2065 3322 2122 Patri
3352 2067 3502 2120 simi-

1899 2143 2025 2218 Ictu,
2083 2155 2173 2208 sed
2221 2171 2323 2209 non
2370 2156 2651 2214 secundum
2698 2157 3058 2225 substantiam,
3111 2157 3360 2228 inquiunt
3402 2155 3503 2237 hac

1897 2248 2149 2320 epistola,
2181 2259 2270 2306 aut
2295 2266 2384 2322 per
2412 2252 2583 2306 omnia
2622 2268 2712 2306 seu
2751 2251 3026 2308 absolute:
3067 2252 3177 2321 (ita
3224 2251 3368 2306 enim
3416 2250 3503 2306 hic

1897 2344 2048 2399 locus
2069 2343 2442 2400 emendandus
2473 2329 2558 2402 est
2581 2344 2619 2420 :)
2649 2345 2732 2400 vel
2762 2347 2904 2400 enim
2935 2345 3286 2416 subjungunt,
3315 2343 3502 2400 Basilii

1895 2437 2238 2510 Anquiritani
2294 2437 2536 2511 episeopi
2591 2429 2730 2495 inter
2785 2438 3152 2497 Semiariauos
3216 2437 3496 2509 praecipui,

1869 2543 2052 2602 'quem
2082 2531 2270 2587 Ariani
2300 2533 2529 2600 concilio
2556 2531 2576 2606 (
2601 2547 2691 2590 an.
2721 2529 2867 2606 560)
2895 2531 3498 2602 Constantinopolitano

1894 2625 2282 2696 deposuerant,
2326 2627 2589 2698 cujusque
2619 2625 2930 2698 opinionem
2965 2623 3043 2700 (b)
3073 2625 3268 2681 deinde
3301 2624 3494 2680 Antio-

1894 2720 2070 2776 clteno
2089 2720 2498 2789 damnaverant,
2529 2720 2726 2792 perﬁda
2758 2721 2974 2775 assertio
3003 2719 3348 2793 reparabitur.
3371 2716 3492 2774 Non

1892 2813 2030 2869 adeo
2059 2815 2324 2869 scelerate
2357 2814 2518 2884 igitur
2546 2824 2707 2884 atque
2736 2813 2897 2886 impie
2919 2813 3254 2879 Germinius,
3279 2812 3368 2883 qui
3398 2811 3498 2866 hac

1889 2906 2119 2978 epistola
2168 2916 2494 2976 provocatus
2547 2921 2667 2961 eam
2736 2920 2850 2960 sua:
2915 2903 3040 2961 ﬁdei
3105 2905 3494 2975 profeSsionem

1888 3000 2229 3072 conscripsit,
2262 3015 2383 3072 quae
2415 2999 2558 3055 inter
2600 2999 2716 3054 hmc
2745 2998 3045 3070 fragmenta
3087 3011 3230 3070 nunc
3261 2999 3492 3070 primum

1889 3093 2098 3164 vulgata
2133 3091 2309 3164 (modo
2351 3089 2515 3166 Frag.
2571 3101 2690 3163 xm)
2739 3091 3016 3148 Christum
3066 3092 3157 3146 Dei
3203 3089 3370 3163 ﬁlium
3427 3103 3490 3145 ac

251 3184 304 3240 8.
343 3183 504 3240 Plane
531 3184 673 3256 quod
705 3185 792 3242 hic
816 3187 1115 3256 obtestatur
1145 3185 1393 3258 Liberius
1421 3184 1624 3260 (Frag.
1659 3188 1775 3258 xu),
1808 3190 1853 3253 (ζ
1888 3185 2056 3240 Deum
2103 3185 2372 3256 agnoscit,
2413 3185 2698 3252 divinitate,
2749 3184 3019 3249 charitate,
3062 3185 3348 3255 majestate,
3394 3181 3497 3236 vir-

175 3277 472 3350 episeopos
499 3293 688 3336 omnes
713 3279 880 3336 Italia:
906 3280 1230 3338 Ariininensi
1257 3281 1477 3352 perﬁdia
1499 3282 1775 3354 deceptos,

178 3380 240 3426 ut
273 3370 588 3442 pestiferum
622 3372 752 3428 illud
782 3372 976 3444 dogma
1003 3373 1384 3441 condemnant,
1409 3374 1780 3432 vehementius

174 3463 233 3518 in
265 3462 386 3533 ejus
416 3478 666 3519 anetores
711 3463 1018 3539 insaeviant,
1051 3481 1186 3535 quos
1230 3465 1282 3522 in
1325 3479 1383 3521 se
1416 3465 1683 3524 violentos
1727 3475 1782 3522 et

171 3553 437 3610 subdolos
483 3556 690 3627 experti
738 3565 884 3625 sunt,
931 3566 1177 3630 totusque
1203 3573 1261 3613 se
1290 3558 1414 3614 ﬁdei
1447 3558 1678 3626 Nicaeum
1715 3558 1783 3615 de

174 3637 402 3722 intcgro’
435 3650 779 3722 mancipem;
815 3659 922 3707 tam
967 3652 1041 3724 pii
1087 3652 1194 3706 voti
1247 3653 1420 3724 ipsum
1474 3663 1781 3726 compotem

173 3757 285 3799 non
316 3742 484 3797 multo
516 3752 638 3826 post
668 3742 889 3815 factum,
922 3761 1043 3801 eum
1091 3761 1159 3822 ex
1203 3747 1323 3818 ejus
1367 3747 1590 3820 ρρίειοΙει
1618 3765 1783 3820 quam

171 3833 403 3891 exhibet
429 3835 682 3892 Socrates
710 3835 848 3908 (Lib.
877 3854 948 3908 tv,
979 3855 1026 3894 ε.
1055 3839 1144 3913 l2)
1173 3840 1240 3896 ad
1262 3840 1565 3900 Orientales
1594 3841 1780 3909 missa,

169 3943 281 4000 qua
310 3943 502 3984 omnes
521 3930 810 4002 episcopos
840 3930 1008 3987 Italiae
1026 3933 1355 3988 Arimineusi
1379 3933 1623 3989 formula:
1648 3950 1780 3991 aua-

171 4023 360 4077 thema
389 4021 613 4090 dixisse,
646 4022 864 4079 Nicena:
894 4023 1018 4081 ﬁdei
1063 4024 1474 4098 subscripsisse,
1518 4029 1785 4084 maximo-

167 4128 280 4185 que
311 4124 448 4169 testu
500 4115 551 4170 in
601 4115 717 4172 Arii
769 4116 961 4189 dogma
1008 4117 1233 4192 ejusque
1280 4119 1574 4192 discipulos
1625 4137 1785 4186 exar-

167 4202 403 4262 descere
429 4205 719 4279 signiﬁcat,
745 4217 855 4264 tum
881 4209 1043 4266 etiam
1070 4225 1136 4266 ex
1167 4226 1254 4282 ea,
1283 4227 1405 4284 qua:
1429 4212 1518 4271 hic
1541 4214 1784 4283 proxime

173 4299 430 4373 sequitur
468 4297 544 4375 (in
578 4301 772 4358 eodem
803 4301 1180 4377 Fragmenta),
1213 4306 1591 4380 cpiscoiiorum
1618 4306 1786 4378 Italia;

168 4396 241 4450 ad
282 4395 572 4484 episc0pos
615 4396 812 4476 Illyrici
872 4396 1032 4455 inissa
1084 4398 1366 4456 discimus.
1424 4399 1551 4457 Hinc
1600 4413 1780 4468 autem

166 4488 441 4564 posterior
469 4487 698 4560 epistola
739 4500 964 4563 apparet
1009 4492 1209 4562 scripta
1244 4489 1320 4563 (τι)
1365 4504 1484 4564 post
1513 4495 1780 4568 synodum

1889 3288 2015 3342 tute,
2049 3277 2312 3346 claritate,
2341 3279 2465 3346 vita,
2508 3279 2784 3350 sapientia,
2830 3279 3064 3342 scientia,
3099 3275 3245 3332 Patri
3270 3292 3359 3348 per
3387 3292 3496 3330 om-

1887 3373 1974 3427 nia
2003 3371 2262 3436 similem;
2319 3371 2472 3444 cujus
2514 3374 2678 3428 etiam
2725 3371 3024 3442 pleniorem
3075 3370 3492 3439 uberioremque

1886 3465 2386 3536 interpretationem
2415 3465 2644 3538 epistola
2686 3463 2753 3518 ad
2800 3464 3108 3530 ltulianum,
3163 3461 3491 3528 Palladium,

1885 3559 2204 3617 Severinum
2234 3561 2397 3615 miSsa
2429 3558 2599 3632 edidit
2628 3556 2814 3632 (Frag.
2848 3556 2962 3630 xv).

1959 3653 2046 3710 IO.
2092 3651 2345 3708 Formala
2390 3670 2421 3706 a
2476 3651 2652 3706 Marco
2687 3652 2863 3707 Arctlt.
2894 3651 3108 3716 dictata,
3139 3667 3271 3722 quae.
3301 3680 3372 3692 —
3414 3648 3492 3705 Ex

1885 3763 1988 3819 qua
2020 3747 2235 3820 quidem
2268 3747 2495 3820 epistola
2527 3756 2787 3822 pr:eterea
2814 3744 3108 3814 discimus,
3139 3759 3385 3814 quaenam
3419 3744 3490 3798 sit

1885 3841 1974 3896 illa
2016 3841 2140 3896 lidei
2201 3841 2449 3908 formula,
2496 3823 2583 3894 cui
2624 3837 2894 3894 dietanda:
2949 3837 3159 3891 Marcus
3206 3833 3491 3890 Arethusa:

1885 3935 2174 4006 episcopus
2198 3935 2390 3989 electus
2419 3942 2523 3997 est;
2549 3932 2654 4006 (sic
2679 3933 2822 3987 enim
2847 3930 3189 3986 scribendum
3219 3943 3360 3989 esse,
3385 3943 3490 3990 nun

1885 4033 2110 4103 ejectum
2138 4045 2203 4084 ex
2231 4028 2454 4084 Socrate
2483 4026 2596 4102 [lib.
2631 4043 2687 4089 ll,
2723 4045 2768 4081 c.
2800 4024 2890 4099 50]
2923 4025 3172 4097 constat)
3205 4035 3257 4079 et
3297 4023 3492 4098 quibus

1885 4121 2200 4182 auctoribus
2237 4132 2523 4193 concepta,
2567 4120 2996 4192 quibuscumque
3018 4117 3271 4190 aIISpiCliS
3294 4117 3490 4173 emissa

1887 4214 2073 4270 fuerit.
2108 4213 2317 4269 Vereor
2345 4214 2488 4269 enim
2534 4228 2601 4268 ne
2649 4211 2845 4268 frustra
2894 4208 3084 4282 (lbid.)
3111 4210 3177 4265 sit
3211 4209 3488 4275 Socrates,

1886 4322 2010 4363 cum
2037 4306 2160 4363 ﬁdei
2189 4306 2430 4380 regulam
2472 4321 2500 4360 a
2545 4305 2725 4362 Marco
2752 4303 3042 4360 Arethusio
3071 4303 3326 4378 scriptam
3368 4317 3488 4356 euut

1886 4401 2101 4465 asserit,
2131 4417 2250 4474 qua:
2278 4412 2468 4456 contra
2520 4399 2813 4466 Photinum
2847 4398 2898 4454 in
2927 4396 3160 4452 concilio
3204 4393 3490 4476 Sirmiensi

1887 4495 2204 4568 provulgata
2241 4504 2356 4578 est;
2398 4506 2451 4551 et
2501 4509 2606 4550 non
2660 4493 2841 4566 potius
2887 4491 3031 4547 illam
3062 4532 3076 4556 ,
3125 4505 3285 4562 quam
3345 4489 3488 4544 idem

167 4579 444 4654 Illyricam
466 4580 611 4637 circa
639 4598 838 4642 annum
867 4584 1070 4640 Christi
1102 4585 1206 4642 365
1243 4585 1502 4654 habitam;
1537 4603 1656 4662 quze
1688 4589 1780 4645 Ni-
1809 4597 1861 4672 Ι)
1886 4599 2072 4647 auctor
2119 4591 2218 4662 ait,
2266 4600 2328 4648 ut
2377 4591 2610 4668 primum
2661 4590 2712 4646 iu
2759 4588 2948 4645 eadem
2979 4585 3190 4659 synodo
3220 4584 3487 4656 publicata

165 4689 322 4730 caena
354 4674 491 4730 ﬁdes
519 4677 578 4732 in
621 4676 859 4750 Illyrico,
893 4678 1034 4734 unde
1065 4679 1113 4748 vi
1145 4679 1354 4750 dejeeta
1405 4680 1599 4749 fuerat,
1632 4683 1781 4752 velut

171 4784 240 4824 ex
285 4768 544 4826 Praetoris
582 4771 760 4827 edicto
799 4773 1049 4828 restituta
1076 4783 1179 4830 est.
1223 4774 1388 4848 Cujus
1421 4777 1778 4848 restitutionis

165 4862 621 4920 nosterllilarius
651 4865 908 4937 primum,
957 4865 1154 4924 deinde
1200 4867 1462 4928 Eusebius
1502 4869 1780 4928 Vercella-

165 4973 290 5012 rum
322 4956 611 5034 episcopus
639 4959 706 5015 ab
739 4958 905 5015 exilio
945 4960 1258 5028 redeuntes,
1289 4978 1395 5032 non
1425 4963 1565 5032 levia
1587 4966 1778 5022 fundas

165 5059 358 5122 menta
390 5049 655 5120 iecerant.

237 5145 293 5202 9.
341 5142 588 5199 Germinii
619 5162 650 5199 a
681 5144 895 5202 Valente
920 5157 969 5201 et
1004 5145 1222 5202 Ursacio
1247 5149 1485 5220 defectio.
1538 5179 1610 5190 —
1651 5151 1769 5220 Epi-

161 5237 306 5292 stola
335 5246 518 5292 autem
547 5236 752 5294 Ursacii
779 5237 949 5312 (nunc
977 5237 1196 5311 Fragm.
1228 5238 1360 5312 xiv),
1391 5239 1632 5298 Valentis
1661 5243 1774 5302 Caii

159 5340 217 5386 et
246 5331 482 5386 aliorum
527 5331 807 5402 Singiduni
837 5343 1151 5406 coactorum
1185 5334 1249 5390 ad
1281 5335 1617 5402 Germinium
1647 5352 1779 5393 con-

159 5425 314 5482 sules
343 5424 652 5498 adscriptas
681 5425 880 5495 habet,
911 5426 1231 5484 Gratianum
1282 5427 1346 5484 N.
1394 5427 1454 5486 P.
1495 5438 1552 5486 et
1601 5429 1776 5505 Daga~

236 5608 318 5686 (ᾳ)
357 5607 498 5686 gnte
523 5607 779 5686 scriptam
806 5624 927 5666 esse
955 5610 1318 5686 probavimus.

236 5673 315 5754 (b)
345 5677 474 5754 _N_on
497 5673 712 5754 quidem
737 5697 833 5753 per
859 5673 1078 5748 sefscd
1107 5673 1389 5754 adversam
1417 5681 1764 5751 suscipiendo

156 5750 594 5888 :pu‘dv’ﬁthanas.
625 5753 694 5822 de
730 5750 934 5832 Synod.
970 5771 1022 5844 p.
1057 5754 1182 5832 906.
1230 5761 1286 5812 et
1320 5753 1532 5843 Socrat.
1571 5750 1669 5814 lib.
1705 5770 1762 5827 ti,

198 5866 214 5898 ,
327 5866 340 5885 .

1881 4695 1986 4756 est,
2017 4687 2161 4762 velut
2192 4690 2331 4760 male
2362 4696 2545 4746 natum
2579 4687 2744 4752 fetum
2785 4700 2852 4742 ex
2882 4699 2951 4739 xu
2986 4680 3180 4736 tabulis
3225 4677 3301 4751 (c)
3349 4694 3484 4752 sup-

1880 4765 2152 4856 pressam,
2183 4795 2368 4856 postea
2397 4782 2673 4838 Ursacium
2705 4789 2760 4833 ct
2784 4779 3064 4832 Valentem
3099 4774 3340 4848 patribus
3366 4773 3486 4830 Ari-

1881 4877 2012 4932 mini
2041 4875 2382 4948 congregatis
2407 4871 2850 4934 subseribendam
2879 4868 3165 4926 obtulisse.
3191 4866 3315 4922 Sola
3340 4867 3484 4928 enim

1879 4968 1996 5024 htec
2047 4970 2160 5040 ipsa
2212 4984 2316 5024 non
2374 4977 2581 5022 tantum
2611 4980 2679 5022 ex
2713 4965 2885 5020 tribus
2931 4960 3201 5026 formulis,
3243 4977 3375 5032 quas
3420 4975 3482 5014 ea

1881 5060 2089 5134 synodo
2127 5061 2278 5115 aiunt
2308 5059 2554 5130 emissas,
2587 5071 2774 5114 verum
2806 5058 2968 5112 etiam
3011 5074 3076 5114 ex
3123 5072 3318 5113 novem
3348 5067 3485 5126 prat-

1878 5155 2076 5226 cipuis,
2128 5169 2264 5226 quas
2315 5154 2565 5208 Socrates
2621 5153 2798 5225 (nisus
2855 5153 3243 5226 labyrinthum,
3277 5145 3480 5214 utipse

1878 5257 2053 5313 vocat,
2095 5247 2448 5302 formularum
2482 5245 2604 5302 ﬁdei
2637 5247 2923 5310 extrieare,
2958 5260 3116 5317 quem
3157 5256 3336 5308 tamen
3368 5255 3484 5294 ma-

1875 5343 1958 5414 gis
1980 5339 2234 5411 involvit)
2265 5340 2332 5408 ab
2354 5337 2568 5394 Ariauis
2589 5338 2883 5409 publicatas
2906 5340 3081 5410 spatio
3098 5332 3472 5390 uovemdeeim

1875 5451 2142 5498 annorum
2195 5446 2480 5498 enumerat
2521 5433 2633 5506 (lib.
2669 5447 2727 5497 tt,
2759 5448 2806 5486 c.
2838 5429 2929 5504 Η)
2975 5431 3026 5488 id
3075 5437 3181 5494 est,
3228 5427 3296 5482 ab
3333 5439 3478 5483 anno

1937 5616 2010 5690 (c)
2051 5617 2386 5690 Probabilius
2399 5623 2483 5672 est
2509 5629 2627 5670 eam
2653 5627 2998 5690 suppressam
3024 5617 3471 5690 esse,_postq_uam

1877 5684 2105 5744 Arimini
2133 5692 2290 5757 lecta,
2324 5689 2393 5772 ob
2439 5684 2734 5743 annotatos
2757 5685 3012 5741 consules
3032 5684 3273 5766 omnium
3303 5685 3470 5766 risum

1875 5765 2205 5838 provocavit.
2284 5770 2288 5774 '
