4066 6424
583 285 692 346 895

1521 287 1588 344 ΙΝ
1627 287 2052 345 FRAGMENTA
2087 286 2332 345 SANCTI
2376 284 2632 343 "ILARII
2667 285 2974 344 EPISCOPI

3775 288 3871 344 896

585 405 788 464 Christi
820 404 924 462 512
944 405 1086 482 (cum
1109 403 1319 478 synodo
1345 403 1683 465 Antiochena
1709 404 1762 460 in
1779 403 2048 461 Encaaniis
2070 413 2190 476 post
2215 406 2271 467 Α
2293 401 2426 458 Nam
2458 401 2600 474 quod
2627 402 2814 459 dicunt
2839 402 3022 460 Sirmii
3053 401 3275 469 editam,
3305 401 3465 459 valde
3503 401 3696 475 probo,
3739 404 3873 476 quod

582 501 745 558 ﬁdem
787 497 1057 555 Niczenam
1089 513 1287 555 novam
1337 498 1496 554 aliam
1539 497 1777 555 condere
1809 497 2039 568 primum
2071 497 2186 552 ausi

582 591 734 662 sunt)
761 589 828 646 ad
861 591 1081 648 Eusebii
1112 602 1166 648 et
1199 590 1412 664 llypatii
1441 590 1807 654 consulatum,
1851 604 1959 657 quo
1985 589 2186 646 Arimi-

583 686 772 743 nensis
797 695 1027 742 consuta
1054 696 1138 742 est
1168 685 1413 756 perﬁdia,
1448 684 1628 756 (adeo
1657 691 1741 740 est
1767 686 1826 741 τὸ
1856 682 2043 757 ψεῦδος
2086 704 2187 738 πο-

581 779 860 866 λύμορφον)
888 797 902 834 :
933 783 1044 852 ipsa
1069 780 1185 836 sola
1204 820 1220 846 ,
1246 779 1461 850 inquam
1491 777 1654 833 habet
1697 778 1810 832 haec
1858 777 2022 832 verba
2053 795 2066 829 ε
2093 774 2190 830 Fi-

583 874 711 930 lium
739 871 963 928 similem
997 871 1144 927 Patri
1172 888 1264 944 per
1288 872 1481 934 omnia,
1515 879 1570 925 ut
1594 881 1786 925 sancite
1811 870 1989 924 dicunt
2019 879 2065 923 et
2095 869 2191 922 do-

583 979 697 1026 cent
730 969 1038 1042 Scriptura,
1067 984 1189 1040 qutc
1219 966 1469 1022 extitisse
1499 964 1552 1020 in
1586 964 1770 1037 regula
1805 963 1926 1019 lidei
1952 979 1982 1019 a
2010 963 2189 1019 Marco

585 1063 810 1128 dictata,
840 1064 995 1120 testis
1014 1073 1100 1118 est
1123 1061 1222 1116 hac
1251 1059 1476 1131 epistola
1499 1059 1825 1124 Germinius,
1850 1057 1995 1114 unde
2023 1059 2188 1113 etiam

582 1157 654 1214 ab
705 1154 1008 1225 Epiphanio
1081 1153 1278 1226 (liter.
1337 1169 1502 1208 uxnt
1532 1194 1546 1215 ,
1593 1151 1761 1224 Si):
1825 1154 2000 1213 πίστις
2070 1153 2191 1228 περὶ

583 1255 680 1306 τοῦ
747 1244 918 1322 ὅμοιον
964 1243 1091 1305 ιῖναι
1145 1249 1233 1304 τὸν
1277 1246 1381 1300 υἱὸν
1433 1248 1596 1322 πατρὶ
1649 1246 1779 1302 κατά
1823 1247 1992 1302 πάντα
2047 1258 2188 1298 nun-

583 1331 778 1412 cupata
825 1351 928 1396 est.
977 1339 1103 1396 Hinc
1155 1339 1344 1395 eadem
1401 1348 1522 1402 est,
1585 1347 1642 1392 ut
1688 1355 1756 1393 ex
1785 1336 2085 1393 Athanasio
2136 1339 2188 1394 in

585 1432 818 1507 epistola
873 1432 943 1488 de
986 1430 1220 1505 Synodis
1268 1440 1513 1496 constat,
1565 1446 1685 1502 qua:
1732 1441 1921 1486 c0ntra
1980 1446 2191 1486 morem

585 1526 1014 1582 ecclesiasticum
1070 1519 1341 1580 Consules
1401 1523 1615 1579 additos
1681 1523 1902 1591 habuit,
1971 1532 2194 1594 propter

584 1617 730 1690 quod
781 1617 1022 1689 patribus
1071 1616 1306 1676 Arimini
1351 1617 1690 1688 congregatis
1737 1632 1845 1672 non
1892 1619 2066 1688 magis
2115 1617 2196 1674 bi-

587 1713 694 1768 lem
751 1712 821 1768 ob
877 1711 1254 1784 impietatem,
1315 1725 1477 1783 quam
1534 1711 1605 1767 ob
1665 1711 1957 1768 novitatem
2026 1713 2191 1767 risum

587 1806 778 1862 movit.

585 2002 784 2049 ventus.
810 1992 1074 2048 —Porro
1117 1991 1404 2063 Georgius,
1453 2007 1613 2064 quem
1655 1991 1999 2048 Alexandriae
2036 2001 2194 2049 vocat

585 2085 921 2158 episcopum,
947 2085 1035 2142 ille
1055 2095 1138 2141 est
1154 2101 1356 2156 genere
1369 2084 1530 2152 Cilix,
1553 2085 1894 2142 siAmmiano
1912 2086 2026 2155 (lib.
2054 2084 2191 2159 χιιι)

585 2179 884 2244 credimus,
911 2179 997 2236 vel
1026 2177 1320 2250 Cappadox
1348 2180 1392 2235 si
1425 2178 1724 2237 Athanasio
1755 2188 1810 2235 et
1842 2181 2056 2236 caneris
2083 2181 2194 2254 (ad

587 2270 748 2328 Solit.
779 2288 832 2335 ῃ.
865 2271 1005 2337 8b‘l;
1041 2269 1143 2326 Tit.
1172 2287 1211 2338 ι,
1237 2271 1329 2343 12)
1367 2289 1380 2327 :
1410 2285 1574 2343 atque
1597 2272 1762 2327 etiam
1793 2272 1838 2328 si
1871 2288 2049 2328 mores
2076 2273 2194 2343 ejus

585 2364 858 2429 attendas,
892 2364 1054 2436 plane
1083 2363 1383 2432 Cretensis,
1415 2369 1496 2422 ἀεὶ
1523 2366 1776 2438 ψεύστης,
1828 2369 1976 2424 κακὸν
1997 2369 2191 2445 θηρίον,

585 2463 671 2516 καὶ
703 2465 908 2537 γαστήρ
933 2461 1115 2533 ἀργός,
1138 2469 1194 2514 ιιι
1222 2475 1331 2515 non
1358 2461 1622 2531 pessimus
1644 2475 1764 2517 esse
1786 2462 2114 2532 nequiverat,
2141 2461 2194 2518 in

587 2567 749 2624 quem
776 2555 898 2630 τριὰ
917 2554 1096 2608 κάππα
1113 2555 1338 2610 κάκιστα
1358 2556 1751 2608 concurrerint.
1776 2553 1846 2608 lis
1868 2555 2011 2609 enim
2041 2553 2192 2610 illum

588 2643 832 2716 depingit
860 2646 1136 2700 coloribus
1167 2645 1538 2701 Nazianzenus
1584 2645 1761 2719 (Orat.
1814 2663 1927 2714 xxi,
1979 2665 2031 2703 η.
2080 2649 2192 2720 l9),

590 2741 681 2812 qui
715 2741 872 2810 plane
911 2742 1060 2816 τέρας
1096 2763 1149 2796 τι
1177 2739 1549 2808 καππαδὸκιον,
1601 2756 1708 2796 non
1760 2741 2032 2798 hominem
2065 2729 2198 2799 elﬁ-

589 2837 762 2907 gient,
790 2834 1044 2888 nimirum
1084 2836 1302 2910 πονηρὸν
1323 2837 1381 2891 τὸ
1409 2838 1570 2910 γένος,
1604 2839 1938 2916 πονηρότερον
1965 2844 2056 2899 τὴν
2086 2837 2198 2896 διὰ·

591 2949 745 2993 νοιαν,
781 2925 896 2982 οὐδὲ
938 2927 1197 2990 παντελῶς
1241 2928 1520 3004 ἐλεύθερον,
1559 2930 1664 2984 ἀλλ’
1695 2933 1978 3004 ἐπίμικτον,
2007 2928 2107 2987 οἷον
2142 2937 2198 2989 τὸ

594 3031 697 3079 τῶν
725 3025 957 3097 ἡμιόνων,
990 3026 1055 3079 τὰ
1079 3027 1170 3097 μὲν
1192 3033 1379 3102 πρῶτα
1423 3028 1682 3104 τραπέζης
1709 3027 1978 3104 ἀλλοτρίας
2001 3026 2195 3092 δοῦλον,

591 3122 677 3174 καὶ
731 3120 898 3191 μάζης
938 3117 1083 3174 ὤνιον
1108 3159 1122 3181 ,
1154 3119 1243 3189 qui
1290 3134 1356 3173 ex
1394 3119 1569 3174 aerarii
1614 3117 2196 3190 Constantinopolitani

2293 493 2582 552 Sirmiensi
2635 494 2867 551 concilio
2911 496 3112 568 ἒπέχω.
3141 493 3388 551 Tradunt
3418 495 3594 568 (Socr.
3625 494 3717 549 lib.
3751 510 3806 561 tt,
3831 512 3874 549 c.

2288 589 2396 654 20;
2424 588 2634 646 Sozam.
2669 589 2760 645 lib.
2794 605 2869 654 tv,
2901 607 2946 644 ο.
2980 589 3037 662 6)
3069 590 3119 643 iu
3143 605 3204 644 ea
3246 588 3456 660 synodo
3486 598 3595 644 tres
3621 587 3748 644 ﬁdei
3799 604 3878 644 re-

2289 683 2442 752 gulas
2469 681 2682 738 editas:
2715 683 2944 752 primam
2993 682 3136 736 illam
3160 693 3353 736 contra
3391 681 3711 747 Photiuum,
3753 683 3880 739 alte-

2290 790 2403 830 ram
2437 791 2599 843 quant
2628 775 2860 831 dicimus
2885 791 2914 829 a
2949 775 3129 831 Marco
3154 778 3429 843 scriptam.
3464 774 3676 830 tertiam
3718 785 3774 832 et
3805 778 3880 832 ul-

2294 869 2476 925 timam
2523 886 2666 937 eam,
2698 886 2858 941 quam
2892 879 3076 925 noster
3120 868 3355 925 Hilarius
3400 867 3511 924 Osii
3560 879 3616 924 et
3661 868 3880 926 Potamii

2293 963 2682 1034 blasphemiam
2733 975 2909 1019 vocat.
2949 966 3013 1019 At
3046 963 3185 1018 idem
3216 963 3332 1035 ipse
3359 963 3596 1020 llilarius
3623 976 3680 1019 et
3723 965 3882 1020 Atha-

2295 1057 2500 1121 nasius,
2530 1057 2618 1126 qui
2651 1057 2717 1113 de
2747 1055 2980 1129 Synodis
3010 1073 3077 1112 ex
3107 1055 3352 1126 professo
3368 1058 3728 1129 scripserunt,
3755 1074 3882 1130 quo-

2294 1165 2521 1218 rumque
2565 1151 2942 1206 auctoritatem
2993 1166 3154 1205 nemo
3199 1166 3361 1206 sanus
3402 1151 3682 1222 defugere,
3728 1161 3884 1223 atque

2295 1244 2457 1298 etiam
2504 1257 2608 1297 non
2657 1257 2976 1314 praeponere
3015 1243 3187 1298 cuivis
3214 1244 3307 1298 alti
3334 1245 3386 1299 in
3413 1259 3474 1299 ea
3505 1260 3565 1299 re
3608 1253 3804 1314 potest.
3836 1246 3884 1300 in

2295 1353 2396 1407 qua
2431 1336 2630 1406 primas
2659 1346 2907 1406 egerunt,
2948 1336 3176 1392 duarum
3209 1345 3442 1403 tantum,
3472 1336 3662 1408 prima:
3689 1337 3888 1392 scilicet

2296 1439 2351 1484 et
2379 1430 2604 1491 ultimas,
2635 1429 2918 1484 Sirmiensi
2945 1429 3177 1484 concilio
3206 1430 3527 1500 scriptarum
3574 1429 3883 1484 meminere.

2297 1523 2437 1591 Quin
2461 1523 2623 1580 etiam
2651 1522 2737 1578 hic
2771 1523 2993 1578 disertis
3037 1523 3220 1579 verbis
3263 1532 3386 1593 post
3415 1524 3562 1578 illam
3593 1523 3708 1579 Osii
3755 1522 3887 1578 blas-

2297 1617 2595 1688 phemiam,
2621 1613 2985 1687 conscriptam
3014 1615 3182 1672 fuisse
3209 1616 3332 1670 ﬁdei
3366 1616 3607 1686 regulam
3629 1632 3750 1686 qua:
3778 1629 3890 1671 con-

2297 1711 2443 1766 sules
2491 1709 2676 1773 habet.
2721 1727 2880 1781 quam
2922 1726 2952 1764 a
2999 1709 3180 1768 Marco
3219 1711 3474 1766 dictatam
3524 1711 3887 1783 probavimus,

2221 1811 2267 1872 Β
2299 1802 2484 1859 tradit.
2528 1801 2664 1861 Cum
2696 1803 2840 1858 enim
2875 1804 3046 1875 ipsam
3089 1803 3204 1860 Osii
3235 1803 3520 1860 formulam
3551 1820 3653 1860 suo
3675 1805 3743 1860 de
3759 1804 3892 1876 Syn-

663 1901 750 1956 11.
794 1899 992 1966 Quibus
1022 1900 1276 1971 episcopis
1306 1900 1570 1955 constabat
1611 1898 1913 1955 Sirmiensis
1949 1901 2038 1956 ille
2069 1917 2191 1956 con-
2219 1947 2225 1952 .

2291 1895 2412 1952 0dis
2458 1898 2608 1965 Operi
2675 1895 3041 1964 inseruisset,
3111 1897 3373 1952 continuo
3428 1896 3532 1951 ista
3605 1898 3888 1968 subjecit:

2301 2007 2320 2043 ι
2357 1987 2483 2044 [hec
2515 1989 2603 2042 ubi
2644 1988 2941 2057 misissent,
2989 1987 3169 2044 denuo
3201 1998 3407 2045 mutata
3453 1993 3721 2046 sententia
3753 2006 3893 2047 com-

2296 2091 2598 2153 posuerunt
2641 2096 2760 2136 eam
2813 2080 2996 2147 ﬁdem,
3045 2097 3205 2154 quam
3247 2083 3372 2155 quia
3419 2098 3542 2139 cum
3586 2085 3892 2142 consulibus

2297 2175 2616 2242 edidissent,
2666 2176 2839 2231 multo
2891 2175 3102 2247 pudore
3150 2187 3204 2233 et
3248 2177 3448 2248 probro
3490 2177 3702 2234 confusi
3754 2191 3891 2242 sunt,

2296 2273 2521 2344 ejusque
2551 2273 2887 2343 exemplaria
2919 2289 3180 2328 curavere
3210 2283 3268 2328 ut
3295 2287 3416 2328 cum
3449 2288 3548 2328 suo
3594 2287 3746 2329 more
3772 2288 3893 2329 sen-

2298 2367 2518 2422 tentiam
2549 2376 2869 2434 mutassent,
2909 2367 2976 2423 ab
3004 2367 3069 2422 iis
3100 2367 3192 2438 qui
3219 2381 3281 2422 ea
3329 2367 3586 2423 tenebant
3617 2382 3711 2437 per
3744 2377 3892 2422 nota-

2293 2452 2438 2515 rium
2484 2458 2804 2514 Martianutn
2854 2459 3290 2530 subripereutur,
3335 2471 3390 2515 et
3433 2475 3697 2530 persuaso
3758 2457 3894 2515 Con-

2298 2555 2499 2610 stantio
2542 2563 2599 2609 ut
2647 2562 2834 2610 contra
2883 2570 3000 2610 eam
3052 2553 3211 2609 ﬁdem
3266 2553 3442 2610 edicta
3508 2555 3891 2626 promulgaret,

2297 2648 2456 2702 aliam
2504 2663 2718 2702 rursum
2769 2648 2929 2703 lideni
2979 2649 3400 2713 constituerunt,
3471 2646 3782 2719 additisque
3841 2657 3892 2702 ut

2300 2741 2480 2797 solent
2507 2741 2826 2812 quibusdam
2857 2741 3032 2797 dictis.
3065 2741 3287 2797 Isauria:
3319 2741 3482 2812 igitur
3527 2742 3627 2797 ista
3657 2743 3892 2798 ωειςειί-

2301 2845 2545 2906 pserunt,
2576 2847 2717 2892 etc.)
2757 2834 2875 2907 (Lib
2901 2837 2965 2891 de
2996 2835 3198 2908 Synod.
3225 2854 3278 2908 ρ.
3309 2835 3462 2906 90a).
3490 2836 3567 2890 Ex
3595 2837 3710 2892 istis
3734 2836 3892 2892 Atha-

2302 2929 2437 2983 nasii
2482 2929 2668 2985 verbis
2695 2928 2803 2983 duo
2838 2929 2924 2983 illa
2959 2929 3326 2984 coniiciuntur
3367 2947 3380 2983 :
3431 2931 3683 2997 alterum,
3738 2931 3890 2986 ﬁdem

2303 3022 2448 3078 illam
2473 3021 2609 3089 Osii,
2643 3040 2760 3094 qua!
2788 3022 2984 3078 Filium
3029 3023 3188 3079 Patre
3220 3024 3482 3080 minorem
3513 3039 3578 3079 ac
3606 3027 3766 3095 plane
3792 3027 3892 3082 dis-

2303 3116 2532 3171 similem
2579 3117 2797 3184 asserit,
2845 3118 2992 3174 velut
3036 3117 3280 3172 ultimam
3331 3118 3544 3174 consilii
3585 3119 3890 3176 Sirmiensis

589 3213 999 3283 depeculatore,
1031 3214 1258 3284 ejuSque
1287 3213 1536 3268 criminis
1584 3227 1678 3268 rco
1721 3228 1784 3268 ac
1829 3212 2054 3285 profugo
2097 3212 2197 3267 mi-
2225 3213 2271 3276 C
2302 3208 2672 3266 deﬁnitionem
2701 3225 2762 3265 ac
2790 3211 3114 3266 sententiam
3145 3211 3382 3267 habitam
3415 3209 3605 3274 fuis‘sc,
3638 3220 3799 3283 atque
3826 3227 3885 3268 eo

591 3305 734 3360 litari
766 3321 928 3360 manu
955 3307 1293 3367 κατασκόπως
1323 3304 1712 3360 Alexandrina:
1742 3305 1989 3360 ecclesia:
2008 3315 2194 3360 contra

591 3399 768 3468 ipsum
841 3399 1200 3455 Athanasium
1251 3399 1516 3470 Gregorio
1568 3399 1811 3471 prmdoni
1871 3400 2198 3455 substitutus

591 3488 789 3544 fuerat.
823 3489 1081 3545 Basilium
1112 3505 1182 3546 ne
1212 3491 1326 3546 suis
1365 3490 1582 3561 quidem
1613 3475 1896 3559 probatum
1927 3493 2198 3548 exsﬁtisse

593 3598 752 3653 supra
777 3583 1039 3638 diximus.
1067 3584 1402 3640 Pelusiorum
1427 3600 1557 3640 vero
1596 3587 1902 3658 episcopus,
1935 3588 2087 3658 cujus
2115 3588 2200 3643 hic

594 3691 792 3733 nomen
819 3677 1164 3732 obliteratum
1208 3687 1314 3741 est,
1351 3678 1665 3734 Pancratius
1712 3695 1741 3733 a
1795 3681 2017 3737 Socrate
2069 3681 2199 3756 diei-

596 3781 682 3828 tur
706 3773 820 3847 (lib.
856 3789 917 3835 tt,
951 3789 998 3826 c.
1027 3772 1143 3845 29).
1171 3774 1310 3830 inter
1341 3775 1672 3832 Arianorum
1700 3777 2088 3848 antesignanos
2117 3795 2201 3834 rc-

593 3869 854 3923 censitus.
875 3868 1085 3925 Marcus
1116 3879 1294 3925 autem
1327 3869 1417 3925 ille
1441 3879 1525 3927 est
1556 3873 1840 3927 Arethusa:
1867 3871 2063 3947 Syrim,
2093 3890 2200 3931 nou

594 3962 947 4033 Macedonia,
977 3974 1032 4020 ut
1065 3964 1254 4020 Volunt
1295 3966 1713 4033 centuriatores,
1769 3968 2080 4040 episcopus,
2112 3971 2202 4041 qui

595 4067 754 4112 antea
781 4074 903 4113 cum
927 4057 1185 4114 Narcisso
1214 4057 1503 4130 Neropolis
1535 4058 1808 4134 (At/tonas.
1839 4061 1878 4117 ι.
1912 4063 1976 4118 de
1999 4063 2198 4134 Synod.

597 4167 648 4219 p.
682 4149 834 4221 894).
865 4149 1010 4206 Mare
1047 4149 1428 4219 Chalcedonis,
1483 4163 1538 4208 et
1587 4153 1876 4210 Theodoro
1927 4155 2202 4212 Heraclea:

596 4243 842 4300 Thracia:
896 4246 1167 4316 episcOpis
1194 4245 1260 4301 ad
1292 4261 1513 4303 onmem
1555 4247 1888 4318 impietatem
1922 4249 2205 4321 projectis-

595 4337 768 4403 simis,
796 4335 862 4392 ad
889 4336 1242 4394 Constantem
1288 4340 1339 4393 in
1389 4337 1592 4395 Gallias
1636 4352 1755 4410 post
1800 4342 2066 4414 synodum
2094 4346 2205 4399 An-

597 4430 903 4484 tiochenam
933 4430 984 4484 in
1012 4431 1278 4486 Enczeuiis
1304 4431 1374 4488 ab
1401 4433 1615 4488 Arianis
1635 4444 1822 4489 contra
1849 4435 2201 4492 Athanasium

598 4523 798 4578 missus
821 4521 1019 4588 fuerat,
1039 4534 1145 4579 tam
1173 4524 1412 4580 haeresos
1431 4528 1767 4596 professione
1787 4529 2203 4602 subscriptione-

2299 3303 2517 3357 nomine
2541 3301 2606 3356 ad
2649 3300 2920 3358 Ecclesias
2962 3317 3060 3374 pro
3087 3317 3236 3358 more
3269 3303 3645 3358 transmissam
3677 3320 3707 3359 a
3738 3319 3891 3378 syno-

2299 3395 2442 3451 nodo
2486 3412 2498 3448 :
2547 3395 2689 3467 quod
2717 3397 2878 3452 etiam
2912 3394 3146 3452 Hilarius
3189 3396 3342 3453 initio
3390 3397 3510 3454 libri
3561 3397 3631 3453 de
3677 3400 3892 3470 synodis

2303 3485 2470 3559 (mini.
2502 3488 2558 3558 2)
2610 3489 2952 3557 perspicuum
2985 3486 3068 3543 his
3097 3487 3276 3544 verbis
3311 3489 3435 3544 facit
3466 3509 3477 3543 :
3536 3508 3554 3542 ι
3590 3489 3892 3547 Gratulatus

2301 3595 2441 3647 sum,
2475 3581 2669 3654 inquit,
2705 3583 2756 3638 iu
2782 3583 3030 3650 Domino,
3064 3585 3517 3642 incontaminatos
3549 3603 3648 3644 vos
3690 3600 3744 3644 et
3771 3590 3894 3644 illaa-

2301 3690 2392 3731 sos
2431 3677 2500 3732 ab
2543 3677 2689 3732 omni
2735 3679 2993 3750 contagio
3023 3681 3361 3736 detestanda!
3392 3680 3671 3737 haereseos
3714 3685 3895 3754 persti-

2303 3771 2456 3836 tisse,
2489 3781 2542 3825 et
2581 3772 2798 3827 missam
2834 3775 3075 3841 proxime
3115 3773 3268 3829 vobis
3297 3789 3362 3830 ex
3393 3774 3678 3830 Sirmiensi
3705 3775 3892 3849 oppido

2305 3863 2538 3919 inﬁdelis
2584 3864 2707 3920 ﬁdei
2749 3867 3078 3936 impietatem
3107 3883 3216 3924 non
3247 3867 3408 3924 tnodo
3437 3885 3546 3925 nou
3572 3871 3891 3942 suscepisse.

2305 3959 2397 4014 sed
2432 3959 2730 4015 mmtiatam
2763 3967 2818 4014 ct
2843 3961 3200 4033 significatam
3231 3963 3538 4019 damnasse.
3577 3984 3598 4018 ι
3639 3965 3713 4021 lta
3749 3967 3894 4035 igitur

2307 4069 2415 4107 non
2460 4053 2632 4108 solum
2682 4055 2926 4122 missam,
2979 4055 3073 4112 sed
3121 4057 3282 4112 etiam
3334 4060 3660 4115 auctoritate
3691 4060 3892 4131 publica

2307 4149 2682 4217 provulgatam
2712 4158 2873 4220 atque
2905 4149 3159 4205 indictam
3191 4152 3420 4220 populis,
3464 4161 3523 4206 ut
3553 4157 3609 4208 in
3657 4169 3772 4208 eam
3816 4154 3895 4224 ju-

2306 4247 2514 4304 rarent,
2563 4251 2807 4310 apparet.
2838 4240 3106 4310 Alterum,
3145 4241 3304 4298 ﬁdem
3350 4258 3470 4313 qua:
3513 4244 3771 4300 consules
3815 4244 3897 4299 ad-

2306 4331 2542 4402 scriptos
2576 4332 2784 4401 habuit,
2810 4343 2932 4404 post
2957 4334 3256 4394 Sirmiense
3276 4336 3591 4406 concilium,
3624 4354 3726 4396 nec
3744 4340 3896 4395 multo

2305 4437 2435 4482 ante
2481 4426 2882 4484 Seleuciensem
2933 4429 3198 4502 synodum
3245 4431 3606 4498 compositam
3635 4447 3700 4488 ac
3728 4434 3896 4503 vulga-

2307 4526 2436 4574 tam.
2470 4517 2665 4574 Verum
2689 4519 2734 4575 si
2762 4535 2824 4574 ea
2853 4519 3010 4586 ﬁdes,
3038 4538 3157 4593 quae
3190 4522 3332 4578 Patri
3357 4522 3553 4578 Filium
3597 4539 3694 4594 per
3733 4525 3896 4579 omnia

597 4631 701 4687 que
749 4617 1078 4686 supposititii
1122 4617 1463 4674 Sardicensis
1503 4619 1711 4678 decreti
1753 4623 1993 4692 infamis,
2036 4641 2196 4697 quam

2305 4612 2536 4668 similem
2574 4613 2875 4684 proﬁtetur,
2904 4631 2933 4667 a
2966 4615 3144 4673 Marco
3168 4617 3366 4690 scripta
3385 4617 3530 4675 diem
3553 4629 3610 4677 et
3632 4620 3896 4677 consulem

599 4719 784 4779 postea
831 4709 1167 4782 (Tlteodoret.
1214 4712 1253 4768 l.
1286 4729 1343 4768 ιιι
1375 4711 1515 4768 Hist.
1567 4714 1708 4770 Eccl.
1765 4733 1812 4772 c.
1864 4717 1932 4784 7;
1983 4718 2191 4774 Sozam.

601 4803 690 4858 lib.
727 4820 778 4869 v,
811 4821 857 4858 c.
896 4805 993 4874 10)
1019 4804 1403 4872 confessionis,
1439 4808 1519 4863 vel
1549 4811 1710 4865 etiam
1757 4811 2000 4883 martyrii
2032 4812 2200 4880 gloria

601 4897 836 4968 (variant
859 4897 1001 4952 enim
1033 4897 1084 4953 iu
1119 4897 1222 4954 hoc
1248 4900 1521 4973 auctores)
1552 4901 1652 4958 sub
1677 4901 1895 4958 Juliano
1931 4904 2110 4961 clarus
2138 4920 2201 4961 ac

600 4990 851 5047 celebris.
1019 4982 1026 4986 ’

676 5083 765 5140 η.
819 5085 934 5152 Quo
979 5095 1204 5154 tempore
1251 5087 1551 5143 celebratus.
1603 5114 1674 5130 -ι-
1703 5090 1928 5156 Verum,
1980 5090 2200 5162 quando

600 5177 821 5249 quidem
865 5179 956 5249 qui
995 5178 1165 5232 semel
1197 5180 1539 5234 verecundia:
1589 5183 1721 5238 lines
1747 5184 2045 5247 transierit,
2075 5200 2200 5239 eum

601 5272 741 5328 bene
768 5280 823 5326 et
850 5273 1055 5327 naviter
1084 5272 1454 5342 impudentem
1483 5289 1604 5330 esse
1626 5284 1862 5345 oportet,
1888 5277 2054 5347 inquit
2080 5277 2199 5342 ille;

605 5366 734 5438 quid
781 5375 949 5431 vetat,
1004 5364 1463 5437 quemadmodum
1512 5369 1563 5422 itt
1607 5367 1890 5424 indicanda
1939 5369 2030 5424 illa
2080 5368 2204 5423 ﬁdei

606 5461 812 5528 regula,
841 5474 960 5529 qua:
990 5474 1019 5513 a
1052 5459 1235 5514 Marco
1267 5458 1560 5514 Arcthusio
1605 5459 1800 5515 dictata
1839 5471 1944 5526 est,
1978 5461 2207 5516 halluci-

608 5560 768 5607 natos
811 5551 1194 5608 ecclesiastica:
1225 5552 1469 5611 historiae
1509 5553 1802 5622 scriptores
1831 5555 2058 5625 probare
2090 5565 2208 5610 ten-

609 5645 863 5712 lavimus,
915 5662 1020 5700 non
1067 5645 1208 5701 idem
1258 5645 1326 5702 iis
1378 5647 1639 5703 acciderit
1683 5648 1736 5703 in
1767 5657 2012 5720 tempore
2057 5647 2206 5705 desi-

609 5737 847 5805 gnanda,
877 5753 984 5808 quo
1009 5738 1265 5807 scriptam
1294 5752 1343 5795 et
1361 5742 1562 5798 editam
1587 5740 1842 5812 produnt,
1867 5741 2206 5812 disquirere?

611 5829 693 5888 Εἰς
713 5833 890 5903 Τροίην
914 5834 1216 5907 πειρώμενοι
1262 5831 1404 5892 ἦλθον
1453 5834 1681 5906 Ἀχαιοί,
1729 5838 1808 5891 ait
1850 5833 2194 5892 Theocritus.

2304 4706 2503 4777 quibus
2529 4707 2672 4762 edita
2698 4719 2782 4762 est
2807 4707 2990 4764 Sirmii
3024 4709 3212 4775 habet;
3261 4710 3404 4766 unde
3443 4711 3654 4768 certius
3701 4723 3895 4782 tempus

2307 4798 2758 4870 promulgationis
2789 4802 2931 4868 ejus,
2958 4816 3118 4872 quam
3140 4818 3169 4857 a
3193 4803 3511 4859 consulibus
3539 4806 3736 4876 quibus
3759 4805 3893 4860 edita

2305 4891 2524 4960 dicitur,
2556 4895 2724 4962 repeti
2761 4895 2975 4964 potest?
3009 4895 3082 4952 De
3106 4911 3169 4951 ea
3200 4905 3380 4953 autem
3411 4899 3489 4952 sic
3519 4882 3891 4954 Theodoretus

2305 4985 2430 5058 (leg.
2462 4986 2548 5038 hic
2589 4994 2639 5040 et
2678 4987 2818 5058 infra
2852 4985 3210 5055 Sozomeuus,
3263 4990 3376 5045 scil.
3423 4989 3514 5045 lib.
3541 5007 3616 5056 tv,
3641 5009 3697 5045 ς.
3731 4989 3811 5054 16,
3841 5004 3895 5044 c1

2307 5081 2408 5134 edi.
2458 5078 2842 5154 Cltristophors.
2873 5084 2952 5138 vel
2978 5099 3095 5156 cap.
3133 5085 3198 5140 l7
3221 5101 3286 5140 ea:
3315 5087 3438 5141 edit.
3485 5084 3743 5160 Vales.):t
3769 5085 3894 5155 Quin

2309 5176 2470 5231 etiam
2498 5177 2787 5232 absurdum
2815 5179 3096 5247 putabant,
3125 5189 3180 5234 ut
3204 5179 3329 5235 huic
3353 5181 3604 5235 formula:
3631 5183 3752 5237 talis
3779 5193 3894 5250 prte-

2312 5277 2605 5338 poneretur
2654 5269 2859 5332 titulus,
2889 5271 3105 5342 qualem
3152 5270 3340 5328 habuit
3383 5287 3506 5328 cum
3558 5273 3742 5330 Sirmii
3766 5271 3893 5327 edita

2311 5374 2414 5430 est,
2451 5373 2716 5432 prtesente
2740 5362 3058 5423 Constantio
3102 5377 3330 5434 aeterno,
3379 5383 3613 5440 magno,
3647 5368 3892 5438 Augusto,

2311 5455 2550 5514 Eusebio
2577 5468 2632 5513 et
2660 5458 2889 5528 llypatio
2918 5473 3061 5513 coss.
3101 5460 3558 5530 quemadmodum
3587 5459 3894 5517 Athanasius

2307 5565 2520 5622 quoque
2549 5551 2756 5607 scribit.
2784 5571 2802 5605 ι
2837 5551 2963 5608 Haec
2988 5551 3385 5610 Thcodorelus.
3413 5553 3523 5610 Nec
3545 5555 3704 5610 aliter
3718 5554 3895 5608 Socrao

2311 5655 2394 5704 tes
2443 5647 2559 5722 (lib.
2590 5663 2648 5712 tt,
2677 5666 2724 5702 ε.
2753 5649 2844 5716 57,
2879 5648 3144 5714 ,Athanas.
3175 5650 3212 5704 ι.
3243 5650 3306 5706 de
3348 5650 3549 5722 Synod.
3597 5670 3651 5723 p.
3697 5645 3840 5714 874).
3867 5659 3892 5698 a

2312 5757 2419 5814 quo
2443 5754 2620 5800 tamen
2637 5752 2871 5814 caeptos,
2895 5753 2949 5800 et
2971 5753 3218 5816 sumptus
3243 5759 3425 5801 error.
3455 5744 3592 5814 Quid
3618 5744 3729 5816 ipse
3746 5739 3894 5796 Atha-

2313 5837 2531 5894 nasius?
2575 5855 2594 5890 ι
2632 5835 2945 5906 Postquam,
2989 5836 3179 5910 inquit,
3231 5836 3427 5896 divisio
3479 5836 3623 5894 facta
3679 5844 3794 5893 est:
3846 5837 3895 5884 et
