4066 6424
227 360 333 416 897

1394 354 1668 414 NICOLAI
1711 354 1918 415 FABRI
1961 353 2352 416 PREFATIO.

3423 361 3532 421 898

227 476 318 530 alii
352 475 653 532 Seleuciam
696 483 1053 548 cognomento
1079 475 1341 547 Asperam
1395 477 1674 544 abiissent,
1736 477 1827 532 alii
1857 481 1904 539 Α
1936 477 1987 531 in
2015 476 2233 532 dubium
2265 477 2560 545 revocabit,
2595 478 2685 549 qui
2717 477 2879 550 hujus
2908 479 3234 536 narrationis
3256 488 3531 536 auctorem

228 569 533 624 Ariminum
563 585 623 626 se
656 570 1036 637 contulissent,
1066 571 1154 625 ubi
1183 572 1331 627 fuere
1356 573 1743 644 quinquaginta
1776 584 1831 628 et

226 674 295 716 eo
327 661 510 731 plures
537 662 800 735 episcopi,
837 682 856 717 ι
913 665 1093 732 (error
1113 672 1196 720 est
1223 664 1278 719 in
1319 680 1566 730 numero,
1616 666 1708 721 sed
1762 663 1831 720 de

227 769 296 810 eo
324 769 469 812 nunc
507 770 612 811 non
644 756 980 828 laboramus)
1023 775 1044 810 ι
1081 756 1226 813 venit
1273 759 1435 814 etiam
1464 759 1530 813 ad
1584 774 1708 814 eum
1750 757 1832 814 lo-

226 862 354 902 cum
399 847 730 916 Germinius,
778 849 1104 916 Auxentius,
1147 849 1365 917 Valens,
1396 849 1672 915 Ursacius,
1725 851 1830 907 De-

228 939 526 1012 mophilus,
557 941 740 998 Caius.
765 940 842 997 lbi
885 956 1006 998 cum
1048 945 1230 999 cmteri
1261 944 1502 1015 episcopi
1549 961 1613 1000 ex
1664 945 1834 1002 sacris

228 1032 427 1088 litteris
441 1033 602 1089 verba
617 1049 711 1088 sua
727 1033 1124 1108 formarent,illi
1139 1035 1434 1092 chartulam
1450 1037 1832 1108 exhibuerunt,

230 1129 584 1200 recitatisque
623 1129 938 1184 consulibus
964 1129 1160 1202 quibus
1195 1130 1392 1200 scripta
1428 1140 1566 1199 erat,
1597 1132 1836 1204 pustula-

227 1219 384 1285 bant,
410 1231 466 1276 ut
493 1236 554 1276 ea
584 1221 834 1276 omnibus
877 1221 1104 1294 synodis
1135 1216 1578 1293 anteponeretur.
1623 1223 1835 1280 Omissa

229 1312 380 1371 enim
430 1315 498 1372 de
543 1314 815 1372 haereticis
845 1317 1169 1386 quaestione,
1202 1319 1456 1389 nullaque
1483 1319 1664 1377 habita
1714 1335 1837 1390 per-

231 1412 581 1467 cunctatione
623 1425 734 1479 quo
787 1411 969 1466 animo
1011 1420 1104 1466 ant
1153 1427 1256 1482 qua
1313 1413 1578 1468 sententia
1629 1423 1833 1482 essent,

230 1502 454 1574 scriptis
515 1502 774 1559 chartula:
822 1503 1166 1560 solummodo
1208 1513 1494 1560 contentos
1553 1519 1674 1562 esse
1738 1504 1836 1561 de-

233 1596 388 1653 bere.
436 1597 644 1668 Scripta
694 1606 874 1653 autem
917 1614 1105 1654 eorum
1149 1598 1416 1668 ejusmodi
1460 1599 1628 1654 fuere.
1681 1597 1837 1654 Edita

234 1701 317 1746 est
347 1691 609 1746 catholica
646 1691 780 1747 ﬁdes
809 1691 863 1746 in
910 1691 1198 1763 praesentia
1231 1691 1292 1746 ἰ).
1333 1689 1398 1746 Ν.
1443 1691 1835 1763 religiosissimi

237 1784 595 1855 praeclarique
624 1785 850 1840 victoris
880 1785 1220 1855 imperatoris
1247 1784 1552 1840 Constantii
1585 1785 1834 1857 Augusti,

1935 569 2295 627 Sozomenum
2327 572 2663 646 legerit-(lib.
2690 589 2765 640 Iv,
2799 590 2844 627 c.
2882 571 3006 646 ib):
3050 590 3158 645 quo
3205 587 3346 628 anno
3390 573 3534 629 Con-

1933 663 2190 740 stantium
2225 663 2538 721 hibernasse
2575 665 2779 732 Sirmii,
2827 665 3214 739 melioremque
3259 667 3376 736 ejus
3405 662 3533 721 anni

1935 765 2140 824 partem
2174 755 2246 810 ibi
2299 759 2646 829 transegisse,
2685 773 2807 813 cum
2858 757 3178 814 Ammianus
3221 757 3335 828 ipse
3382 756 3534 813 testis

1935 859 2039 914 est,
2087 859 2199 906 tum
2244 851 2406 907 etiam
2448 853 2694 922 plurima:
2738 853 2884 925 leges
2929 844 2995 908 iis
3042 852 3354 908 consulibus
3377 851 3535 908 edita:

1933 956 2030 996 sua
2064 941 2462 1014 subscriptione
2488 943 2737 1011 probant.
2767 944 2823 1000 ln
2860 961 2925 1001 eo
2955 960 3249 1017 congressu
3279 945 3537 1016 qua-stio-

1936 1047 2058 1087 nem
2092 1033 2248 1088 istam
2278 1032 2462 1090 coram
2496 1033 2825 1103 imperatore
2854 1037 3108 1108 agitatam
3141 1036 3207 1092 de
3241 1035 3346 1092 ﬁde
3372 1051 3534 1108 quam

1935 1127 2130 1183 recitat
2152 1129 2250 1182 hac
2262 1127 2488 1197 epistola
2517 1127 2849 1198 Germinius,
2872 1130 3137 1202 ﬁdemque
3157 1131 3534 1201 compositam,

1936 1218 2020 1274 cui
2049 1219 2315 1274 dictandae
2343 1219 2553 1276 Marcus
2581 1221 2790 1278 electus
2819 1231 2923 1289 est,
2967 1232 3023 1276 ut
3051 1221 3335 1292 conjiciam
3367 1222 3535 1279 multa

1936 1311 2162 1368 faciunt.
2206 1311 2469 1376 Primum.
2498 1313 2794 1382 Personat;
2850 1315 3012 1371 iidem
3039 1331 3231 1387 nempe
3275 1315 3537 1387 episcopi,

1940 1405 2080 1460 inter
2123 1420 2259 1476 quos
2308 1405 2376 1462 de
2421 1406 2527 1464 ﬁde
2574 1408 2882 1478 qutesitom,
2941 1409 2994 1464 in
3045 1409 3144 1464 hac
3186 1419 3539 1465 recensentur

1938 1499 2188 1569 epistola,
2220 1501 2310 1570 qui
2340 1516 2368 1554 a
2397 1503 2714 1557 Sozomeno
2733 1501 2984 1575 (Ibidem)
3017 1502 3068 1557 in
3086 1502 3344 1558 comitatu
3373 1501 3540 1559 fuisse

1940 1603 2330 1661 memorantur,
2360 1594 2560 1651 deinde
2582 1597 2798 1652 fortuita
2832 1597 3117 1669 utrobique
3147 1597 3396 1663 occasio;
3429 1613 3535 1653 non

1939 1687 2082 1742 enim
2131 1687 2218 1743 hic
2260 1688 2334 1742 ait
2383 1688 2694 1744 Germinius
2739 1691 2873 1746 istos
2901 1692 3188 1762 cpisc0pos
3216 1700 3542 1746 convocatos

1937 1790 1998 1836 ut
2026 1780 2096 1836 de
2125 1780 2230 1835 tide
2257 1781 2630 1852 disputarent;
2669 1782 2764 1839 sed
2793 1792 2908 1838 orta
2951 1783 3317 1854 disputatione
3356 1797 3539 1839 coram

235 1869 455 1942 interni,
479 1875 636 1932 Coss.
670 1875 786 1932 VV.
818 1876 922 1932 CC.
969 1876 1208 1933 Eusebio
1253 1888 1305 1932 et
1334 1877 1564 1949 Hypatio
1593 1878 1772 1934 Sirmii
1809 1895 1829 1930 ι
1864 1871 1912 1932 Β
1945 1872 2292 1941 imperatore,
2329 1883 2491 1944 atque
2518 1875 2570 1929 in
2604 1875 2826 1930 multam
2870 1885 3083 1930 noctem
3133 1883 3426 1945 pr0tracta,
3475 1873 3544 1929 ad

237 1969 337 2038 (ita
365 1969 507 2024 enim
540 1969 826 2040 legendum
854 1985 920 2026 ex
944 1970 1168 2027 Socrate
1197 1979 1252 2026 et
1275 1969 1621 2027 Theodoreto
1649 1969 1839 2044 (Soza-

237 2067 412 2132 meno)
454 2075 584 2118 ante
634 2077 732 2118 nos
759 2063 848 2118 alii
875 2062 1201 2134 docuerunt)
1256 2079 1311 2118 χι
1345 2065 1444 2118 cal.
1470 2065 1672 2136 junias.
1705 2062 1832 2118 Cre-

239 2157 411 2212 dimus
454 2157 509 2212 in
551 2173 732 2220 unum,
764 2165 870 2213 etc.
919 2157 974 2213 Si
1020 2173 1142 2212 cum
1173 2157 1353 2213 Sirmii
1386 2157 1527 2214 edita
1573 2166 1659 2215 est
1701 2173 1834 2230 pra:-

238 2260 396 2308 sente
424 2250 743 2307 Constantio
778 2267 830 2306 x1
887 2251 993 2306 cal.
1023 2251 1143 2322 jun.
1193 2252 1446 2308 consules
1496 2251 1688 2308 habuit
1735 2253 1842 2309 Eu-

237 2346 452 2402 sebium
479 2354 532 2402 et
557 2345 844 2418 Hypatium
862 2330 1138 2416 prmﬁxos,
1156 2346 1246 2417 qui
1270 2346 1540 2416 potuitedi
1556 2346 1840 2402 Sirmiensi

237 2438 496 2506 concilio,
530 2440 670 2510 quod
700 2439 792 2508 qui
820 2440 1016 2505 minus,
1047 2439 1282 2495 triennio
1320 2449 1446 2494 ante
1491 2439 1624 2494 istos
1645 2453 1844 2497 consu-

242 2535 322 2590 les
353 2534 518 2590 luisse
559 2542 808 2590 coactum
856 2534 1208 2589 asseverant?
1262 2532 1361 2588 Cui
1408 2550 1513 2589 non
1563 2535 1721 2605 igitur
1766 2542 1846 2589 tot

243 2624 572 2682 testimoniis
605 2633 841 2694 constet,
895 2625 995 2680 nisi
1029 2627 1119 2696 qui
1161 2623 1392 2683 meridie
1441 2627 1622 2682 lucere
1661 2634 1842 2696 neget,

242 2717 391 2772 illam
440 2715 620 2784 ﬁdem,
673 2732 795 2787 quae
829 2715 975 2772 Patri
1008 2715 1201 2772 Filium
1250 2731 1348 2787 per
1383 2719 1564 2772 omnia
1612 2716 1842 2772 similem

242 2809 626 2881 proﬁtebatur,
661 2807 898 2865 Eusebio
924 2809 1142 2864 demum
1187 2817 1244 2864 et
1273 2808 1507 2881 Hypatio
1535 2809 1848 2864 consulibus

244 2903 429 2960 Sirmii
457 2903 699 2974 quidem,
728 2901 824 2958 sed
855 2901 1015 2974 longe
1048 2911 1166 2972 post
1209 2901 1508 2963 Sirmiense
1555 2901 1846 2957 concilium

244 2999 604 3068 compositam
650 2994 860 3062 fuisse,
911 3009 1014 3051 nec
1062 2993 1232 3050 multo
1287 3001 1568 3066 postquam
1646 2993 1844 3065 scripta

245 3100 358 3156 cst,
394 3087 830 3145 Arimineusibus
857 3088 1100 3159 patribus
1137 3087 1407 3142 oblatam?

322 3186 409 3242 15.
462 3183 747 3240 Conventus
801 3183 1099 3240 Simtiemis
1150 3185 1371 3241 occasio.
1417 3215 1486 3226 —
1535 3183 1604 3241 Ut
1663 3195 1845 3240 autem

1942 1982 2062 2023 eam
2095 1967 2381 2023 formulam
2414 1969 2626 2025 tandem
2651 1983 2772 2025 esse
2801 1969 3064 2025 deductos
3091 1987 3104 2023 :
3135 1969 3372 2041 denique
3394 1969 3546 2026 locus

1940 2069 1995 2116 et
2038 2069 2279 2130 tempus;
2316 2060 2498 2118 Sirmii
2528 2063 2671 2117 enim
2711 2061 2882 2133 ipsam
2912 2061 3095 2129 ﬁdem,
3126 2078 3249 2134 qua:
3277 2063 3421 2117 Patri
3451 2061 3545 2118 Fi-

1945 2154 2076 2210 lium
2121 2170 2218 2226 per
2263 2156 2444 2212 omnia
2491 2157 2724 2212 similem
2774 2157 2926 2222 dicit,
2960 2157 3195 2214 Eusebio
3235 2167 3290 2212 et
3316 2155 3546 2228 Hypatio

1943 2249 2098 2307 Coss.
2132 2241 2386 2324 scriptam
2418 2251 2723 2308 docuimus.
2772 2251 2881 2308 Nec
2918 2252 2982 2308 ad
3016 2251 3178 2306 aliam
3211 2251 3393 2313 ﬁdem,
3426 2265 3547 2322 qua:

1945 2344 2084 2416 apud
2117 2345 2476 2417 Epiphanium
2508 2347 2761 2417 leguntur
2788 2345 2980 2402 ltmresi
3027 2360 3192 2401 Lxxnt
3221 2345 3386 2418 (nam.
3418 2343 3542 2414 22),

1945 2439 2014 2496 de
2045 2441 2148 2496 tide
2177 2444 2298 2518 περὶ
2340 2447 2432 2498 τοῦ
2481 2439 2654 2514 ὅμοιον
2698 2435 2824 2496 εἶναι
2863 2441 2950 2496 τὸν
2989 2440 3094 2494 υἱὸν
3125 2447 3200 2496 τῶ
3229 2441 3391 2516 πατρὶ
3417 2439 3549 2494 κατὰ

1947 2535 2135 2592 πάντα.
2167 2532 2356 2588 referri
2403 2548 2567 2604 posse
2607 2530 2842 2588 arbitror
2887 2533 3015 2588 :cui
3055 2531 3403 2587 subscribens
3434 2531 3551 2602 ipse

1950 2624 2150 2682 Valens
2180 2641 2303 2682 cum
2351 2625 2404 2680 in
2455 2613 2851 2696 subscriptione
2893 2623 3088 2679 Filium
3121 2623 3268 2680 Patri
3315 2623 3548 2679 similem

1949 2719 2288 2788 repetiisset,
2346 2718 2588 2788 duasque
2627 2718 2746 2773 illas
2781 2717 2998 2773 voculas
3042 2733 3135 2787 per
3163 2717 3338 2772 omnia
3381 2715 3552 2772 subti-

1949 2811 2184 2876 cuisset;
2216 2825 2309 2866 eas
2335 2810 2402 2865 ab
2432 2811 2760 2882 imperatore
2785 2809 3122 2877 Constantio,
3151 2826 3258 2882 quo
3285 2817 3554 2882 praesente

1950 2917 2038 2957 res
2067 2901 2354 2972 agebatur,
2385 2914 2607 2958 coactus
2649 2911 2735 2959 est
2782 2901 3001 2958 addere.
3051 2901 3198 2959 Idem
3248 2903 3394 2959 enim
3436 2903 3553 2974 ipse

1949 2996 2150 3052 Valens
2190 2997 2582 3068 subscripsisse
2624 3012 2684 3054 se
2712 2997 2760 3054 ei
2791 3005 3048 3053 testatum
3073 2997 3246 3052 voluit
3273 2998 3436 3071 (apud
3481 2997 3552 3052 E-

1952 3091 2166 3165 pipltan.
2200 3093 2327 3148 lum“.
2381 3108 2566 3161 LXXIII,
2613 3109 2667 3148 tt.
2701 3092 2817 3163 22),
2867 3100 2931 3169 τῇ
2978 3095 3121 3150 νυκτί
3165 3092 3552 3167 ἐπιφωσκούσης

1951 3194 2043 3247 τῆς
2084 3185 2423 3248 πεντεκὸστης
2471 3203 2484 3240 :
2533 3183 2823 3254 subditque
2866 3184 3218 3255 Epiphanius,
3270 3184 3551 3242 Valentem

247 3279 377 3351 quid
409 3277 479 3334 de
503 3294 566 3334 ea
615 3294 673 3334 re
706 3277 837 3334 mihi
870 3279 1079 3334 venerit
1109 3279 1162 3334 in
1211 3287 1466 3347 mentem,
1516 3278 1570 3334 in
1611 3279 1844 3334 medium
1872 3275 1918 3340 C
1951 3277 2133 3332 statim
2181 3287 2342 3346 atque
2385 3291 2415 3332 a
2471 3291 2530 3332 se
2581 3275 2884 3348 subscripta
2935 3286 3038 3345 est,
3070 3285 3386 3350 correptam
3432 3292 3552 3333 eam

249 3373 560 3445 proferam;
621 3383 831 3428 certum
891 3381 975 3429 est
1034 3372 1415 3443 imperatorem
1476 3372 1849 3428 Constantium

248 3481 468 3522 omnem
509 3465 746 3521 movisse
795 3464 1054 3535 lapidem,
1105 3481 1212 3536 quo
1253 3465 1580 3521 dissidentes
1627 3466 1679 3520 in
1725 3464 1852 3520 reli-

250 3559 414 3629 gione
444 3557 726 3630 opiniones
757 3565 1128 3627 componeret.
1179 3558 1376 3614 Verum
1408 3559 1533 3614 dum
1576 3573 1634 3614 se
1679 3557 1853 3616 facilis

252 3651 417 3706 nimis
445 3649 714 3707 hiBl'eliCiS
744 3651 1012 3724 praebens,
1045 3668 1168 3723 quae
1214 3653 1307 3708 Dei
1349 3663 1475 3708 sunt
1513 3652 1698 3708 Cassar
1739 3652 1853 3723 ipse

253 3753 493 3800 tractare
519 3743 702 3800 audet.
738 3764 759 3798 ‹
789 3746 839 3800 in
866 3744 1099 3816 simplici
1129 3754 1184 3802 et
1223 3745 1467 3800 absoluta
1508 3745 1791 3817 religione,
1829 3765 1848 3800 ι

252 3838 765 3910 inquitAmmianus
797 3837 938 3912 (Lib.
973 3838 1092 3913 χχι)
1125 3857 1146 3892 ε
1198 3840 1485 3896 scrutanda
1523 3841 1852 3911 perplexior,

252 3949 417 4007 quam
457 3934 829 4006 componenda
876 3934 1128 4005 gravior,
1195 3934 1310 4005 ipsa
1359 3935 1493 3990 aluit
1533 3934 1858 4004 adauxitque

254 4026 500 4084 dissidia.
539 4046 558 4081 ι
594 4026 802 4097 Quibus
833 4038 895 4086 ut
928 4027 1226 4084 remedium
1257 4027 1473 4084 tandem
1515 4027 1730 4099 aliquod
1761 4025 1858 4083 ad-

256 4120 498 4188 hiberet,
529 4104 921 4179 tecumenicam
946 4122 1211 4195 synodum
1252 4137 1446 4194 cogere
1473 4121 1711 4178 decrevit
1731 4121 1860 4196 (So-

255 4231 392 4270 zom.
426 4215 463 4270 ι.
497 4231 571 4278 tv.
603 4232 650 4270 ε.
681 4214 794 4287 16).
824 4215 1046 4271 Litteris
1076 4215 1238 4286 igitur
1261 4214 1327 4270 ad
1353 4215 1608 4270 Basilium
1652 4213 1861 4286 Anqui-

254 4309 494 4365 ritanum
556 4294 869 4379 episcopum
937 4309 1139 4372 missis,
1203 4306 1508 4364 Orientales
1575 4309 1860 4379 episcopos

249 4403 435 4474 jubet,
467 4413 520 4456 ut
556 4401 734 4458 locum
765 4402 1108 4459 celebrandae
1148 4403 1359 4474 synodo
1404 4414 1587 4473 aptum
1613 4412 1671 4460 et
1711 4417 1862 4460 com-

253 4497 482 4555 modum
513 4499 901 4569 perspicerent.
934 4497 1134 4556 Verum
1184 4514 1308 4555 cum
1342 4498 1482 4555 inter
1525 4513 1620 4557 eos
1663 4514 1863 4556 conve-

176 4605 196 4638 ι
257 4591 385 4647 nire
423 4606 531 4646 non
565 4600 770 4657 posset,
800 4591 922 4647 aliis
951 4591 1112 4646 alium
1160 4591 1597 4663 prmferentibus,
1631 4591 1862 4650 Basilius

1955 3367 2114 3425 ﬁdem
2144 3369 2450 3425 Ariminum
2481 3383 2664 3425 secum
2697 3367 2763 3424 ad
2800 3369 3064 3442 synodum
3095 3368 3373 3427 detulisse.
3404 3370 3562 3427 Seria

1957 3470 2046 3532 pta
2069 3471 2151 3518 est
2175 3478 2305 3535 ergo
2328 3478 2389 3519 ea
2424 3463 2579 3529 ﬁdes,
2612 3479 2732 3534 quae
2763 3478 2859 3535 per
2885 3466 3062 3520 omnia
3095 3447 3290 3521 Filium
3321 3465 3552 3522 similem

1956 3555 2101 3611 Patri
2130 3557 2344 3623 asserit,
2375 3573 2442 3613 eo
2484 3566 2727 3629 tempore
2775 3573 2884 3630 quo
2927 3559 3166 3631 synodus
3194 3553 3556 3617 Ariminensis

1955 3661 2075 3705 aeta
2118 3659 2223 3718 est,
2271 3649 2325 3706 id
2353 3662 2456 3717 est,
2493 3651 2729 3708 Eusebio
2757 3661 2814 3708 et
2841 3651 3072 3725 Hypatio
3101 3653 3254 3710 Coss.
3285 3654 3337 3710 in
3369 3653 3554 3725 vigilia

1960 3751 2318 3813 pentecostes,
2370 3744 2419 3800 id
2449 3742 2533 3800 es't
2568 3761 2622 3800 xI
2675 3746 2778 3802 cal.
2807 3746 2928 3815 jun.
2979 3745 3258 3818 Siquidem
3314 3745 3379 3802 iis
3408 3760 3582 3803 coss.'

1959 3835 2049 3906 qui
2076 3834 2278 3890 Christi
2308 3835 2416 3892 ’559
2444 3851 2618 3891 annus
2644 3845 2752 3903 est,
2808 3836 2934 3892 luna
2967 3853 3077 3903 xiv,
3108 3837 3162 3892 in
3213 3851 3268 3892 tv
3302 3836 3410 3893 cal.
3435 3853 3554 3909 apr.

1960 3925 2252 3991 incidente,
2285 3928 2592 3983 veneranda
2624 3913 3066 3984 Resurrec'tionis
3109 3928 3396 3985 dominicae
3438 3930 3558 3990 dies

1961 4017 2102 4088 prid.
2155 4033 2282 4074 non.
2313 4018 2553 4090 ejusdem
2587 4019 2811 4088 mensis,
2855 4020 3128 4077 missionis
3171 4021 3345 4079 sancti
3388 4023 3562 4093 Spiri-

1962 4117 2049 4164 tus
2107 4125 2142 4165 x
2182 4110 2285 4166 cal.
2313 4109 2430 4182 jun.
2482 4110 2658 4168 littera
2690 4127 2768 4180 c.,
2815 4111 2926 4169 dlei
2976 4112 3272 4170 Dominicte
3315 4124 3465 4184 nota,
3513 4115 3560 4172 si

1964 4211 2093 4259 tunc
2113 4218 2215 4259 usu
2237 4211 2452 4276 recepta
2477 4205 2796 4273 exstitisset,
2827 4205 3112 4262 celebrata:
3135 4215 3279 4263 sunt.

2044 4413 2134 4470 14.
2168 4411 2518 4487 Epilogus.-
2544 4413 2769 4472 Videtur
2797 4429 2948 4482 ergo,
2986 4423 3044 4470 ut
3064 4423 3174 4471 tota
3200 4413 3317 4472 haec
3342 4415 3566 4474 conclu-

1965 4505 2123 4561 datur
2150 4505 2472 4577 disputatio,
2522 4505 2656 4564 ﬁdes
2697 4523 2818 4578 qum
2848 4506 3040 4563 Filium
3084 4506 3226 4564 Patri
3259 4523 3354 4580 per
3381 4508 3566 4565 omnia

1967 4598 2199 4654 similem
2244 4597 2550 4670 proﬁtetur,
2600 4602 2802 4672 scripta
2846 4600 3054 4666 Sirmii,
3089 4616 3198 4657 non
3229 4599 3410 4657 habita
3453 4601 3568 4660 dis-

263 4683 336 4740 ad
364 4684 769 4755 imperatorem,
800 4682 892 4754 qui
923 4693 1033 4740 tum
1064 4684 1246 4742 Sirmii
1281 4685 1422 4742 forte
1447 4684 1698 4753 degebat,
1735 4701 1862 4756 pro-
1893 4682 1941 4743 D
1967 4692 2260 4765 quisitione
2290 4693 2344 4748 in
2394 4692 2597 4750 celebri
2640 4695 3022 4764 episcoporum
3069 4691 3321 4760 concilio,
3368 4692 3464 4750 sed
3514 4693 3566 4750 in

259 4779 438 4836 fectus
463 4789 567 4847 est,
597 4779 780 4851 ibique
809 4793 931 4834 cum
963 4778 1100 4835 alios
1123 4779 1385 4849 quosdam
1429 4781 1652 4852 privatis
1701 4796 1866 4852 nego-

264 4873 358 4930 tiis
388 4875 437 4928 in
470 4874 727 4931 comitatu
775 4874 1048 4940 detentos,
1081 4883 1194 4930 tum
1227 4874 1462 4931 Marcum
1491 4873 1864 4942 Arethusium,

262 4966 560 5038 Georgium
599 4965 946 5023 Alexandria:
975 4967 1289 5039 episcopum
1333 4977 1390 5024 et
1435 4966 1712 5024 Valentem
1744 4983 1866 5024 cum

263 5059 382 5118 suis
427 5057 671 5116 offendit.
717 5059 871 5115 Tunc
920 5059 1081 5130 igitur
1124 5059 1198 5115 illi
1243 5059 1566 5116 Arianorum
1595 5061 1869 5134 coryphazi

266 5153 417 5209 inter
467 5169 527 5206 se
555 5168 662 5222 quo
690 5161 847 5221 pacto
877 5151 1036 5218 ﬁdem
1069 5150 1340 5208 Nicaenam
1371 5152 1750 5208 subverterent
1775 5168 1866 5208 ca-

268 5244 381 5317 pita
408 5244 773 5312 conferentes,
803 5245 868 5299 ab
893 5229 1218 5314 imperatore
1240 5245 1530 5316 impetrant
1551 5257 1607 5300 ut
1630 5246 1870 5318 synodus

272 5338 596 5392 universalis
622 5337 816 5392 Nicaeae
849 5337 1114 5408 Bithyniae
1142 5338 1366 5408 indicta,
1401 5351 1727 5412 propterque
1755 5341 1872 5410 ejus

271 5429 425 5485 urbis
454 5428 659 5485 cladem
707 5438 866 5486 terra:
901 5439 1048 5486 motu
1080 5441 1360 5501 acceptam
1406 5430 1568 5488 dilata
1595 5432 1870 5490 dividere-

274 5535 419 5580 tur:
469 5522 881 5593 Orientalesque
936 5525 1222 5596 episeojios
1281 5525 1578 5583 Seleuciam
1632 5528 1872 5595 Isauriat,

274 5615 654 5674 Occidentales
700 5632 833 5673 vero
881 5618 1180 5674 Ariminum
1229 5623 1513 5676 convocari
1561 5631 1871 5693 procurant.

277 5709 435 5766 Hunc
477 5711 852 5783 episcoporum
881 5711 1203 5770 Arianorum
1230 5721 1283 5770 In
1323 5718 1582 5771 comitatur
1613 5731 1872 5787 congres-

278 5820 401 5862 sum
453 5804 691 5863 Eusebio
728 5816 784 5864 et
829 5805 1059 5880 Hypatio
1100 5809 1412 5867 consulibus
1459 5811 1768 5884 contigisse,
1820 5812 1871 5870 id

281 5906 390 5966 est,
421 5911 487 5957 eo
513 5897 631 5972 ipso
650 5913 795 5958 anno
824 5917 932 5972 quo
964 5901 1070 5960 illac
1096 5901 1290 5976 synodi
1339 5910 1490 5962 actae.
1516 5913 1664 5974 sunt,
1713 5919 1875 5963 nemo

1971 4786 2196 4844 fortuito
2224 4801 2520 4858 paucorum
2551 4802 2852 4860 congressu
2883 4803 3064 4844 coram
3097 4787 3428 4859 imperatore
3457 4788 3568 4845 dis-

1972 4881 2246 4951 putatione
2268 4891 2422 4947 orta;
2449 4897 2554 4936 non
2581 4881 2633 4936 lu
2661 4881 2836 4952 aliqua
2864 4881 3082 4938 basilica
3105 4891 3200 4946 aut
3217 4883 3569 4944 publieolnco

1972 4974 2025 5030 in
2054 4990 2162 5046 quo
2188 4974 2431 5030 solerent
2457 4974 2649 5048 synodi
2693 4973 2903 5042 haberi,
2933 4977 3025 5031 sed
3061 4977 3113 5032 in
3147 4977 3360 5047 privato
3400 4977 3573 5048 impe-

1972 5069 2169 5125 ratoris
2195 5066 2477 5137 cubiculo;
2512 5083 2617 5125 non
2650 5069 2843 5142 Sergio
2872 5082 2925 5127 et
2962 5070 3241 5142 Nigriano,
3295 5069 3378 5126 vel
3425 5067 3573 5128 Con-

1974 5163 2176 5217 stantio
2221 5177 2275 5217 Ix
2339 5169 2396 5217 et
2435 5161 2654 5219 Juliano
2691 5179 2748 5220 ιι
2807 5163 3146 5231 consulibus,
3187 5179 3294 5234 quo
3325 5174 3573 5236 tempore

1972 5254 2289 5310 Sirmiensis
2345 5256 2585 5329 synodus
2626 5256 2805 5315 habita
2847 5257 3068 5324 dicitur,
3121 5256 3215 5312 sed
3261 5273 3314 5313 xI
3358 5255 3572 5314 calend.

1971 5346 2090 5418 jun.
2121 5345 2359 5404 Eusebio
2384 5361 2438 5405 et
2477 5348 2710 5422 Hypatio
2751 5367 2896 5407 coss.
2929 5367 3039 5422 quo
3085 5350 3246 5407 etiam
3294 5351 3384 5408 die
3429 5350 3572 5408 idem

1924 5480 1928 5484 ι
1979 5445 2098 5510 Ipse
2131 5443 2425 5510 imperator
2456 5441 2658 5499 Sirmio
2703 5442 2850 5513 leges
2889 5459 2984 5498 XIV
3037 5453 3093 5499 et
3114 5459 3184 5498 xv
3231 5443 3301 5500 de
3330 5443 3490 5500 Pratt.
3519 5451 3578 5501 et

1979 5533 2186 5603 Quaest.
2214 5531 2350 5589 Cod.
2381 5533 2484 5589 Th.
2519 5534 2585 5590 ad
2616 5535 2875 5592 Senatum
2927 5535 3092 5590 misit.
3124 5537 3304 5604 Quare
3335 5553 3439 5592 non
3474 5537 3578 5594 mi-

1980 5643 2100 5683 rum
2149 5635 2233 5685 est
2277 5627 2323 5682 si
2374 5629 2696 5684 Athanasius
2741 5626 2860 5700 (lib.
2893 5630 2957 5686 de
2988 5629 3194 5702 Synod.
3227 5650 3281 5702 p.
3311 5632 3440 5703 875)
3485 5646 3581 5688 co-
3673 5657 3685 5664 -

1981 5737 2126 5788 rum,
2172 5723 2261 5794 qui
2305 5721 2572 5794 ejusmodi
2619 5721 2778 5779 ﬁdem
2829 5725 3183 5796 scripserunt,
3218 5726 3577 5786 temeritatem

1983 5814 2221 5887 exagitet
2262 5831 2277 5870 :
2335 5831 2355 5867 ι
2389 5816 2483 5886 qui
2532 5829 2658 5871 cum
2711 5828 2819 5873 non
2867 5816 2970 5873 nisi
3001 5827 3112 5876 tres
3137 5827 3232 5876 aut
3260 5827 3512 5892 quatuor,
3553 5837 3574 5876 ι

1985 5908 2180 5981 inquit,
2221 5924 2242 5962 ‹
2271 5916 2476 5979 essent,
2517 5927 2538 5964 ι
2586 5907 2664 5982 (in
2710 5923 2819 5985 quo
2863 5907 3082 5984 quidem
3130 5927 3246 5972 rem
3287 5923 3578 5988 extenuat;
