4066 6424
575 366 681 424 899

1464 369 1529 428 IN
1571 367 2000 429 FRAGMENTA
2039 363 2288 428 SANCTI
2325 365 2584 430 HILARII
2616 373 2921 434 EPISCOPI

3775 383 3867 435 90ft

570 500 778 555 St‘pletlt
810 489 955 544 enim
985 489 1066 545 vel
1095 499 1220 546 octo
1248 490 1324 562 (a)
1353 491 1600 563 aderant)
1641 510 1660 545 i
1698 491 1812 547 ausi
1835 502 1958 547 sunt
1992 501 2169 546 tamen
2201 487 2253 550 Α
2350 491 2438 547 l7.
2467 491 2645 548 Altera
2673 495 2987 550 collertiouis
3018 511 3159 566 pars.
3201 525 3274 539 --
3295 491 3532 562 Czetera,
3583 510 3706 568 qutc
3749 498 3867 553 alte-

573 581 778 652 regulze
807 581 928 639 fidei
961 585 1212 640 consules
1256 584 1480 656 addere,
1513 585 1654 654 quod
1687 585 1912 640 trecenti
1941 595 1994 640 et
2021 591 2169 640 octo-

569 673 745 731 decim
778 688 958 748 patres
987 676 1189 734 Niczeni
1238 694 1346 735 non
1393 671 1654 734 fecerant.
1689 698 1708 732 ι
1763 677 1870 736 Sed
1917 677 2032 732 haec
2061 675 2172 732 for-

571 775 717 824 tasse
765 767 936 826 fusius
984 787 1145 843 quam
1195 772 1445 843 epistolae
1489 773 1575 828 vel
1609 769 1942 844 praefationis
1981 769 2175 826 modus

576 863 813 932 patiatur
846 881 858 917 :
912 863 1116 936 reliqua
1149 865 1304 922 nobis
1352 866 1588 922 breviter
1631 863 1992 938 percurrenda
2025 875 2172 919 sunt.

648 957 735 1013 15.
771 957 1026 1030 Epistula:
1059 959 1196 1032 (qua:
1250 979 1386 1016 nunc
1422 962 1699 1033 conﬁciunt
1727 965 2066 1035 fragmentum
2100 958 2174 1031 τι)

573 1047 776 1108 Liberii
824 1051 883 1107 P.
927 1049 992 1108 Β.
1019 1069 1140 1124 quae
1184 1052 1310 1109 huic
1359 1053 1623 1110 Germinii
1677 1053 1978 1124 subjunctte
2025 1059 2171 1118 sunt,

575 1157 697 1199 cum
748 1145 1179 1215 przecedentibus
1227 1161 1327 1203 nec
1372 1157 1714 1218 argumento.
1784 1161 1884 1202 nec
1931 1156 2175 1216 tempore

574 1249 993 1296 connectuntur.
1025 1241 1104 1294 Ad
1136 1256 1296 1311 quam
1342 1250 1520 1296 tamen
1574 1239 1896 1296 Arianorum
1937 1238 2175 1295 historizn

569 1344 778 1404 partem
803 1342 1070 1401 spectent,
1100 1333 1224 1404 quia
1256 1334 1620 1394 exactissimi
1652 1334 1758 1388 illis
1788 1330 2176 1388 ecclesiasticis

574 1423 877 1482 Annalibus
907 1427 1131 1483 intexta:
1174 1437 1320 1491 sunt,
1352 1427 1398 1482 si
1429 1425 1610 1482 dicere
1641 1425 1992 1496 supersedeo,
2040 1433 2178 1479 tem-

573 1522 726 1593 poris
755 1531 808 1577 et
834 1521 1041 1576 chartm
1085 1521 1466 1593 compendium
1499 1523 1695 1576 fecero.
1743 1521 1855 1576 lloc
1881 1536 2044 1575 unum
2075 1517 2175 1572 ad-

575 1613 708 1670 dere
730 1613 960 1671 sufficiet
997 1631 1064 1671 ex
1096 1616 1276 1672 verbis
1322 1615 1508 1671 Hilarii
1540 1630 1661 1687 quae
1704 1615 1901 1670 Liberii
1932 1613 2176 1685 epistola:

575 1708 642 1764 ad
667 1709 974 1766 Orientales
1001 1709 1291 1781 episcopos
1317 1710 1534 1766 adtexta
1568 1720 1695 1766 sunt
1725 1709 1966 1784 (Fragm.
2016 1725 2087 1774 vt,
2119 1726 2172 1763 η.

575 1802 632 1867 6,
661 1805 744 1858 cui
773 1804 1014 1877 [atanqu
1040 1793 1394 1875 subscripserit
1422 1803 1705 1875 Liberius),
1739 1803 1911 1860 videri
1936 1804 2173 1876 regulam

2279 600 2396 640 ram
2442 589 2606 643 veluti
2651 588 3030 644 collectionem
3086 587 3264 646 facere
3310 591 3584 655 videntur,
3635 590 3869 661 quamvis

2281 674 2334 732 in
2385 677 2576 736 codice
2619 696 2782 736 manu
2825 682 3068 754 scripto,
3118 698 3184 738 ex
3244 699 3352 755 quo
3399 684 3498 738 ista
3556 681 3867 755 transcripta

2276 780 2421 838 sunt,
2472 772 2580 827 illis
2627 789 2748 843 quae
2794 773 3152 845 explicuimus
3187 775 3474 846 praeposita
3507 775 3774 846 legantur,
3811 790 3870 830 ex

2277 863 2468 920 eodem
2514 863 2691 921 tamen
2739 865 2798 921 Β.
2851 863 3035 922 Hilarii
3081 882 3245 938 opere
3289 875 3548 938 excerpta
3598 882 3745 932 esse,
3795 866 3870 921 vel

2279 956 2405 1013 hinc
2432 958 2706 1030 conjicere
2735 960 2886 1026 licet,
2915 959 3057 1030 quod
3086 959 3248 1016 verba
3281 963 3520 1017 auctoris
3548 960 3692 1016 unde
3728 975 3868 1016 sum-

2278 1061 2365 1122 pta
2399 1060 2546 1115 sunt,
2576 1052 2785 1125 aliquot
2829 1053 2963 1109 locis
2995 1055 3125 1123 ipsis
3159 1056 3294 1110 actis
3341 1055 3606 1123 immixta,
3637 1053 3866 1123 ejusdem

2275 1144 2603 1201 sanctissimi
2631 1143 2964 1202 confessoris
2997 1135 3215 1217 phrasin
3247 1147 3564 1213 exhibeant,
3610 1158 3668 1204 et
3697 1149 3864 1203 omnia

2277 1229 2391 1292 fere
2421 1236 2487 1291 ad
2520 1237 2784 1310 synodum
2814 1238 3238 1305 Ariminensem,
3272 1237 3341 1296 de
3375 1256 3480 1312 qua
3509 1239 3780 1312 praecipue
3819 1242 3866 1296 in

2277 1343 2345 1386 eo
2373 1331 2486 1399 ipso
2521 1330 2852 1386 tractabatur
2873 1347 3062 1403 opere,
3090 1342 3360 1405 spectent.
3391 1334 3444 1388 in
3473 1335 3672 1404 quibus
3701 1346 3865 1390 tamen

2278 1419 2588 1492 digerendis
2634 1439 2742 1478 non
2789 1425 3028 1479 exactior
3073 1423 3208 1480 ordo
3252 1441 3432 1481 rerum
3478 1427 3561 1482 vel
3597 1428 3863 1497 temporis,

2278 1529 2438 1584 quam
2468 1513 2520 1569 in
2551 1515 2946 1585 superioribus,
2978 1516 3299 1573 observatus
3329 1528 3432 1574 est.

2355 1609 2439 1666 18.
2473 1608 2743 1666 Pnrisiaca
2764 1611 2993 1683 synodus
3025 1630 3159 1667 nunc
3191 1615 3326 1686 frug.
3361 1613 3690 1670 XL—POI'I‘O
3721 1613 3864 1670 fidem

2281 1701 2426 1758 illam
2461 1720 2581 1774 qua:
2612 1706 2755 1775 apud
2789 1704 3054 1762 Fariseam
3099 1708 3353 1764 civitatem
3381 1711 3627 1782 exposita
3661 1712 3864 1779 dicitur,

2281 1793 2510 1851 Lutetia:
2537 1795 2869 1855 Parisiorum
2901 1800 3159 1870 scriptam
3209 1801 3375 1858 fuisse
3419 1803 3677 1871 arbitror,
3722 1816 3869 1875 atque

575 1896 725 1962 ﬁdei,
757 1913 916 1967 quam
965 1897 1166 1954 Sirmio
1207 1914 1234 1952 a
1285 1897 1493 1970 synodo
1535 1899 1602 1954 ad
1648 1899 1908 1954 ecclesias
1953 1898 2174 1952 missam
2210 1891 2257 1954 B
2284 1887 2336 1943 ίιι
2364 1889 2482 1959 eius
2509 1890 2825 1963 ερῑεττιριιε,
2870 1891 3012 1962 apud
3044 1891 3305 1947 Parisiam
3341 1895 3592 1949 civitatem
3639 1896 3740 1968 legi
3781 1895 3868 1951 de-

572 2004 734 2060 supra
765 1989 1020 2058 diximus,
1051 1991 1118 2047 ab
1145 1991 1336 2048 eodem
1383 1991 1599 2047 Liberio
1647 1991 1807 2046 tudio
1853 1991 1997 2046 exilii
2028 1990 2170 2044 desi-

571 2084 833 2158 derioque
870 2087 1018 2142 sedis
1041 2101 1154 2142 sua:
1183 2085 1492 2157 prtcfracto,
1524 2085 1978 2158 quemadmodum
2011 2102 2037 2137 a
2071 2100 2177 2141 ca:-

571 2179 702 2234 teris
731 2179 821 2251 qui
849 2177 1191 2250 imperatoris
1215 2178 1516 2234 Constantii
1548 2177 1820 2234 violentia:
1865 2185 2171 2244 cesserant,

567 2271 965 2343 subscriptione
993 2271 1294 2343 probatam
1347 2271 1552 2328 fuisse:
1589 2282 1646 2326 ut
1679 2286 1784 2325 non
1824 2269 2046 2324 omnino
2077 2284 2170 2320 va-

569 2379 670 2419 nus
715 2364 984 2421 exstiterit
1029 2380 1240 2433 rumor,
1302 2380 1459 2436 quem
1504 2363 1738 2420 Arianos
1788 2357 2173 2418 disseminasse

571 2455 907 2513 Sozomenus
952 2456 1014 2526 (l.
1063 2473 1136 2524 IV,
1190 2474 1235 2510 ε.
1289 2457 1379 2527 ll)
1430 2456 1688 2528 scriptum
1732 2454 1969 2526 reliquit,
2011 2451 2169 2509 Pont.

570 2547 636 2604 Β.
674 2549 726 2604 in
773 2549 1083 2620 Opinionem
1113 2549 1575 2605 Anommanorum
1617 2549 1900 2604 defecisse.
1934 2546 2053 2616 Quo
2077 2562 2174 2601 no-

566 2642 712 2696 mine
735 2651 918 2696 noster
948 2641 1184 2697 Hilarius
1214 2653 1352 2696 testu
1384 2641 1504 2697 lidei
1534 2642 1792 2711 abreptus
1821 2641 1920 2712 ipsi
1946 2639 2171 2698 Liberio

569 2737 717 2790 velut
745 2746 1009 2807 apostata:
1047 2752 1110 2791 ac
1144 2736 1544 2806 przevaricatori
1575 2736 1870 2791 Anatliema
1901 2735 2170 2805 impingit.

570 2829 637 2884 Et
663 2845 793 2884 sane
826 2845 933 2885 nou
961 2830 1064 2884 alia
1093 2830 1266 2899 potuit
1292 2845 1413 2887 esse
1457 2829 1547 2885 illa
1578 2829 1731 2897 ﬁdes,
1767 2844 1925 2899 quam
1956 2827 2175 2884 Narcis-

564 2939 682 2991 sus,
725 2923 1067 2990 Theodorus,
1120 2923 1418 2992 Eudoxius,
1473 2922 1845 2994 Demophilus,
1891 2931 1945 2979 et
1985 2923 2170 2978 cmteri

563 3019 640 3075 illi
677 3018 984 3076 temeritate
1008 3030 1170 3091 atque
1197 3020 1416 3090 perlidia
1450 3021 1591 3076 inter
1611 3019 1843 3076 Arianos
1869 3019 2168 3090 conSpicui,

565 3121 618 3168 ut
667 3112 805 3170 infra
848 3113 1178 3180 videbimus,
1224 3114 1566 3168 dictaveriut.
1622 3113 1758 3168 Hinc
1797 3112 1957 3168 etiam
2008 3111 2172 3168 disci-

567 3225 710 3274 mus,
741 3207 894 3279 cujus
923 3209 1034 3263 sint
1063 3208 1324 3275 auctoris,
1369 3218 1424 3264 et
1453 3223 1561 3278 quo
1592 3207 1900 3278 pertineant
1947 3205 2169 3260 nomina

2281 1982 2411 2040 bere
2441 1984 2693 2055 conjicio.
2722 1983 2839 2042 Jam
2870 1987 3014 2042 enim
3055 1997 3184 2044 tunc
3213 1988 3454 2045 obsoleta
3503 1985 3614 2046 fere
3657 1989 3868 2046 Lutetia:

2280 2078 2646 2148 appellatione
2683 2077 2785 2135 hoc
2830 2095 3026 2137 nomen
3067 2081 3156 2137 illa
3186 2082 3375 2138 civitas
3403 2082 3678 2140 audiebat.
3725 2081 3868 2139 Zosi-

2285 2187 2407 2228 mus
2437 2171 2508 2245 (c)
2535 2189 2598 2229 ea
2636 2182 2798 2229 aetate
2829 2190 2936 2229 non
2979 2175 3152 2230 multo
3193 2173 3418 2234 inferior
3447 2176 3515 2233 de
3553 2161 3766 2232 Juliano
3792 2178 3868 2232 lo-

2284 2281 2457 2337 quens
2485 2265 2711 2323 Lutetiae
2739 2266 3012 2325 hiemante
3033 2270 3114 2326 sic
3139 2268 3628 2336 scribit,‘too)imo~3
3655 2270 3708 2329 δέ
3734 2274 3782 2328 ἐν
3800 2280 3868 2347 τῷ

2280 2364 2508 2438 Παρισίῳ
2534 2402 2549 2426 ,
2602 2366 2885 2442 Γερμανίας
2919 2361 2974 2419 δέ
3025 2360 3161 2424 αὕτη
3200 2364 3420 2440 πολίχνη
3446 2407 3462 2432 ,
3509 2364 3866 2444 διατρίϐοντος.

2279 2453 2540 2520 Quamvis
2568 2455 2714 2510 enim
2747 2455 2867 2526 ejus
2895 2455 3044 2512 urbis
3072 2454 3200 2514 tunc
3237 2474 3345 2513 non
3379 2474 3442 2514 ea
3489 2455 3653 2515 fuerit
3689 2461 3868 2531 ampli-

2277 2547 2408 2602 tudo
2451 2547 2535 2603 vel
2566 2549 2798 2604 nominis
2843 2549 3080 2616 claritas,
3135 2551 3186 2606 in
3237 2566 3397 2620 quam
3449 2563 3633 2621 postea
3684 2568 3863 2624 regum

2278 2639 2868 2696 Cltrislianissitnorum
2899 2641 3332 2713 frequentatione
3357 2644 3769 2716 studiorumque
3787 2662 3867 2702 ce-

2279 2731 2528 2788 lebritate
2549 2741 2736 2789 evecta
2765 2742 2870 2802 est,
2916 2736 3081 2790 immo
3112 2751 3242 2791 vero
3265 2738 3538 2811 πολίχνην,
3570 2749 3626 2794 et
3652 2740 3722 2794 ab
3747 2741 3868 2796 Ani-

2279 2824 2462 2880 miano
2492 2825 2608 2899 (lib.
2637 2842 2729 2893 xv,
2763 2843 2810 2880 c.
2853 2825 2944 2899 ll)
2975 2828 3260 2884 castellum
3286 2829 3494 2885 ambitu
3524 2829 3747 2886 insulari
3772 2832 3868 2886 cir-

2277 2918 2617 2996 cumclusum
2669 2928 2874 2974 tantum
2923 2917 3032 2975 dici
3075 2919 3388 2988 videamus;
3422 2933 3480 2978 ut
3522 2938 3642 2994 qua:
3690 2923 3867 2978 insula:

2276 3005 2427 3065 ﬂuvii
2473 3009 2735 3082 Sequana:
2780 3010 2984 3066 ambitu
3030 3011 3448 3084 comprehensa,
3499 3022 3556 3070 et
3601 3017 3867 3084 utrimque

2273 3101 2517 3158 subliciis
2566 3101 2821 3172 pontibus
2867 3103 3163 3160 continenti
3219 3104 3404 3175 juncta
3439 3147 3454 3172 ,
3508 3107 3600 3161 vix
3645 3105 3865 3162 mediam

2275 3203 2484 3263 partem
2516 3195 2634 3265 ejus
2661 3196 2900 3266 regionis
2943 3196 3417 3268 complecteretur,
3468 3214 3592 3270 qua:
3640 3200 3866 3256 civitatis

562 3299 652 3356 illa
702 3299 1101 3367 hiereticorum,
1152 3315 1273 3371 qum
1322 3300 1446 3356 huic
1492 3298 1696 3355 Liberii
1743 3297 1808 3354 ad
1858 3295 2160 3354 Orientales

2271 3302 2468 3343 nomen
2500 3289 2603 3344 sibi
2651 3290 2923 3359 peculiare
2977 3293 3140 3347 fecit:
3189 3289 3313 3349 caeli
3365 3287 3545 3350 tamen
3591 3285 3864 3366 temperie,

558 3393 806 3464 epistolae
851 3394 1091 3448 subnexa
1137 3407 1260 3449 esse
1309 3393 1363 3447 in
1416 3407 1515 3448 suo
1562 3390 1751 3448 codice
1795 3389 2167 3447 nobilissimus

560 3485 834 3540 annalium
863 3485 1096 3554 scriptor
1125 3483 1333 3538 notavit
1363 3482 1453 3553 (ad
1480 3499 1567 3536 an.
1599 3483 1727 3550 557,
1754 3499 1808 3536 n.
1837 3479 1929 3552 54)
1961 3499 1974 3536 :
2007 3489 2065 3538 ut
2110 3491 2166 3538 et

556 3575 650 3632 illa
681 3576 842 3632 verba
878 3577 929 3630 in
981 3575 1130 3631 calce
1160 3575 1436 3646 sequentis
1464 3573 1706 3645 ejusdem
1737 3573 2007 3645 pontificis
2038 3575 2162 3644 epi-

562 3671 719 3728 stola:
749 3671 815 3727 ad
849 3671 1154 3738 Ursacium,
1188 3669 1467 3725 Valentem
1497 3678 1553 3724 et
1579 3667 1916 3724 Cerminium
1947 3686 1958 3722 :
1994 3665 2165 3725 «Prm-

553 3767 838 3823 varicatori
867 3764 1152 3821 anathema
1185 3780 1304 3819 cum
1333 3763 1546 3819 Arianis
1573 3779 1602 3816 a
1634 3777 1720 3819 me
1747 3762 1971 3817 dictum.

621 3861 711 3917 l6.
750 3860 1013 3929 Superest
1041 3857 1226 3913 ultima
1257 3856 1415 3927 hujus
1441 3854 1781 3912 col-lectionis
1809 3855 1886 3923 (b)
1930 3853 2159 3925 epistola

547 3953 615 4010 ad
649 3954 858 4024 legatos
888 3951 1252 4008 Ariminensis
1279 3950 1516 4006 concilii.
1549 3949 1666 4017 lpsa
1711 3959 1892 4002 autem
1925 3956 2010 4001 est
2056 3947 2157 4003 Se-

547 4050 942 4105 miariauorum
989 4046 1394 4115 episcoporum,
1429 4051 1484 4098 et
1515 4041 1721 4112 majore
1765 4056 1828 4096 ex
1873 4052 2024 4111 parte
2050 4037 2155 4092 Pa-

547 4141 883 4197 Iajstinurum
909 4146 1098 4195 contra
1126 4136 1326 4192 Aitium
1351 4143 1714 4206 cognomento
1744 4131 1970 4203 lmpium
1994 4139 2156 4201 atque

544 4233 800 4291 Atbeum.
850 4232 1036 4289 Ariani
1077 4229 1221 4286 enim
1253 4229 1355 4284 etsi
1387 4241 1676 4298 numquam
1725 4225 1856 4296 ipsis
1907 4225 2048 4280 inter
2095 4238 2154 4278 se

541 4327 681 4383 bene
709 4325 1024 4382 convenerit
1061 4323 1172 4394 (qui
1229 4337 1346 4376 mos
1367 4320 1608 4374 omnium
1633 4317 2014 4374 liazreticorum
2043 4325 2151 4378 est.

541 4418 647 4473 nisi
678 4421 728 4472 in
757 4433 823 4473 eo
852 4427 910 4472 ut
968 4415 1264 4472 Ecclesium
1310 4409 1513 4468 Christi
1558 4409 1918 4482 oppugnent),
1965 4425 2152 4464 succe-

539 4513 702 4570 dente
733 4523 909 4568 tamen
939 4519 1006 4566 ex
1029 4507 1197 4564 animi
1230 4505 1496 4563 sententia
1520 4504 1880 4560 Ariminensis
1912 4499 2150 4574 perfidia:

539 4605 689 4671 dolo,
721 4601 1023 4661 confectum
1068 4602 1167 4657 sibi
1199 4614 1323 4656 eum
1353 4597 1633 4654 catholicis
1681 4597 1954 4667 negotium
2003 4595 2148 4651 arbi-

2273 3381 2416 3452 quod
2446 3383 2608 3438 etiam
2639 3382 2775 3439 ficus
2804 3383 2996 3450 aleret,
3042 3381 3298 3456 fluviique
3348 3387 3705 3458 placidissimi
3750 3388 3866 3443 niti-

2272 3472 2589 3547 dissimique
2637 3477 2948 3533 amoenitate
2986 3477 3125 3534 adeo
3166 3491 3317 3548 grata
3362 3491 3416 3536 et
3464 3479 3753 3538 commoda
3783 3481 3867 3539 Ju-

2269 3568 2415 3624 liano
2445 3569 2498 3625 in
2528 3569 2719 3628 Galliis
2747 3571 2927 3640 agenti
2978 3570 3088 3626 visa
3137 3583 3242 3640 est,
3293 3584 3351 3629 ut
3392 3573 3466 3631 ibi
3514 3575 3866 3632 libentissime

2271 3661 2495 3719 hiberna
2523 3664 2743 3720 duxerit
2771 3665 3052 3738 (Ammiait.
3087 3666 3178 3722 lib.
3209 3684 3340 3734 xvn,
3385 3685 3434 3724 c.
3465 3670 3520 3736 7,
3553 3669 3651 3742 8);
3691 3683 3748 3728 et
3777 3671 3866 3727 im-

2268 3766 2488 3826 perator
2519 3756 2587 3811 ab
2615 3757 2856 3812 exercitu
2889 3759 2940 3813 in
2973 3775 3035 3814 ea
3076 3760 3358 3825 salutatus,
3394 3770 3582 3830 postea
3636 3761 3864 3818 festivis-

2267 3849 2409 3903 simo
2435 3847 2502 3903 ad
2529 3849 2925 3908 Autioclieuses
2953 3852 3157 3922 scripto
3183 3852 3261 3921 (in
3294 3851 3579 3927 Misopog.)
3628 3857 3859 3930 φιλτάτην

2263 3942 2522 4014 πολίχνην
2553 3943 2826 4009 vocitarit,
2856 3944 3292 4018 elegantiamque
3318 3947 3399 4002 sui
3439 3949 3642 4020 ingenii
3674 3952 3727 4005 in
3760 3952 3861 4022 ipsa

2263 4031 2616 4089 describenda
2649 4043 2926 4093 ostentare
2968 4037 3222 4094 voluerit.
3269 4037 3339 4094 Et
3367 4049 3500 4097 sane
3531 4042 3693 4114 longe
3722 4054 3857 4106 ante,

2261 4124 2406 4206 Julio
2435 4125 2657 4195 Caesari,
2691 4131 2929 4188 concilio
2959 4129 3259 4189 Galliarum
3305 4133 3532 4203 indicto,
3583 4135 3740 4193 locus
3778 4137 3858 4193 ille

2261 4220 2387 4279 huic
2437 4224 2686 4282 habendo
2730 4226 2876 4282 visus
2945 4223 3121 4284 fuerat
3168 4227 3416 4298 idoneus,
3484 4231 3857 4305 Lutetiamque

2258 4316 2590 4374 Parisiorum
2659 4319 2952 4377 concilium
3012 4323 3381 4378 transtulerat.
3435 4319 3539 4380 Ubi
3599 4326 3691 4382 ubi
3756 4329 3858 4380 hac

2257 4413 2436 4466 habita
2470 4411 2631 4470 fuerit
2651 4413 2912 4488 synodus,
2963 4433 3070 4472 non
3099 4416 3320 4472 dubium
3364 4425 3450 4474 est
3495 4435 3660 4474 unam
3686 4417 3766 4492 (ὀ)
3795 4435 3848 4475 ex

2255 4503 2365 4561 illis
2393 4519 2533 4573 esse,
2568 4521 2705 4577 quas
2733 4507 2850 4578 ipse
2881 4507 3116 4581 Hilarius
3154 4510 3457 4566 Constantii
3487 4508 3848 4583 Imperatoris,

2256 4597 2418 4667 paulo
2471 4607 2760 4671 antequam
2790 4603 2855 4658 ex
2889 4601 3022 4658 vivis
3054 4601 3364 4669 decederet,
3403 4603 3584 4659 edicto
3625 4604 3694 4661 ad
3748 4605 3850 4676 epi-

540 4702 686 4766 irati,
738 4699 908 4755 multo
956 4697 1198 4770 apertius
1239 4692 1606 4766 opinionibus,
1639 4690 1855 4757 animis,
1907 4688 2141 4745 nomini-
2167 4681 2222 4745 D
2247 4701 2530 4760 scepalum
2555 4691 2734 4747 redire
2763 4694 3078 4763 permissus,
3110 4695 3197 4749 ubi
3233 4712 3532 4766 permensus
3555 4707 3656 4764 est,
3692 4698 3849 4768 inquit

537 4797 749 4867 basque
794 4792 955 4849 divisi
1002 4791 1183 4847 acrius
1215 4791 1354 4846 inter
1403 4797 1462 4844 se
1508 4783 1787 4858 digladiari
1837 4791 2137 4854 cmperunt.

537 4891 677 4949 Hinc
697 4889 986 4944 factionum
1004 4895 1384 4956 sectarumque
1417 4885 1630 4938 nomina
1663 4881 1833 4946 mille,
1866 4879 2013 4935 mille
2045 4895 2140 4934 no-

539 4981 698 5041 cendi
746 4982 1000 5037 artifices.
1059 4983 1082 5030 t’
1118 4978 1277 5034 Plura
1322 4978 1537 5033 nomina
1577 4975 1773 5048 (inquit
1822 4974 2140 5029 Ambrosius

535 5079 632 5137 lib.
684 5095 699 5134 ι
753 5076 819 5132 de
859 5074 963 5147 ﬁde
1000 5093 1054 5130 n.
1087 5071 1180 5144 44)
1225 5073 1322 5128 sed
1368 5088 1470 5128 una
1518 5069 1776 5140 perfidia:
1827 5067 2138 5126 infirmitate

535 5189 642 5230 non
674 5171 980 5235 dissonans,
1013 5166 1393 5222 communione
1425 5161 1774 5227 discordans;
1821 5177 1927 5216 non
1974 5161 2137 5218 dissi-

533 5265 679 5321 r‘nilis
710 5262 917 5327 fraude,
950 5259 1046 5317 sed
1075 5256 1402 5329 cogitatione
1431 5255 1686 5310 discreta.
1725 5271 1744 5308 ι
1781 5254 1848 5309 Ει
1880 5255 1993 5310 hmc
2015 5255 2132 5325 qui~

534 5357 660 5414 dem
703 5357 772 5414 de
818 5357 884 5413 iis
933 5369 1054 5427 quae
1085 5351 1172 5407 bic
1219 5350 1319 5405 sub
1351 5350 1570 5406 nomine
1603 5349 1726 5405 libri
1756 5347 1815 5404 Β.
1849 5348 2037 5406 Hilarii
2065 5349 2133 5406 de

530 5445 860 5509 Ariminensi
887 5445 1120 5504 concilio
1149 5443 1293 5500 edita
1317 5439 1683 5498 continentur.

605 5620 683 5694 (a)
715 5620 921 5694 At_non
950 5618 1018 5694 in
1050 5613 1172 5675 illos
1198 5614 1438 5694 respicit,
1471 5610 1567 5694 sed
1589 5611 1650 5694 _i_n
1683 5607 1989 5694 preacium,
2017 5610 2124 5694 V3-

528 5683 751 5755 len‘te’m.
781 5691 1140 5758 Geminium,
1186 5683 1439 5744 Acacium
1487 5693 1540 5741 et
1588 5683 1912 5754 Eudoxium,
1949 5693 2010 5739 ut
2051 5683 2122 5738 li-

532 5772 673 5835 quet
690 5779 766 5835 ex
787 5778 917 5835 pag._
937 5761 1064 5818 869.
1389 5828 1432 5835 __
1463 5829 1472 5835 Α
1687 5828 1700 5835 _
1821 5826 1835 5835 _
2056 5825 2060 5828 ,

609 5832 686 5900 (b)
722 5826 881 5904 Nunc'
896 5831 1030 5904 frag.
1063 5847 1120 5900 x,
1149 5839 1338 5888 contra
1369 5828 1594 5898 Etiam,
1617 5828 1704 5886 vel
1726 5826 1905 5901 potius
1929 5826 2120 5886 contra

538 5907 723 5976 partes
751 5903 956 5959 Acacii.

2245 4781 2485 4841 Severus
2534 4782 2646 4856 (lib.
2675 4801 2714 4841 tt
2747 4785 2888 4842 Hist.
2943 4783 3147 4858 Sacr.),
3200 4786 3372 4843 orbem
3425 4805 3554 4858 pene
3604 4799 3848 4849 terrarum

2241 4881 2382 4933 malo
2425 4877 2662 4950 perﬁdiae
2709 4880 2979 4953 infectum,
3014 4881 3091 4935 vir
3123 4891 3310 4936 natura
3341 4882 3471 4938 lenis
3515 4894 3561 4938 et
3593 4883 3844 4954 placidus,

2243 4972 2399 5026 simul
2420 4969 2490 5026 ad
2521 4971 2936 5042 persuadendum
2965 4982 3136 5044 aptus,
3173 4979 3281 5044 quo
3325 4973 3506 5045 elogio
3539 4976 3721 5046 ipsum
3764 4991 3846 5030 or-

2245 5065 2394 5120 navit
2411 5063 2635 5121 Rufinus
2650 5063 2764 5138 (lib.
2794 5081 2811 5121 ι
2846 5065 2984 5122 Hisl.
3004 5065 3252 5134 Eccl.,,c.
3283 5067 3400 5137 51),
3433 5069 3686 5140 optimum
3714 5069 3845 5140 facta

2239 5157 2518 5213 arbitratus
2545 5174 2780 5213 revocare
2799 5166 3011 5213 cunctos
3038 5157 3107 5212 ad
3138 5160 3509 5230 paenitentiam,
3537 5159 3844 5234 frequentes

2242 5252 2295 5308 in
2321 5251 2494 5309 Gallia
2524 5253 2701 5324 coegit
2728 5251 2960 5326 (Sulpic.
2989 5271 3043 5326 p.
3067 5245 3219 5324 262).
3246 5255 3451 5322 Quibus
3481 5253 3738 5311 ell‘ectum
3764 5264 3841 5310 εει

2239 5358 2298 5404 ut
2346 5350 2596 5403 omnibus
2645 5348 2914 5419 episcopis
2961 5346 3031 5404 de
3063 5363 3251 5405 errore
3294 5347 3678 5419 proﬁtentibus
3707 5348 3838 5418 apud

2238 5441 2543 5500 Ariminum
2574 5451 2723 5516 gesta
2763 5443 3106 5512 damnarent,
3149 5444 3546 5517 pristinamque
3587 5443 3837 5502 Ecclesiis

2302 5610 2376 5684 (c)
2417 5609 2592 5666 Ctesar
2632 5608 2848 5666 hiemem
2899 5605 3042 5680 apud
3097 5605 3333 5666 Parisibs
3371 5623 3532 5682 agens
3581 5605 3829 5664 meritorii.

2421 5752 2563 5814 Ante
2593 5752 2780 5810 Hilarii
2827 5753 2880 5811 in
2910 5752 3112 5813 Gallias
3151 5752 3384 5814 reditum
3430 5761 3676 5812 coactam
3713 5764 3824 5810 esse

2227 5827 2593 5886 ostendimus.
