4066 6424
196 339 284 403 001

1332 319 1606 391 meum
1645 314 1854 389 Fauni
1883 315 2284 390 pomario.

3378 317 3485 389 90-2.

194 453 346 510 ﬁdem
388 451 756 510 restituerent.
806 451 899 508 His
948 452 1108 507 etiam
1155 458 1210 507 et
1257 445 1590 505 Victorinum
1628 447 1776 502 Pari-
1802 445 2084 507 Aclarum
2126 454 2230 502 est.
2271 443 2439 501 Plane
2468 443 2584 501 haec
2609 441 2873 501 Germinii
2920 442 3146 500 formula
3190 443 3484 502 conformis

191 546 416 602 siensem
462 547 774 618 episcopum
802 587 819 612 ,
871 561 1030 616 quem
1081 541 1288 616 synodo
1332 542 1642 600 Sardicensi
1692 539 1778 594 in-

193 637 432 695 terfuisse
459 639 610 694 testis
640 648 722 694 est
750 637 1078 694 Athanasius
1107 635 1352 708 (Apolog.
1386 634 1456 690 ad
1482 631 1772 698 Constant.,

192 748 240 800 ρ.
271 731 416 801 767),
445 739 501 786 et
529 729 595 786 ad
623 730 1074 801 Agrippinensem
1102 734 1290 784 contra
1319 726 1650 798 Euphratem
1683 724 1778 781 de-

190 823 413 894 legasse,
447 824 615 894 ipsius
659 822 1072 896 Agrippinensis
1119 821 1330 878 concilii
1372 832 1492 877 acta
1524 820 1773 890 probant,

188 916 229 971 si
258 916 320 972 ad
354 916 469 972 haec
517 924 756 987 tempora
800 917 1067 987 pervenit,
1107 914 1410 987 symbolam
1454 928 1606 968 suam
1641 927 1775 968 con-

187 1009 368 1066 tulisse
413 1009 706 1065 verisimile
751 1016 856 1065 est.
903 1007 983 1064 Ad
1027 1023 1120 1064 eas
1151 1006 1387 1080 synodos
1417 1005 1777 1078 Hieronymus

186 1101 236 1156 in
265 1100 568 1158 Eusebiano
595 1101 859 1158 chronico
884 1103 1125 1174 respicit,
1156 1115 1277 1157 eum
1319 1099 1388 1154 ad
1413 1113 1611 1154 annum
1654 1099 1775 1152 vita;-

191 1194 488 1250 Constantii
511 1207 814 1252 extremum
848 1196 994 1269 (nam
1026 1195 1114 1266 qui
1143 1195 1194 1250 in
1231 1208 1297 1250 eo
1320 1192 1578 1248 chronico
1609 1190 1776 1246 notati

184 1289 449 1346 habentur
478 1289 678 1346 Christi
708 1291 858 1356 anni,
910 1307 1010 1346 nec
1056 1289 1276 1345 Eusebii
1325 1303 1422 1344 nec
1463 1285 1774 1358 Hieronymi

181 1385 351 1459 sunt),
381 1384 606 1442 Galliam
635 1403 725 1457 per
759 1384 1017 1440 Hilarium
1044 1383 1381 1438 Arintinensis
1421 1379 1653 1453 perﬁdia:
1682 1377 1778 1432 do-

180 1479 284 1533 lum
308 1477 410 1551 (sic
453 1479 595 1534 enim
629 1479 814 1549 legunt
851 1487 1064 1534 veteres
1093 1473 1239 1548 libri)
1285 1475 1575 1530 damnasse
1603 1479 1772 1538 n0tat,

177 1571 318 1642 quod
345 1584 398 1628 et
429 1574 528 1628 hac
558 1569 683 1628 ﬁdei
707 1571 935 1627 formula
961 1572 1258 1643 praestitum
1282 1569 1552 1625 videmus.
1577 1568 1776 1634 Quam-

177 1666 258 1721 vis
287 1679 390 1720 non
424 1666 526 1720 nisi
554 1663 811 1720 defuncto
835 1661 1175 1729 Constantio,
1215 1674 1502 1731 rerumque
1533 1658 1774 1731 potiente

174 1759 414 1824 Juliano,
445 1759 547 1815 illze
582 1758 774 1830 synodi
813 1758 1103 1815 celebrata:
1135 1755 1355 1823 fuerint,
1405 1753 1457 1810 id
1489 1763 1590 1822 est,
1628 1751 1770 1807 circa

172 1867 370 1909 annum
403 1852 602 1908 Christi
633 1865 868 1909 ccccxn.

151 1991 159 2006 .
247 1947 333 2004 i9.
378 1945 530 2002 Osius
575 1952 779 2018 quando
822 1947 987 2001 vivere
1025 1945 1249 2000 desierit.
1285 1973 1357 1985 —
1401 1939 1640 2012 Epistula
1691 1938 1770 2011 (a)

170 2047 350 2095 autem
396 2039 615 2095 Eusebii
649 2038 1017 2094 Vercellarum
1064 2035 1303 2106 episcOpi
1350 2034 1415 2089 ad
1446 2033 1769 2103 Gregorium

171 2129 372 2188 Eliberi
398 2131 638 2188 civitatis
666 2129 933 2201 Hispania:
957 2129 1276 2194 antistitem,
1308 2129 1433 2182 licet
1453 2123 1774 2181 Constantio

169 2228 499 2298 imperatore
527 2224 702 2281 adhuc
734 2227 795 2279 in‘
816 2225 952 2280 vivis
978 2233 1173 2295 agente
1207 2223 1410 2295 (ipsum
1441 2221 1582 2277 enim
1614 2219 1773 2275 intel-

169 2320 320 2391 ligit,
360 2329 481 2376 cum
528 2327 679 2390 spem
720 2317 1210 2381 Ariomanitarum,
1245 2332 1349 2370 non
1381 2318 1436 2370 in
1478 2329 1571 2370 sua
1610 2313 1659 2368 vi
1684 2323 1774 2367 aut

167 2414 312 2468 unita
342 2423 632 2479 consensu;
659 2412 737 2467 sic
759 2411 904 2467 enim
933 2409 1019 2465 hic
1047 2411 1195 2465 locus
1224 2407 1594 2465 emendandus
1623 2406 1774 2462 vide-

165 2515 258 2562 tur
285 2523 298 2560 :
327 2505 416 2560 sed
457 2506 512 2560 in
552 2504 860 2576 profectione
892 2503 1027 2575 regis
1054 2501 1316 2557 stecularis
1345 2501 1564 2572 pendere
1607 2498 1770 2566 dicit,

165 2601 368 2672 quippe
413 2598 504 2668 qui
530 2640 546 2665 ,
592 2607 652 2654 ut
694 2596 972 2652 Athanasii
1013 2595 1195 2652 verbis
1227 2605 1368 2662 utar,
1406 2613 1426 2646 s
1480 2607 1608 2649 suas
1648 2595 1774 2664 spes

166 2690 316 2748 humi
344 2699 400 2748 et
423 2681 636 2747 inferne
659 2689 958 2755 haberent,
1003 2688 1055 2743 iu
1087 2689 1303 2743 Caesare
1332 2687 1585 2742 nimirum
1633 2696 1687 2740 et
1719 2687 1771 2739 in

161 2789 285 2854 ejus
324 2782 612 2848 eunuchis,
654 2800 673 2835 ι
727 2792 846 2854 post
878 2781 990 2837 Osii
1037 2790 1222 2837 tamen
1262 2778 1770 2852 praevaricationem

165 2887 331 2948 atque
361 2875 526 2932 etiam
573 2874 921 2932 Ariminense
968 2874 1256 2930 concilium
1307 2873 1508 2944 scripta
1557 2881 1660 2928 est.
1715 2872 1772 2926 ln

162 2985 272 3043 qua
316 2979 495 3026 tamen
533 2968 912 3025 observatione
945 2967 1165 3038 dignum
1197 2973 1281 3022 est
1319 2977 1626 3021 sermonem
1674 2964 1767 3018 ha-

163 3066 282 3122 beri
328 3065 395 3120 de
425 3064 554 3120 Osio
595 3063 738 3119 velut
769 3062 944 3118 adhuc
969 3065 1215 3126 vivente,
1246 3069 1300 3117 et
1325 3061 1411 3116 cui
1455 3076 1557 3115 non
1603 3058 1775 3114 multo

165 3170 298 3214 ante
327 3143 664 3227 pro'Arianis
693 3156 893 3227 aliquid
935 3155 1177 3210 molienti
1210 3152 1504 3225 Gregorius
1532 3153 1775 3206 animose

1876 548 1961 595 est
2004 538 2200 611 regula:
2248 538 2370 596 fidei
2416 556 2537 594 cum
2581 539 2904 594 Consulibus
2934 538 3130 606 editae,
3178 554 3298 608 (nne
3337 533 3488 592 Patri

1876 633 2092 688 similem
2144 649 2234 704 per
2260 635 2432 688 omnia
2474 631 2669 688 Filium
2709 634 2946 698 dicebat,
2983 641 3040 688 et
3077 631 3223 687 velut
3263 647 3326 687 ex
3367 629 3488 686 dia-

1878 736 2051 782 metro
2079 726 2325 797 opposita
2369 725 2685 782 Sirmiensis
2728 726 2944 783 concilii
2977 724 3211 781 infidelis
3242 721 3396 792 ﬁdei,
3428 731 3490 780 ut

1878 823 1995 873 eam
2047 828 2203 874 vocat
2252 828 2436 876 noster
2487 817 2722 876 Hilarius
2770 820 2883 892 (lib.
2933 818 2998 874 de
3045 818 3273 891 Synod.,
3306 835 3358 872 ιι.
3403 816 3484 888 2),

1878 909 2140 976 impietati
2188 927 2306 982 qua:
2357 907 2568 968 Patrem
2619 913 2848 977 honore,
2882 912 3172 986 dignitate,
3229 911 3485 978 claritate,

1877 1007 2146 1078 majestate
2173 1003 2313 1061 Filio
2342 1007 2605 1076 majorem
2633 1005 2951 1064 definiebat.

1946 1091 2040 1150 21.
2081 1095 2214 1163 Quae
2256 1099 2500 1168 sequitur
2543 1095 2885 1154 Sardicensis
2912 1097 3133 1154 concilii
3172 1097 3238 1152 ad
3271 1095 3484 1167 Grego-

1878 1188 2016 1245 rium
2045 1193 2360 1261 episcopum
2389 1191 2737 1248 Alexandria:
2764 1188 3097 1261 caeterosqu'e
3120 1189 3346 1260 epistola
3378 1186 3478 1259 (b),

1888 1283 2315 1352 proceedenlibus
2341 1285 2509 1340 multo
2543 1286 2691 1356 prior
2718 1293 2823 1351 est,
2850 1294 2902 1340 et
2929 1292 3248 1356 argumento
3273 1282 3486 1353 penitus

1877 1376 2112 1434 diversa.
2136 1373 2391 1435 Continet
2411 1379 2552 1434 enim
2577 1379 2859 1435 decretum
2892 1378 3231 1436 Sardicensis
3269 1376 3487 1434 concilii

1879 1471 2099 1527 nomine
2126 1472 2194 1526 ab
2222 1472 2436 1528 Arianis
2464 1472 2753 1529 confictum
2775 1514 2790 1540 ,
2825 1472 2979 1543 cujus
3006 1467 3262 1528 Socrates
3291 1469 3486 1524 menti-

1879 1566 1977 1629 nit,
2002 1561 2338 1623 Sozomenus
2362 1565 2521 1622 etiam
2546 1582 2659 1623 sua:
2691 1563 2940 1623 Historia)
2963 1581 3228 1621 summam
3261 1564 3489 1620 intexuit

1878 1657 2056 1732 (Socr.
2102 1659 2194 1714 lib.
2240 1676 2298 1726 ιι,
2345 1657 2454 1724 ‘20;
2492 1661 2614 1715 Soz.
2667 1659 2758 1714 lib.
2792 1676 2869 1724 ιιι,
2906 1651 3019 1727 Η),
3065 1659 3312 1714 ultimum
3354 1670 3487 1713 sane
3557 1663 3570 1669 '

1876 1753 2149 1811 hazretieae
2172 1753 2496 1810 temeritatis
2518 1771 2579 1809 ac
2602 1753 2843 1809 audacize
2866 1752 3197 1820 exemplum.
3225 1749 3303 1806 Illi
3331 1765 3486 1805 nam-

1803 1837 1852 1899 B
1877 1863 1984 1920 que
2013 1864 2071 1904 se
2111 1849 2355 1920 patribus
2397 1863 2540 1903 anno
2592 1846 2789 1904 Christi
2835 1837 2941 1904 348
2984 1843 3222 1901 Sardicte
3251 1858 3487 1915 congre-

1877 1923 2013 2014 gatis
2055 1951 2109 1997 ut
2149 1942 2405 1998 sisterent
2447 1949 2715 2012 praesente
2748 1939 3076 2006 Athanasio,
3108 1953 3266 2010 quem
3314 1937 3487 2008 impu-

1877 2035 2072 2090 denter
2115 2033 2252 2090 adeo
2298 2031 2570 2089 criminati
2615 2032 3038 2100 calumniatique
3082 2030 3314 2096 fuerant,
3355 2029 3487 2084 satis

1880 2128 2087 2184 firmam
2141 2119 2524 2185 fronteut.non
2574 2126 2866 2196 habentes,
2919 2122 3319 2196 Philippopoli,
3364 2137 3486 2194 quae

1879 2219 2125 2278 Thraciae
2167 2219 2250 2277 est
2297 2221 2455 2285 urbs,
2488 2220 2692 2287 coacti,
2747 2221 2849 2275 hoc
2894 2217 3039 2289 quod
3083 2219 3135 2272 in
3187 2219 3345 2272 manu
3401 2222 3488 2269 eat

1876 2314 2180 2383 decretum,
2211 2315 2313 2369 sub
2343 2314 2561 2370 nomine
2585 2323 2798 2385 patrum
2827 2311 3066 2370 Sardica:
3096 2311 3476 2378 collectorum,

1893 2425 2124 2480 quorum
2172 2409 2309 2465 fama
2353 2409 2463 2481 jam
2510 2425 2611 2481 per
2654 2408 2888 2480 populos
2935 2413 3220 2480 perVagafa
3277 2407 3484 2478 fuerat,

1877 2504 2168 2560 commenti
2213 2510 2341 2558 sunt
2381 2521 2394 2558 :
2437 2518 2546 2576 quo
2576 2519 2680 2559 non
2723 2503 2898 2559 solum
2941 2502 3294 2559 Athanasium
3339 2503 3489 2560 velut

1889 2597 2132 2667 gravium
2175 2597 2442 2654 scelerum
2491 2597 2800 2653 convictum
2844 2595 3246 2668 deposuerunt,
3299 2612 3486 2652 verum

1878 2691 2042 2745 etiam
2086 2683 2287 2745 Julium
2326 2690 2387 2746 P.
2432 2689 2497 2746 Β.
2531 2689 2716 2747 Οεὶιιιῐι
2739 2731 2753 2754 ,
2790 2687 3146 2760 Protogenem
3170 2732 3184 2753 ,
3230 2688 3486 2747 Gauden-

1881 2785 2048 2850 tium,
2092 2793 2147 2840 ει
2197 2781 2579 2850 Maximinum,
2628 2781 2750 2840 fidei
2795 2781 3026 2839 Nicaeum
3073 2783 3366 2850 columina,
3420 2783 3490 2840 de

1878 2877 2047 2948 gradu
2073 2879 2566 2950 eonnnunioneque
2593 2877 2962 2933 ecclesiastica
3011 2873 3249 2932 dimotos
3270 2875 3485 2945 judica-

1879 2981 2026 3027 runt.
2059 2970 2167 3028 Nec
2206 2972 2446 3027 contenti
2478 2970 2529 3027 in
2571 2974 2749 3026 tantos
2779 2971 2925 3026 viros
2966 2969 3150 3041 injurii
3180 2968 3485 3033 exstitisse,

1879 3066 1983 3120 nisi
2024 3063 2221 3132 etiam,
2255 3073 2315 3120 ut
2341 3080 2461 3121 cum
2494 3061 2764 3135 Propheta
2811 3063 3010 3135 loquar
3042 3059 3196 3135 (Esai
3238 3078 3331 3128 vlt,
3367 3060 3484 3133 15),

1881 3159 2094 3216 molesti
2139 3159 2324 3215 essent
2365 3168 2420 3214 et
2461 3151 2572 3214 Deo
2617 3165 2827 3222 nostro,
2874 3157 3051 3227 ipsum
3091 3153 3370 3211 Christum
3419 3155 3488 3210 de

161 3255 226 3308 et
249 3223 515 3319 intrepide
547 3223 824 3306 restiterit.
865 3247 1019 3317 Quod
1052 3251 1096 3303 si
1135 3255 1252 3312 est,
1295 3223 1361 3301 ad
1399 3261 1599 3299 annum
1627 3242 1773 3299 Con-

1883 3249 2058 3307 Patris
2105 3249 2317 3316 dextra,
2371 3249 2423 3305 id
2469 3259 2582 3317 est,
2629 3257 2720 3314 τῆς
2760 3247 3043 3324 ὁμοονσίας
3085 3249 3171 3304 καὶ
3217 3246 3488 3322 ὁμοτιμίας

161 3343 352 3400 stantii
384 3353 533 3410 xxiv,
587 3342 675 3413 qui
707 3340 906 3396 Christi
938 3341 988 3395 lx
1018 3351 1100 3396 est
1144 3349 1264 3411 post
1296 3336 1734 3394 trecentesimum
1756 3379 1771 3400 ,

165 3438 356 3492 Osium
407 3435 723 3505 pervenisse
777 3447 1000 3489 necesse
1045 3438 1164 3500 est,
1215 3446 1322 3502 quo
1367 3443 1510 3485 anno
1559 3430 1776 3485 missam

167 3531 311 3585 hanc
349 3526 631 3598 epistolam
675 3527 960 3597 ipsumque
1001 3522 1186 3581 Osium
1229 3523 1390 3594 paulo
1417 3532 1538 3594 post
1582 3538 1613 3579 e
1641 3522 1778 3578 vivis

167 3621 446 3678 sublatum
484 3621 724 3691 oportuit
756 3639 770 3675 ε
799 3618 1014 3690 quando
1051 3617 1266 3689 quidem
1292 3617 1621 3673 Athanasius
1650 3631 1776 3672 ora-

167 3717 324 3770 tione
350 3713 519 3785 prima
544 3721 732 3768 contra
757 3712 989 3768 Arianos
1011 3725 1151 3766 anno
1178 3721 1294 3781 p031
1317 3709 1590 3766 Nictenam
1615 3723 1779 3783 syno-

167 3809 301 3863 dum
333 3807 608 3878 trigesimo
634 3814 808 3870 sexto,
836 3803 888 3860 id
916 3815 998 3861 est
1027 3817 1169 3859 anno
1194 3803 1395 3860 Christi
1428 3805 1528 3860 561
1570 3803 1776 3870 habita,

169 3900 287 3955 ()sii
318 3911 377 3953 ut
403 3899 509 3953 vita
553 3898 718 3953 functi
747 3897 1020 3952 meminit.
1046 3897 1180 3952 Hinc
1207 3895 1437 3952 fortasse
1467 3897 1780 3952 Marcellino

164 3992 494 4062 eaeterisque
522 3990 877 4047 Luciferianis
918 3989 1094 4047 oblata
1124 3989 1338 4045 occasio
1366 3987 1686 4062 (Marcellin.
1733 3997 1780 4043 et

167 4087 421 4143 Faustin.
456 4084 544 4140 lib.
571 4085 640 4140 ad
660 4083 935 4157 imperat.)
965 4085 1047 4154 (nt
1076 4097 1193 4139 mos
1221 4090 1306 4138 est
1334 4082 1631 4147 haereticis,
1660 4097 1780 4152 qua:

165 4197 274 4238 suo
307 4179 420 4236 fato
465 4180 719 4236 accidunt
751 4177 1163 4250 interpolando,
1197 4177 1484 4249 verbisque
1523 4177 1576 4232 in
1609 4177 1782 4246 majus

172 4274 453 4343 tollendo,
487 4276 612 4347 quia
639 4276 782 4331 veris
828 4275 1214 4340 destituuntur,
1261 4272 1314 4328 in
1357 4272 1477 4328 ficta
1522 4272 1782 4328 miracula

169 4366 442 4441 trahere),
489 4367 776 4424 horrenda:
824 4367 972 4424 illius
1017 4365 1291 4437 tragtedite
1330 4368 1398 4423 de
1443 4367 1560 4436 ejus
1606 4376 1784 4423 morte

169 4464 312 4520 diris
339 4463 581 4535 ejusdem
610 4462 858 4535 Gregorii
888 4463 1150 4520 accersita
1186 4462 1587 4535 confingendze;
1626 4461 1783 4532 cujus

169 4560 468 4616 falsitatem
501 4557 583 4613 vel
616 4557 704 4612 hic
748 4573 885 4613 unus
929 4557 1080 4612 locus
1117 4555 1339 4627 detegit.
1372 4551 1502 4609 Nam
1549 4555 1593 4611 si
1627 4555 1676 4609 iu
1714 4570 1778 4611 ea

1880 3344 2072 3418 gradu,
2102 3361 2240 3400 nova
2288 3344 2411 3400 fidei
2459 3341 2688 3400 formula
2714 3343 3021 3414 e0uscripta
3042 3386 3057 3410 ,
3091 3340 3144 3397 in
3171 3357 3274 3413 qua
3307 3343 3487 3404 οὐσίας

1881 3445 1962 3496 καὶ
1999 3439 2277 3514 ὁμοουσίου
2309 3455 2470 3496 voces
2509 3438 3014 3510 praetermiserunt,
3047 3433 3339 3493 deturbare
3382 3433 3487 3490 nisi

1881 3541 2030 3589 sunt.

1953 3625 2047 3682 22⁷.
2091 3615 2283 3683 Mirum
2320 3635 2496 3680 tamen
2527 3636 2641 3694 est,
2674 3624 2757 3681 vel
2795 3633 3040 3688 nostrum
3074 3611 3336 3678 Hilarium
3368 3636 3486 3675 eam

1883 3719 2054 3790 ipsam
2101 3721 2222 3776 fidei
2263 3719 2504 3790 regulam
2548 3734 2646 3790 pro
2689 3715 2933 3789 legitima
2955 3715 3029 3791 (c)
3061 3716 3264 3788 synodi
3301 3715 3488 3770 Sardi-

1884 3815 2061 3868 censis
2091 3829 2190 3868 suo
2230 3813 2381 3884 operi
2409 3813 2479 3869 de
2506 3801 2741 3885 Synodis
2768 3812 3064 3868 inseruisse
3084 3854 3098 3878 ,
3129 3827 3191 3866 ac
3224 3807 3369 3866 velut
3395 3826 3489 3865 ca-

1884 3903 2140 3960 tholicam
2168 3905 2508 3975 exposuisse,
2567 3904 2650 3960 vel
2684 3909 2858 3975 ipsum
2895 3899 3249 3960 Athanasium
3284 3903 3339 3958 in
3372 3902 3490 3974 epi-

1885 3995 2019 4049 Sloln
2053 3996 2120 4050 de
2153 3996 2480 4051 Ariminensi
2500 4005 2554 4051 et
2585 3995 2848 4054 Seleuciae
2869 3997 3116 4068 synodis,
3148 4005 3201 4052 et
3220 4006 3339 4066 post
3362 3994 3485 4051 eum

1885 4087 2164 4145 Socratem
2205 4105 2397 4145 novem
2426 4101 2480 4146 et
2504 4089 2684 4147 verbis
2705 4098 2760 4146 et
2796 4105 2958 4146 sensu
2997 4072 3229 4146 diversis
3260 4090 3490 4146 Ariano-

1885 4199 2005 4239 rum
2031 4184 2314 4240 recensitis
2333 4183 2603 4250 formulis,
2621 4184 2760 4240 hanc
2780 4185 3042 4243 decimam
3064 4191 3169 4240 non
3192 4183 3484 4241 addidisse.

1885 4276 2031 4333 Idem
2048 4278 2191 4333 enim
2212 4278 2326 4349 ipse
2342 4277 2672 4334 Athanasius
2689 4277 2859 4351 (epist.
2884 4277 2953 4332 ad
2973 4277 3309 4350 Antioch.,jp.
3331 4275 3484 4350 576),

1886 4385 1994 4426 non
2037 4387 2142 4426 uno
2167 4371 2285 4427 loco
2313 4371 2467 4429 testis
2493 4382 2576 4428 εει
2605 4371 3094 4443 locupletissimus,
3123 4372 3285 4428 certis
3316 4363 3490 4426 horni-

1887 4465 2046 4521 nibus
2073 4465 2330 4522 nonnulla
2363 4465 2518 4539 quasi
2547 4483 2665 4537 qua:
2694 4465 2950 4523 deessent
2976 4460 3210 4522 Nicaeum
3242 4464 3488 4522 formula:

1839 4621 1842 4624 ,
1886 4557 2196 4616 adscribere
2240 4558 2569 4627 volentibus,
2621 4559 2972 4616 Sardicenses
3014 4543 3200 4630 patres
3244 4571 3304 4615 se
3354 4575 3487 4615 con-

166 4651 527 4710 contentione
554 4648 717 4707 Osius
745 4651 880 4706 adeo
926 4651 1122 4706 misere
1151 4650 1385 4705 animam
1419 4648 1742 4719 projecisset
1765 4690 1779 4714 ,
1808 4629 1864 4693 Ῑ)
1888 4657 2068 4705 tentes
2096 4647 2311 4706 Nicacna
2336 4650 2440 4707 fide
2469 4653 2836 4722 respondisse,
2862 4629 3190 4721 decrethue
3220 4651 3488 4719 sanxisse,

170 4755 289 4801 tam
333 4743 637 4800 mirandum
679 4743 1154 4815 miserandumque
1199 4742 1552 4797 maximi-viri
1599 4741 1783 4796 interi-

170 4849 293 4894 tum
319 4880 334 4905 ,
363 4844 587 4907 tamque
635 4846 959 4907 praesentem
1009 4835 1179 4892 divini
1227 4835 1461 4890 numinis
1493 4833 1783 4890 vindictam

169 4929 325 4986 Itaud
359 4931 430 4985 ita
461 4929 568 4986 levi
609 4928 746 5000 pede
775 4928 1039 4986 Eusebius
1081 4929 1134 4983 in
1167 4927 1268 4984 bac
1305 4926 1545 4999 Epistola
1575 4934 1787 4984 transe-

171 5023 372 5096 gisset.

247 5117 347 5172 20'.
388 5113 700 5171 Formttlam
745 5115 920 5189 (nunc
965 5112 1128 5186 Frag.
1173 5111 1310 5184 xm)
1355 5123 1531 5170 autem
1576 5115 1699 5171 fidei
1749 5129 1781 5172 a

164 5209 462 5268 Germinio
500 5216 842 5279 conceptam,
873 5221 992 5279 quae
1037 5210 1286 5278 proxime
1320 5206 1460 5263 hanc
1497 5207 1782 5278 epistolam

163 5305 450 5376 sequitur,
483 5303 654 5358 multo
696 5301 1050 5373 posteriorem
1095 5315 1217 5357 esse
1261 5309 1326 5356 ea
1353 5299 1579 5382 epistola
1612 5313 1678 5356 ex
1716 5299 1782 5357 iis

165 5415 301 5470 qua:
332 5395 773 5469 supra‘diximus,
797 5409 918 5452 cum
941 5395 1010 5452 de
1033 5395 1260 5466 epistola
1286 5393 1548 5461 Valentis,
1576 5393 1785 5451 Ursacii

163 5496 521 5565 aliorumque
568 5491 635 5547 ad
675 5491 1009 5548 Germlnium
1058 5490 1454 5559 disseruimus,
1504 5503 1625 5562 qua:
1656 5489 1786 5547 huic

163 5600 403 5642 causam
454 5582 604 5640 dedit
649 5583 759 5656 (aut
804 5584 976 5655 potius
1021 5600 1230 5644 causam
1273 5583 1337 5638 ab
1386 5583 1484 5637 hac
1536 5581 1784 5656 accepit),

276 5729 339 5794 a)
381 5727 692 5799 Fragmenti
718 5743 771 5784 xl
797 5742 923 5799 pars
947 5725 1207 5796 secunda,
1236 5725 1452 5798 quando
1481 5725 1701 5799 sc_ripta.

276 5729 339 5794 a)
381 5728 692 5799 Fragmenti
718 5743 771 5784 xl
797 5742 923 5799 pars
947 5728 1207 5796 secunda,
1236 5728 1452 5798 quando
1481 5728 1701 5796 scripta.

249 5728 337 5945 Eb;
358 5799 1209 5894 Pseudo-Sardicensisoepistola,
1227 5813 1350 5882 quae
1366 5813 1506 5853 nunc
1522 5795 1686 5882 li‘rag.‘
1698 5811 1780 5853 ιιι.

279 5889 311 5926 ο
376 5873 434 5930 St
457 5886 557 5945 pro
577 5873 813 5945 legitima
836 5870 1196 5930 habita-abeo
1218 5868 1499 5928 fulsset‘an
1525 5875 1780 5942 inscripta

279 5868 336 5944 c)
376 5873 434 5930 Si
457 5886 557 5947 pro
577 5873 813 5945 legitima
836 5868 1202 5930 habitaab-co‘
1218 5868 1499 5928 fuisset‘an
1525 5868 1797 5942 inscripta

1889 4755 1958 4799 ne
1989 4745 2115 4814 quid
2141 4746 2364 4801 ulterius
2385 4746 2755 4803 scriberetur:
2787 4764 2806 4798 ι
2842 4744 2921 4801 Νε
2949 4745 3079 4813 illis,
3104 4744 3299 4817 quibus
3323 4746 3492 4804 libido

1889 4846 2005 4894 erat
2034 4845 2248 4910 semper
2277 4854 2414 4894 nova
2441 4846 2714 4904 statuere,
2750 4839 2969 4895 occasio
2999 4837 3265 4911 ejusmodi
3294 4851 3492 4910 suppe-

1891 4942 2049 5000 teret,
2079 4942 2135 4989 ut
2157 4935 2348 4989 iterum
2372 4944 2532 5004 atque
2549 4934 2744 4990 iterum
2768 4939 2904 4990 nova
2928 4934 2994 4990 de
3017 4933 3123 4991 ﬁde
3145 4931 3484 4991 delinirent.»

1891 5027 2010 5094 Quo
2053 5037 2200 5084 certe
2227 5028 2493 5084 manifesti
2519 5029 2722 5085 erroris
2761 5029 3098 5087 convincitur
3134 5029 3487 5099 Sozomenus,

1890 5134 2012 5175 cum
2045 5119 2234 5175 serihit
2263 5117 2400 5194 (Lib.
2431 5134 2510 5184 Ill,
2534 5136 2651 5192 cap.
2684 5121 2799 5190 12),
2829 5121 3124 5179 catholicos
3157 5127 3335 5193 patres
3362 5109 3491 5179 Sar-

1890 5209 2026 5268 dicte
2075 5210 2198 5268 fidei
2249 5209 2532 5269 formulam
2581 5215 2856 5281 edidisse,
2909 5227 3071 5273 sensit
3095 5215 3312 5289 quidem
3365 5223 3488 5274 cum

1891 5305 2105 5362 Nicaena
2136 5307 2404 5374 eamdem,
2437 5309 2679 5379 pluribus
2713 5321 2888 5366 tamen
2914 5311 3097 5367 verbis
3124 5315 3490 5384 conceptam:

1891 5399 2046 5469 cujus
2069 5401 2284 5456 nomine
2309 5399 2467 5457 Osius
2490 5411 2544 5458 et
2572 5402 2905 5474 Protogenes
2926 5405 3068 5474 apud
3090 5401 3309 5461 Iulium.
3339 5407 3398 5463 P.
3422 5405 3490 5463 Β.

1893 5504 2012 5548 sese
2040 5495 2370 5550 excusarint.
2414 5495 2580 5552 Plane
2617 5496 2828 5551 videtur
2857 5501 3041 5554 noster
3069 5483 3304 5556 Hilurios
3341 5501 3394 5558 in
3426 5517 3493 5559 eo

1894 5585 1961 5642 de
1990 5587 2226 5660 Synodis
2262 5589 2401 5646 libro
2423 5632 2438 5658 ,
2469 5594 2574 5646 non
2602 5591 2776 5647 solum
2811 5587 3039 5649 formula
3072 5583 3495 5667 pseudo-Sardi-

1886 5737 2051 5794 esset,
2113 5728 2270 5785 Fides
2297 5729 2579 5806 secundum
2604 5729 3190 5806 ‘Orien‘tisHSynodum?
3219 5735 3381 5794 Aliud
3409 5745 3498 5794 est

1888 5809 2068 5860 autem
2115 5816 2427 5871 excusasse,
2473 5801 2618 5859 aliud
2670 5801 2997 5862 catholicam
3041 5822 3164 5866 eam
3188 5810 3490 5869 censuisse.
