4066 6424
564 305 672 365 905
1477 293 1544 355 IN
1572 289 2002 354 FRAGMENTA
2033 280 2280 348 SANCTI
2312 281 2569 342 lilLABII
2608 278 2914 339 EPISCOPI
3759 270 3854 328 90$
3904 302 3906 304 τ

569 423 742 492 censi,
767 419 860 476 sed
884 433 981 478 nec
1004 417 1336 476 Antiochena
1361 417 1412 474 in
1439 417 1733 482 Encreniis,
1761 428 1859 471 nec
1881 409 2157 469 Sirmiensi
2187 402 2243 465 Α
2269 405 2436 460 titatis
2508 401 2817 474 apostolicae
2893 412 2958 455 ac
3026 391 3384 452 confessionis
3455 389 3522 445 ab
3580 386 3859 444 Athanasio

570 528 758 575 contra
805 516 1129 579 Photinum,
1180 529 1314 586 quas
1337 523 1447 571 tres
1490 511 1809 570 Semiariani
1861 509 1913 563 in
1947 505 2168 578 Synodo
2270 502 2320 555 ci
2377 501 2430 554 in
2480 499 2740 580 Oratione
2794 495 2965 566 prima
3019 500 3208 547 contra
3257 486 3486 542 Arianos
3545 483 3858 553 perhibitum

573 610 926 682 Anquiritana
956 576 1629 678 maxime-probaruntjta
1664 602 1884 658 minime
1911 576 2167 662 offensus,
2274 592 2430 666 (Pag.
2486 576 2657 661 29f),
2705 606 2736 646 a
2791 587 3106 644 doctissimo
3161 584 3459 652 interprete
3507 589 3689 634 tamen
3737 577 3863 633 vitio

574 715 634 762 ut
659 721 754 763 eas
783 706 864 776 (a)
890 696 1226 776 exposuerit,
1259 712 1313 758 et
1339 701 1423 757 liis
1450 700 1629 757 verbis
1656 712 1915 754 excusare
1944 702 2171 751 conatus
2274 689 2474 746 codicis
2502 685 2677 744 Graeci
2723 701 2830 757 quo
2861 698 2989 739 usus
3019 691 3122 746 est,
3154 687 3467 746 corruptum
3498 673 3859 728 reSIituamus.

574 800 691 855 sit:
731 817 749 852 ‹
785 768 929 853 Nihil
955 768 1148 852 mirum
1171 838 1186 863 ,
1212 768 1246 847 “›
1279 796 1348 850 ait
1384 793 1522 867 (Lib.
1551 794 1614 848 de
1645 790 1845 863 Synod.
1877 804 2020 844 num.
2055 786 2170 853 οδ),
2277 781 2552 855 Siquidem
2584 796 2688 851 quo
2741 779 2862 834 loco
2891 779 2942 830 in
2971 791 3034 832 ea
3057 774 3313 831 Oratione
3339 768 3641 823 catholicos
3668 774 3862 830 mom-t,

583 913 603 947 ι
630 895 784 949 vobis
809 891 978 949 videri
1002 862 1183 954 debet,
1211 862 1752 960 fratrescharissimi,
1776 884 1916 956 quod
1940 894 2045 936 tam
2070 879 2176 935 frc-
2276 890 2336 934 ut
2363 877 2621 933 formulas
2658 873 2778 929 fidei
2806 870 3012 928 Ursacii
3035 912 3052 937 ,
3082 869 3344 937 Valentis,
3379 865 3712 934 Demophili,
3745 862 3869 919 Ger-

575 999 804 1065 quentcr
835 988 1032 1059 esponi
1073 987 1206 1042 fides
1227 997 1420 1056 coeptae
1438 991 1594 1046 sunt;
1620 978 2000 1035 necessitatem
2035 975 2176 1028 hanc

579 1085 728 1142 furor
743 1080 1292 1152 lneretiensimponit,
1316 1098 1334 1132 ι
1368 1085 1423 1132 et
1445 1075 1606 1147 paulo
1635 1070 1962 1145 p0st(lbid.)
1993 1087 2046 1122 ει
2069 1065 2177 1124 Sed

580 1178 874 1236 necessitas
921 1171 1367 1233 consuetudinem
1421 1169 1603 1224 intulit
1647 1165 1847 1235 exponi
1903 1163 2075 1225 fides,
2125 1167 2180 1215 et

577 1272 837 1343 expositis
859 1269 1146 1325 subscribi.
1167 1266 1268 1323 Ubi
1292 1263 1434 1320 enim
1457 1275 1652 1318 sensus
1673 1255 2018 1314 conscientia?
2036 1251 2183 1326 peri-

579 1365 818 1428 clitatur,
867 1362 979 1417 illic
1014 1359 1192 1416 littera
1224 1355 1525 1427 postulatur
1557 1372 1571 1407 :
1605 1366 1705 1408 nec
1733 1365 1864 1406 sane
1892 1346 2053 1404 scribi
2085 1345 2184 1400 im-

582 1457 751 1530 pedit,
799 1455 940 1523 quod
988 1453 1223 1508 salutare
1266 1457 1351 1505 est
1388 1445 1654 1504 conﬁteri.
1705 1463 1725 1496 ι
1762 1442 1956 1498 Postea
2005 1449 2184 1494 tamen

583 1548 915 1621 experientia
939 1546 1130 1602 doctus
1153 1559 1259 1599 non
1284 1543 1457 1598 solum
1470 1537 1812 1596 Camarinam
1837 1550 1942 1590 non
1967 1547 2187 1589 moven-

585 1642 740 1709 dam,
792 1650 849 1697 ut
880 1641 933 1695 in
965 1637 1248 1710 proverbio
1287 1644 1397 1701 est,
1443 1633 1538 1688 sed
1583 1631 1753 1686 multo
1785 1629 1962 1684 minus
2007 1641 2127 1697 qua:
2155 1639 2186 1679 a

585 1736 836 1793 Patribus
857 1740 1219 1790 rectestatuta
1246 1738 1394 1797 sunt,
1427 1728 1537 1782 ullo
1564 1727 1743 1796 aliquo
1767 1730 2028 1795 praetextu
2056 1735 2188 1776 con-

2279 973 2470 1039 tninii,
2523 981 2954 1035 eteterorttmque
3003 965 3120 1034 ejus
3177 963 3364 1018 farina!
3418 960 3698 1016 hominum
3756 957 3870 1012 licet

2280 1069 2462 1125 verbis
2505 1082 2570 1124 ex
2601 1081 2753 1122 sacra
2784 1065 3062 1133 Scriptura
3093 1058 3389 1128 desumptis
3415 1058 3670 1129 scriptas,
3714 1053 3872 1110 nihilo

2281 1162 2452 1232 magis
2481 1169 2660 1215 tamen
2689 1155 2978 1213 admittant
3002 1195 3017 1221 ,
3049 1169 3208 1225 quam
3235 1152 3482 1208 Christus
3508 1149 3784 1204 diabolum
3813 1162 3871 1202 cx

2283 1256 2472 1311 iisdem
2495 1251 2790 1322 Scripturis
2815 1252 3144 1320 loquentem,
3167 1247 3289 1314 quia
3316 1245 3598 1312 impiorum
3624 1256 3873 1297 sermones

2284 1347 2448 1402 dolosi
2478 1354 2640 1400 sunt:
2663 1342 2864 1397 lumina
2894 1340 3139 1404 ecclesiae
3165 1338 3248 1392 sui
3277 1335 3457 1391 saeculi
3487 1347 3801 1398 recensens,
3827 1341 3876 1387 et

2285 1441 2616 1514 apostolicos
2641 1439 2786 1494 viros
2813 1437 2866 1492 in
2894 1450 3122 1508 quorum
3153 1431 3368 1502 scriptis
3395 1430 3530 1485 nihil
3560 1428 3686 1483 mali
3713 1426 3877 1495 suSpi-

2287 1539 2398 1594 cari
2429 1537 2589 1600 licet,
2613 1533 2728 1588 hzec
2753 1532 2916 1588 verba
2948 1530 3112 1586 latina
3141 1527 3320 1582 versio
3347 1524 3572 1582 exhibet
3604 1541 3617 1576 :
3648 1523 3724 1578 rel
3756 1521 3879 1592 Lupi

2289 1643 2334 1688 et
2363 1630 2589 1702 Appiani
2627 1627 2854 1694 Ciliciae,
2902 1625 3124 1682 Grircus
3163 1622 3334 1678 codex
3384 1619 3781 1689 manuscriptus
3813 1618 3880 1674 sic

2293 1725 2459 1797 legit,
2508 1725 2542 1784 ii
2589 1725 2797 1780 Λούπου
2849 1723 2936 1776 καὶ
2964 1719 3239 1794 ’Δμφίωνος
3293 1723 3384 1773 τοῦ
3443 1713 3758 1788 ὁμολογητοῦ
3810 1714 3881 1766 καὶ

586 1825 830 1884 vellenda
849 1867 864 1890 ,
893 1839 1160 1896 quamque
1183 1821 1544 1893 periculosum
1572 1833 1637 1874 ac
1667 1814 1977 1872 miserabile
2003 1821 2180 1876 esset,

2306 1818 2572 1875 ἕπισκὸπου
2607 1825 2699 1877 τῆς
2729 1815 2980 1878 Κιλικίας-ς
3009 1824 3295 1881 utrumque
3323 1809 3467 1865 enim
3494 1808 3814 1869 vocabatur,
3836 1813 3882 1858 et

591 1939 610 1974 ι
648 1920 891 1981 diversas
919 1917 1053 1974 fides
1084 1916 1316 1981 habere,
1346 1931 1465 1986 quae
1490 1913 1618 1968 dum
1647 1915 1832 1981 plures
1880 1911 2045 1976 fiunt,
2079 1927 2099 1962 ι
2131 1915 2188 1961 ut

587 2013 728 2071 idem
779 2014 894 2084 ipse
939 2012 1016 2066 ait
1055 2008 1191 2081 (Lib.
1235 2023 1273 2064 ιι
1308 2007 1376 2062 ad
1397 2005 1571 2062 Const.
1603 2022 1656 2060 ιι.
1688 2002 1798 2075 4),‹
1835 2002 1889 2057 id
1929 2001 2190 2072 incipiunt

587 2123 710 2165 esse
739 2121 809 2163 ne
856 2104 960 2160 ulla
1007 2103 1112 2170 sit;
1151 2120 1171 2155 ι
1205 2101 1260 2156 in
1309 2099 1447 2155 libro
1491 2097 1557 2154 ad
1587 2097 1966 2154 Constantium
1997 2107 2189 2149 omnes

589 2212 790 2276 praeter
828 2199 1100 2256 Niczenam
1127 2211 1238 2252 uno
1271 2195 1448 2266 elogio
1475 2191 1774 2250 damnavit.
1810 2209 1828 2242 ι
1867 2189 1999 2244 Nam
2027 2187 2188 2243 etiam

587 2294 636 2350 si
665 2297 779 2360 his,
811 2293 982 2363 inquit
1022 2288 1160 2363 (Lib.
1199 2290 1254 2342 in
1281 2285 1481 2350 Const.,
1509 2303 1561 2339 η.
1596 2283 1715 2352 24),
1761 2280 1897 2337 nihil
1939 2281 2190 2336 vitiosum

590 2390 874 2460 subjacere
917 2386 1251 2449 al'iirmetur,
1311 2397 1418 2438 non
1477 2391 1655 2436 tamen
1708 2392 1873 2434 causa
1923 2375 2194 2447 religiosa:

591 2482 886 2539 voluntatis
911 2479 1071 2545 inest,
1103 2479 1228 2546 quia
1254 2475 1381 2531 mali
1412 2471 1690 2529 meditatio
1717 2480 1821 2528 est.
1855 2489 1875 2524 ι

663 2575 755 2631 9.5.
802 2571 1052 2639 Qualibus
1093 2569 1347 2640 episcopis
1386 2567 1582 2621 directa
1630 2564 1847 2636 epistola
1886 2562 2193 2635 Philippop.

593 2666 798 2740 synodi.
831 2696 900 2708 —
928 2665 1099 2722 Porro
1129 2661 1329 2718 nemini
1358 2661 1578 2716 dubium
1609 2669 1689 2714 est
1710 2701 1724 2723 ,
1762 2658 2055 2729 prmelaros
2080 2655 2199 2710 illos

599 2776 754 2817 nova:
787 2759 909 2817 fidei
950 2758 1341 2815 architectores
1375 2753 1688 2828 synodicam
1736 2751 1875 2808 hanc
1913 2749 2198 2822 epistolam

603 2857 670 2915 iis
731 2857 967 2930 maxime
1033 2851 1374 2923 inscripsisse
1423 2849 1734 2920 episcopis,
1784 2845 1981 2917 quibus
2044 2843 2201 2900 facile

602 2951 904 3023 imponere,
947 2948 1035 3004 vel
1077 2944 1344 3018 ejusmodi
1387 2944 1742 3014 imposmram
1783 2956 1890 2997 non
1936 2940 2200 3010 ingratam

602 3044 717 3101 fore
764 3041 1080 3114 sperabant.
1135 3038 1282 3094 Inter
1334 3050 1470 3107 quos
1519 3035 1727 3106 Optimo
1771 3032 1894 3103 jure
1943 3030 2201 3086 familiam

603 3137 752 3193 ducit
777 3135 1070 3208 Gregorius
1107 3133 1198 3187 ille
1222 3129 1514 3201 Cappadox
1544 3125 1930 3185 Alexandrinae
1957 3123 2204 3180 ecclesiae

2288 1911 2530 1976 Cilicite,
2563 1917 2614 1964 et
2647 1909 2972 1963 Nicomediae
3004 1905 3312 1975 episcopus.
3339 1899 3452 1958 Nec
3484 1910 3569 1954 est
3601 1897 3744 1969 quod
3777 1897 3883 1965 quis

2290 2001 2618 2073 suspicetur,
2669 1999 2817 2053 illum
2848 2013 2876 2050 a
2917 2005 3062 2052 recta
3097 1994 3200 2050 ﬁde
3246 2002 3368 2064 post
3398 1993 3514 2047 haec
3559 1988 3880 2046 deﬂexisse:

2293 2114 2417 2154 nam
2445 2097 2499 2152 in
2530 2093 2800 2151 catholica
2831 2107 2961 2164 pace
2991 2104 3372 2163 perseverasse
3401 2091 3557 2142 testis
3583 2097 3665 2140 est
3707 2083 3885 2139 Eccle-

2293 2193 2414 2254 sia,
2461 2204 2582 2261 quae
2627 2186 2884 2251 natalem,
2915 2185 3032 2254 ejus
3083 2181 3221 2253 prid.
3268 2180 3345 2235 Id.
3396 2179 3586 2234 lunias
3632 2177 3882 2233 celebrat.

2295 2287 2474 2354 Quare
2505 2281 2784 2340 sceleratis
2812 2279 2930 2336 istis
2961 2278 3268 2334 immixtum
3295 2274 3570 2346 conjicere
3595 2281 3697 2338 est,
3727 2282 3785 2325 ut
3816 2270 3888 2324 vir

2296 2379 2516 2434 virtutis
2563 2374 2705 2430 fama
2748 2373 2979 2430 celebris
3019 2370 3158 2441 apud
3189 2383 3379 2424 omnes
3417 2378 3470 2422 et
3515 2367 3717 2430 clarus,
3753 2376 3889 2418 tene-

2298 2471 2580 2528 brionibus
2625 2469 2732 2524 illis
2777 2465 3078 2522 sanctitatis
3123 2463 3356 2536 aliquam
3381 2460 3690 2532 opinionem
3720 2457 3888 2514 conci-

2299 2567 2477 2623 liaret.

2371 2661 2466 2717 24.
2508 2657 2793 2732 Augustino
2837 2656 3152 2728 incomperta
3202 2648 3538 2706 Sardicensia
3579 2647 3805 2702 decreta.
3834 2674 3893 2686 -—

2305 2754 2494 2810 Mirum
2543 2762 2721 2826 tamen
2761 2760 2867 2812 est.
2913 2764 3033 2804 cum
3064 2747 3126 2802 Β.
3157 2745 3490 2814 Augustinus
3522 2741 3814 2798 Donatistis
3838 2754 3893 2794 ex

2305 2848 2409 2904 hoc
2460 2847 2682 2902 decreto
2727 2844 2903 2898 lucum
2952 2841 3154 2907 facere,
3204 2849 3260 2894 et
3305 2853 3365 2894 se
3407 2852 3506 2909 pro
3547 2834 3828 2892 catholicis
3869 2847 3893 2884 a

2310 2942 2617 3001 Sardicensi
2646 2938 2878 2996 concilio
2923 2937 3134 3007 agnitus
3165 2933 3394 3006 probare
3443 2930 3770 2994 nitentibus,
3804 2943 3895 2983 non

2307 3035 2440 3092 satis
2469 3033 2630 3103 hujus
2681 3029 2886 3086 fraudis
2930 3043 3133 3100 gnarus
3176 3037 3365 3082 contra
3410 3021 3766 3079 Cresconium
3805 3035 3896 3074 non

2307 3144 2419 3186 uno
2472 3128 2592 3183 loco
2637 3125 2872 3194 excipiat
2916 3122 3057 3195 (Lib.
3088 3136 3165 3184 nt,
3198 3137 3246 3174 ε.
3281 3117 3390 3184 54;
3421 3128 3470 3174 et
3497 3117 3586 3171 lib.
3616 3130 3690 3180 tv,
3722 3131 3772 3169 c.
3795 3113 3896 3183 ιι),

601 3228 822 3303 praedo,
875 3200 965 3299 qui
1007 3227 1164 3298 lohge
1211 3200 1339 3278 ante
1389 3232 1609 3292 prOpter
1652 3219 1903 3275 haeresim
1949 3217 2200 3272 Arianam

2314 3222 2531 3279 nomina
2552 3220 2848 3283 civitatum,
2875 3231 3101 3288 quarum
3128 3214 3364 3284 episcopi
3387 3210 3729 3274 dicebantur,
3749 3221 3898 3277 appo-

604 3322 864 3378 Ecclesia:
907 3318 1291 3376 communione
1333 3315 1637 3381 submouts,
1689 3310 1996 3369 Sardicensi
2041 3310 2203 3366 etiam

605 3416 837 3472 concilio
863 3431 930 3470 ne
959 3431 1056 3485 pro
1078 3413 1377 3470 christiano
1403 3409 1618 3479 quidem
1646 3407 1831 3463 haberi
1859 3408 2065 3478 jussus,
2099 3421 2206 3461 non

608 3509 780 3563 multo
803 3517 925 3578 post
943 3507 1012 3562 ab
1040 3505 1423 3562 Alexandrinis
1446 3503 1673 3556 tumultu
1700 3500 1943 3572 populari
1972 3499 2204 3568 occisus,

609 3601 1020 3657 convenientem
1045 3597 1322 3657 eﬁ‘rcnatze
1353 3612 1463 3651 sua:
1495 3593 1768 3651 violentia:
1797 3593 1957 3647 linem
1987 3590 2208 3647 sortitus

608 3705 693 3752 est
717 3691 904 3770 (Frag.
935 3709 994 3762 tl,
1028 3712 1084 3750 ιι.
1112 3691 1193 3765 8).
1223 3691 1334 3748 Nec
1360 3690 1532 3747 multo
1560 3691 1802 3745 Sanctior
1832 3688 2092 3755 Donatus,
2117 3685 2210 3757 qtti

606 3789 949 3862 Carthaginis
972 3789 1260 3860 episcopus
1282 3783 1608 3841 nominatur.
1644 3781 1739 3837 llle
1759 3781 1902 3836 enim
1926 3787 2011 3836 est
2039 3781 2212 3834 Dona-

609 3892 716 3953 tus,
734 3884 825 3953 qui
848 3883 1110 3954 Majorino
1131 3879 1454 3944 succedens,
1475 3874 1986 3946 perniciosissimam
2006 3880 2208 3930 sectam

608 3977 663 4035 in
710 3979 888 4035 Africa
939 3977 1033 4033 diu
1083 3976 1253 4032 altare
1277 3985 1466 4031 contra
1511 3971 1684 4030 altare
1737 3969 1832 4024 Dei
1883 3967 2213 4040 Carthagine

609 4074 825 4145 erigens
869 4072 1003 4127 aluit
1037 4086 1101 4128 ac
1132 4070 1265 4126 fovit
1297 4086 1312 4124 :
1347 4083 1521 4138 eoque
1560 4063 1829 4134 superbia:
1875 4077 1939 4118 ac
1982 4062 2214 4119 vesania:

609 4179 831 4224 evectus
857 4175 962 4236 est,
989 4174 1048 4221 ut
1076 4164 1243 4220 veluti
1274 4162 1645 4236 Pythagoreos
1676 4159 1824 4212 aiunt
1853 4170 1947 4226 per
1979 4172 2216 4228 praecep-

611 4270 784 4322 torem
813 4259 1002 4317 solitos
1031 4257 1235 4330 (Optat.
1270 4254 1360 4311 lib.
1386 4270 1468 4318 ιιι,
1486 4262 1624 4308 cont.
1662 4249 1955 4321 Parmam),
1989 4251 2061 4304 ita
2091 4263 2216 4305 suos

612 4371 712 4429 per
739 4371 800 4413 se
829 4357 1004 4427 ipsum
1031 4357 1216 4425 jurare
1241 4361 1513 4422 tamquam
1543 4363 1639 4419 per
1668 4346 1862 4411 Deunt,
1887 4342 2218 4415 eosdemque

614 4450 762 4520 ipsos
789 4464 849 4505 se
879 4449 1046 4519 partis
1078 4446 1270 4502 Donati
1305 4443 1393 4500 vel
1423 4439 1732 4497 Donatistas
1766 4451 1862 4508 pro
1891 4435 2217 4492 Christianis

618 4557 929 4615 nuncupare
1006 4539 1311 4611 permiserit
1379 4552 1442 4593 ac
1497 4537 1612 4605 ipse
1673 4530 1835 4587 etiam
1902 4529 2210 4586 nominarit.

617 4640 838 4714 Arianze
875 4637 1039 4693 etiam
1084 4633 1328 4706 Opinioni
1371 4637 1755 4701 congruentem
1805 4625 2000 4683 librum
2048 4625 2218 4695 scrip-

617 4731 756 4788 sisse
786 4729 938 4786 testis
979 4738 1062 4785 est
1110 4729 1467 4800 Hieronymus
1510 4722 1649 4799 (Lib.
1697 4724 1760 4777 de
1804 4721 1980 4792 Scrip.
2014 4718 2216 4787 Eccl.).

615 4823 764 4882 Inter
785 4826 884 4880 hos
909 4823 1047 4880 duos
1067 4834 1244 4878 tamen
1267 4820 1507 4889 insignes
1531 4816 1838 4881 haereticos,
1860 4812 2216 4883 Amphionem

617 4918 876 4976 eximium
903 4917 1100 4974 Christi
1129 4915 1530 4979 confessorem,
1572 4912 1773 4968 canitie
1803 4911 2034 4981 vitioque
2063 4920 2220 4964 sanc-

619 5013 772 5069 titate
799 5011 1164 5069 venerandum
1189 5052 1205 5079 ,
1237 5009 1303 5066 ad
1333 5009 1644 5080 exemplum
1685 5004 1922 5077 Magistri
1961 5018 2086 5058 cum
2119 5002 2221 5056 ini-

617 5110 740 5183 quis
780 5109 1094 5176 deputatum
1146 5109 1510 5178 agnoscimus.
1554 5101 1832 5170 Siquidem
1874 5099 1919 5154 is
1960 5107 2043 5154 est
2082 5098 2216 5152 Am-

621 5203 783 5276 phion
839 5199 1154 5274 Epiphaniae
1202 5199 1404 5256 Cilicia:
1456 5199 1686 5268 primum
1740 5196 2068 5264 episcopus,
2127 5189 2218 5261 qui

618 5307 746 5354 ante
778 5296 891 5353 fere
918 5294 1270 5369 quadraginta
1299 5280 1472 5348 annos
1493 5289 1767 5346 Christum
1798 5289 1898 5344 sub
1929 5286 2220 5343 Maximino

621 5388 888 5459 intrepide
915 5389 1214 5459 professus,
1243 5385 1442 5442 deinde
1469 5385 1520 5439 in
1554 5383 1766 5438 Nicaana
1793 5379 2025 5454 synodo,
2055 5382 2222 5449 depo-

622 5481 732 5537 sito
763 5490 984 5551 propter
1013 5478 1263 5535 hiere~im
1297 5474 1531 5533 Eusebio
1573 5472 1899 5530 Nicomedia:
1929 5472 2187 5542 episcopo
2207 5511 2221 5536 ,

624 5573 679 5630 in
710 5573 828 5642 ejus
858 5572 1034 5627 locum
1063 5569 1318 5626 sutl‘ectus
1341 5571 1515 5626 fuerat
1544 5566 1846 5640 (Sozomen.
1878 5566 1967 5620 lib.
1997 5581 2038 5632 ι,
2075 5581 2122 5621 c.
2160 5564 2226 5620 10

620 5677 673 5725 et
717 5667 834 5738 2t).
884 5665 1016 5736 Ejus
1067 5665 1318 5720 meritum
1369 5671 1490 5730 est,
1545 5670 1604 5717 ut
1659 5659 2025 5716 testimonium
2073 5672 2228 5715 sanc-

2241 4591 2295 4654 D

2306 3321 2407 3372 sita
2431 3330 2537 3371 non
2565 3313 2754 3377 fuisse,
2779 3311 2922 3367 unde
2941 3316 3219 3365 constaret
3239 3308 3527 3369 Donatum,
3545 3304 3699 3374 cujus
3717 3316 3900 3356 nomen

2309 3411 2362 3466 in
2387 3410 2488 3465 hac
2515 3406 2759 3481 synodali
2783 3404 3010 3476 epistola
3041 3401 3406 3462 ostentabant,
3437 3399 3586 3454 illum
3615 3396 3803 3457 fuisse,
3826 3393 3901 3461 qui

2309 3520 2368 3559 se
2405 3519 2502 3574 pro
2531 3499 2938 3570 Carthagincnsi
2981 3497 3239 3567 episcopo
3286 3501 3559 3566 gesserat;
3594 3490 3716 3559 plus
3757 3491 3903 3544 etiam

2309 3597 2493 3663 addat,
2526 3611 2625 3651 nec
2659 3593 2826 3649 m0ris
2857 3606 2976 3648 esse
3005 3586 3378 3651 ecclesiastici,
3421 3583 3639 3658 quando
3679 3579 3901 3652 episcopi

2311 3689 2580 3762 episcopis
2609 3687 2874 3751 scribunt,
2909 3697 3100 3738 nomen
3143 3679 3375 3736 civitatis
3403 3677 3700 3747 adjungere
3733 3693 3746 3727 :
3778 3671 3906 3728 unde

2314 3787 2419 3844 huc
2448 3786 2536 3842 illa
2566 3783 2838 3841 civhatum
2871 3778 3084 3834 nomina
3120 3772 3469 3846 irrepserint?
3503 3773 3605 3826 nisi
3635 3771 3857 3824 fortasse
3877 3781 3903 3818 a

2314 3879 2604 3938 Donatistis
2633 3884 2760 3933 sunt
2786 3874 2999 3938 addita;
3032 3871 3192 3942 hujus
3224 3870 3368 3924 enim
3401 3865 3478 3921 rei
3507 3864 3718 3940 videtur
3747 3859 3905 3926 suspi-

2315 3978 2527 4035 cionem
2571 3973 2795 4045 injicere
2845 3971 2959 4041 ipse
2986 3965 3338 4039 Augustinus,
3390 3977 3512 4018 cum
3541 3959 3732 4016 scribit
3763 3977 3778 4014 :
3817 3955 3907 4011 Mi-

2315 4087 2403 4124 ror
2429 4069 2598 4124 nescio
2641 4066 2756 4134 quis
2792 4065 2889 4119 iste
2919 4061 3172 4125 Donatus,
3217 4059 3262 4113 si
3287 4074 3388 4112 non
3415 4057 3470 4110 in
3496 4055 3678 4109 vestris
3717 4051 3905 4114 litteris,

2317 4161 2736 4235 Carthaginensis
2777 4160 2945 4228 [actus
2972 4167 3060 4212 est'
3095 4156 3211 4230 (lib.
3258 4170 3308 4209 tv
3357 4162 3491 4208 cont.
3524 4148 3695 4206 Cresc.
3731 4166 3780 4204 c.
3807 4142 3905 4212 μ).

2389 4258 2483 4314 25.
2520 4256 2690 4312 Nimis
2719 4254 2938 4324 longum
2969 4259 3136 4317 esset,
3168 4250 3220 4304 in
3252 4262 3443 4305 omnes
3483 4248 3574 4318 qui
3620 4245 3748 4300 huic
3801 4240 3905 4312 cpi-

2326 4350 2483 4408 stola:
2503 4348 2943 4417 subscripserunt
2972 4345 3262 4414 inquirere,
3314 4355 3416 4396 nec
3471 4337 3703 4394 fortasse
3747 4348 3909 4405 opera:

2320 4443 2573 4516 pretium.
2623 4439 2789 4496 Plane
2833 4439 2901 4494 ab
2950 4435 3218 4492 haereticis
3266 4437 3522 4502 scriptam
3567 4445 3696 4487 esse
3739 4429 3907 4484 Meno-

2321 4538 2551 4608 phantus
2580 4535 2649 4590 ab
2689 4533 2924 4605 Epheso,
2967 4529 3193 4587 Aeacius
3241 4544 3269 4583 a
3299 4526 3570 4594 Ctesarea,
3611 4524 3909 4579 Theodorus

2321 4632 2389 4687 ab
2441 4629 2722 4696 Heraclea,
2766 4627 2974 4682 Marcus
3009 4625 3078 4680 ab
3120 4621 3410 4689 Arethusa,
3442 4622 3756 4693 (operarum
3785 4615 3907 4671 enim

2322 4732 2556 4780 erratum
2582 4731 2687 4788 est,
2720 4718 2862 4788 quod
2893 4717 2981 4772 hic
3008 4717 3071 4771 ab
3097 4716 3284 4770 Aretiis
3314 4710 3558 4786 legitur),
3591 4711 3862 4768 Eudoxius
3883 4722 3906 4757 ει

2323 4815 2702 4880 Germanicia,
2768 4811 3052 4867 Narcissus
3103 4809 3172 4865 ab
3217 4807 3476 4878 Neropoli
3526 4805 3612 4862 vel
3665 4798 3908 4874 lrenopoli

2325 4909 2638 4984 (utrumque
2663 4921 2860 4963 nomen
2906 4903 3048 4960 enim
3076 4899 3372 4973 audiebat),
3404 4898 3753 4970 Demophilus
3771 4913 3799 4952 a
3826 4895 3911 4951 Be-

2325 5019 2474 5069 roea,
2496 5011 2554 5059 et
2577 5002 2666 5074 qui
2695 4999 2893 5055 claudit
2914 5012 3130 5069 agmen,
3160 4995 3358 5051 Valens
3380 5011 3408 5048 a
3439 4993 3620 5050 Mursa
3646 4994 3790 5047 velut
3815 4989 3911 5059 My-

2325 5112 2509 5154 sorum
2555 5094 2796 5158 ultimus,
2827 5091 3070 5148 celebres
3118 5086 3419 5154 Athanasii,
3455 5085 3670 5151 Hilarii,
3699 5083 3912 5154 Epipha-

2327 5190 2424 5255 nii,
2457 5197 2846 5257 auctorumqtie
2885 5183 3268 5240 ecclesiastica:
3301 5181 3543 5236 historia:
3583 5176 3910 5236 teStimoniis.

2328 5285 2649 5341 Arianorum
2691 5279 3027 5351 antesignani
3068 5293 3130 5335 ac
3167 5277 3355 5344 duces,
3390 5276 3532 5332 inter
3564 5289 3664 5333 eos
3689 5273 3772 5345 qui
3806 5270 3911 5325 huic

2328 5380 2552 5436 decreto
2602 5376 3037 5448 subscripserunt
3084 5373 3334 5430 recensiti
3389 5370 3550 5426 fidem
3601 5369 3821 5428 faciunt.
3858 5365 3914 5420 Et

2327 5470 2446 5527 hac
2486 5469 2703 5542 quidem
2739 5469 2809 5526 de
2850 5466 3192 5540 supposititio
3236 5464 3329 5521 illo
3359 5463 3583 5522 decreto
3613 5463 3773 5520 nimis
3820 5459 3914 5515 ior-

2329 5573 2474 5621 tasse
2501 5563 2686 5618 multa.

2400 5658 2494 5715 26.
2536 5656 2670 5713 Eam
2707 5672 2844 5713 anno
2872 5656 3000 5725 354,
3053 5655 3418 5728 consignamus
3443 5635 3486 5709 vi
3509 5651 3673 5724 Frag.
3704 5677 3772 5692 -
3797 5646 3910 5715 Quae

711 5852 795 5925 (a)
811 5851 928 5910 ltoc
952 5849 1245 5925 prudenter
1271 5852 1398 5927 egit,
1426 5859 1489 5909 ut
1527 5848 1831 5910 Orientales
1859 5849 1961 5908 hac
1984 5847 2361 5910 benevolentia
2384 5847 2454 5908 ad
2481 5862 2666 5908 veram
2699 5847 2858 5908 fidem
2881 5846 3197 5936 adduceret.
