4066 6424
208 315 314 370 905

1384 313 1656 374 NICOLAI
1693 311 1906 371 FABBI
1945 309 2339 368 PREFATIO.

3418 321 3522 379 906

207 437 485 502 superant,
518 429 644 486 licet
667 430 922 502 pleraque
951 432 1153 498 omnia,
1186 432 1228 487 si
1262 432 1463 489 Libarii
1509 433 1569 487 P.
1614 432 1678 487 Β.
1708 432 1820 499 epi-
1845 429 1901 490 A
1922 425 2220 482 christiano
2241 470 2255 492 ,
2287 427 2456 500 inquit
2485 427 2813 484 Athanasius
2842 430 2948 503 (ep.
2977 435 3046 485 ad
3087 430 3243 490 Solit.
3275 453 3329 505 ρ.
3364 435 3518 508 86f).

208 526 403 580 stolam
433 523 500 579 ad
530 524 904 579 Constantium
926 541 1070 579 anno
1099 525 1298 582 Salutis
1322 527 1446 592 ⁵551,
1478 541 1576 596 per
1597 525 1809 580 Lucife-

206 634 326 673 rum
365 615 731 673 Calaritanum
769 617 1107 689 episcopum,
1153 618 1497 674 Pancratium
1529 619 1808 693 presbyte-

207 724 327 766 rum
351 709 423 783 (si
451 710 667 781 quidem
713 722 966 782 corrupte
1009 711 1149 782 apud
1194 711 1547 767 Athanasium
1594 716 1646 768 in
1689 714 1805 781 epi-

210 803 347 858 stola
376 802 442 859 ad
473 803 769 859 solitariam
792 804 956 860 vitam
987 814 1212 875 agentes
1244 805 1533 876 Eutropius
1558 805 1805 861 nomina-

210 906 299 954 tur
343 898 484 972 (pag.
514 897 728 970 856),)
785 910 840 955 et
887 898 1146 955 Hilarium
1195 899 1482 956 diac0num
1534 900 1808 957 Romanos

208 995 427 1049 missam
460 993 718 1061 excipias,
748 993 814 1049 ad
857 993 1252 1050 Ariminensem
1299 996 1605 1065 pertineant
1646 1010 1808 1068 syno-

204 1085 356 1153 dum,
400 1085 707 1156 perturbata
753 1084 923 1141 nihilo
964 1085 1143 1141 minus
1175 1085 1314 1140 inter
1348 1101 1428 1151 se,
1459 1101 1559 1141 nec
1583 1085 1691 1141 ullo
1720 1086 1806 1142 di-

204 1191 354 1251 gesta
382 1178 570 1234 ordine
601 1179 887 1235 exsistunt.
937 1179 1012 1234 De
1041 1177 1239 1234 Liberii
1271 1178 1498 1247 epistola
1534 1179 1621 1250 qui
1656 1178 1805 1248 plura

206 1273 517 1338 desiderat,
580 1288 870 1344 numquam
926 1271 1056 1327 satis
1107 1271 1352 1326 laudatos
1404 1271 1527 1326 illos
1571 1272 1810 1326 Annales

208 1366 428 1437 (Baron.
461 1382 549 1421 an.
577 1364 703 1429 554-,
737 1382 789 1418 ιι.
825 1363 877 1436 l)
908 1363 1182 1429 consulat;
1218 1365 1286 1420 ibi
1317 1363 1459 1419 enim
1485 1364 1626 1419 unde
1654 1381 1805 1420 suam

203 1459 352 1515 sitim
392 1459 691 1529 extinguat,
727 1458 1000 1514 uberrime
1027 1457 1282 1513 inveniet.
1317 1455 1522 1513 Cartera
1555 1457 1666 1512 fere
1691 1474 1810 1514 om-

203 1551 293 1607 nia
322 1567 463 1607 nunc
493 1550 725 1624 primum
771 1551 821 1605 in
851 1553 1024 1607 lucem
1067 1551 1319 1607 eduntur.
1354 1551 1599 1620 Quonam
1629 1560 1806 1607 autent

203 1643 539 1716 disponenda
579 1643 690 1699 sint
719 1643 931 1709 ordine,
964 1643 1044 1700 rei
1073 1655 1240 1716 gesta:
1267 1643 1574 1701 narratione
1605 1645 1810 1716 perspi-

205 1753 368 1792 cuum
395 1738 505 1792 fiet.

1912 519 1982 590 (is
2010 520 2078 575 ab
2108 522 2433 589 imperatore
2468 523 2593 577 licet
2637 523 2816 577 latina:
2860 523 3053 596 lingure
3083 529 3298 596 penitus
3323 547 3521 602 expers

1911 614 2296 675 esset.militari
2319 630 2476 670 manu
2500 617 2550 670 in
2577 615 3036 673 Mediolanensem
3058 621 3520 695 sedem,relegato

1912 714 2133 775 propter
2171 708 2423 777 pietatem
2461 709 2736 782 Dionysio,
2769 711 3007 767 introsus
3034 713 3252 788 fuerat),
3283 716 3436 784 Caio,
3467 730 3524 776 et.

1909 797 2032 852 aliis
2057 814 2195 869 quos
2220 800 2324 855 sibi
2356 799 2596 858 faventes
2623 804 2675 858 in
2723 819 2785 858 ea
2813 806 3022 877 synodo
3053 809 3362 878 reperiare;
3397 827 3523 882 pos-

1913 889 2105 957 tulant,
2156 892 2299 964 quod
2337 909 2499 964 supra
2531 910 2597 949 ex
2627 894 2926 952 Athanasio
2970 899 3083 970 (lib.
3117 901 3180 956 de
3219 901 3417 973 Synod.
3463 923 3518 977 p.

1910 982 2038 1055 874)
2069 983 2326 1052 diximus,
2360 995 2416 1040 ut
2445 985 2572 1041 huic
2602 1002 2713 1043 suae
2742 989 2985 1044 formulae
3017 991 3224 1063 absque
3255 995 3360 1048 ulla
3393 1011 3521 1052 eau-

1911 1089 1986 1129 sa:
2016 1076 2325 1147 cognitione
2351 1089 2406 1134 et
2439 1086 2645 1134 tantum
2671 1097 2775 1136 non
2803 1082 2960 1138 caecis
2989 1085 3158 1139 oculis
3181 1102 3370 1142 omnes
3395 1091 3521 1144 sub-

1911 1170 2172 1225 scribant.
2211 1172 2405 1227 Verum
2439 1188 2546 1228 non
2570 1173 2744 1228 solum
2775 1185 2996 1244 propter
3022 1175 3288 1234 Consules
3323 1185 3520 1251 regulae

1911 1263 2185 1330 appositas
2207 1261 2398 1332 derisi,
2426 1265 2524 1320 sed
2556 1268 2719 1321 etiam
2743 1276 2964 1336 propter
2985 1270 3312 1335 impietatem
3345 1274 3514 1330 laten-

1912 1363 2130 1427 temque
2154 1357 2339 1426 vapido
2360 1359 2450 1413 sub
2473 1368 2674 1428 pectore
2692 1361 2915 1430 vulpem,
2944 1362 3183 1417 haeretici
3200 1367 3515 1434 renuntiati,

1909 1463 1974 1504 ex
2005 1449 2119 1519 ipsa
2149 1451 2357 1522 synodo
2398 1451 2614 1522 expulsi
2641 1461 2788 1508 sunt.
2819 1453 2960 1524 Ergo
3002 1470 3076 1509 xn
3105 1455 3210 1510 cal.
3269 1457 3515 1528 Augusti,

1915 1557 2034 1613 qua:
2090 1544 2353 1613 proximae
2394 1555 2592 1600 secutae
2633 1555 2782 1611 sunt,
2832 1548 2994 1602 totius
3033 1547 3224 1620 synodi
3264 1552 3520 1607 concordi

1909 1638 2181 1694 sententia
2224 1637 2459 1694 Nicaeum
2490 1639 2690 1710 regula:
2718 1655 2818 1694 nec
2846 1640 2969 1695 addi
3014 1641 3308 1713 quidquam
3335 1659 3518 1715 posse,

1911 1744 2011 1786 nec
2039 1730 2206 1786 minui
2235 1731 2548 1788 decernitur
2571 1731 2759 1806 (Frag.
2795 1749 2893 1797 vn,
2915 1751 2969 1791 ιι.
2997 1733 3056 1806 4)
3084 1752 3096 1788 :
3131 1733 3516 1810 Ursaciusque,

278 1831 372 1886 27.
412 1829 749 1886 Ariminensis
774 1830 978 1886 concilii
1002 1831 1248 1887 historica
1273 1833 1448 1888 series.
1481 1832 1808 1889 --Diximus

1915 1823 2113 1880 Valens
2145 1866 2162 1892 ,
2215 1823 2378 1882 Caius
2423 1834 2478 1881 et
2530 1823 2878 1894 Germinius,
2941 1828 3137 1899 quibus
3194 1829 3524 1888 Athanasius

202 1939 389 1994 supra,
421 1924 580 1980 fidem
627 1923 807 1980 Sirmii
833 1924 1162 1980 Consulibus
1187 1925 1385 1981 additis
1413 1940 1595 1982 coram
1632 1928 1806 1998 Impe-

199 2025 386 2074 ratore
413 2017 688 2088 scriptam,
715 2021 833 2089 qua:
862 2016 1058 2072 Filium
1085 2017 1229 2072 Patri
1255 2035 1349 2087 per
1375 2020 1554 2074 omnia
1573 2020 1802 2074 similem

202 2109 539 2176 continebat,
591 2108 914 2167 factionibus
969 2109 1294 2167 Arianorum
1347 2120 1684 2180 procuratam
1742 2127 1805 2167 ac

198 2203 460 2273 scriptam
489 2202 675 2269 fuisse,
718 2203 1083 2273 indictamque
1136 2204 1403 2275 synodum
1446 2205 1802 2262 nniversalem

199 2295 398 2352 Nimiae
424 2295 713 2368 Bithyniae,
742 2296 993 2363 divisam;
1013 2306 1068 2354 et
1091 2296 1459 2354 Orientalitus
1499 2299 1802 2356 Seleuciam

201 2389 426 2445 Isauriie
457 2433 470 2459 ,
517 2389 954 2446 Occidentalibus
1007 2406 1140 2447 vero
1180 2392 1450 2463 episCOpiS
1497 2393 1802 2450 Ariminum

199 2497 313 2554 quo
337 2484 688 2539 convenirent
715 2483 906 2540 dictas.
938 2481 1036 2539 Cui
1082 2482 1195 2551 fini,
1237 2485 1335 2540 nisi
1377 2495 1437 2542 ut
1465 2486 1711 2543 falli-rent
1743 2501 1806 2543 ac

199 2576 696 2633 circumvenirent?
725 2577 868 2633 Certi
910 2577 1053 2633 enim
1083 2586 1341 2648 quantum
1371 2595 1467 2634 sua
1491 2578 1724 2637 factione
1752 2582 1802 2637 in
1842 2649 1855 2661 .

197 2669 426 2726 Oriente
472 2669 758 2739 pollerent,
791 2673 1170 2726 veteratoriam
1215 2681 1272 2727 et
1315 2674 1612 2743 captiosam
1657 2674 1803 2731 illam

201 2763 331 2820 fidei
376 2763 616 2830 regulam
647 2762 1011 2819 Orientalibus
1037 2763 1306 2835 episcOpis
1341 2765 1502 2822 facile
1539 2769 1805 2839 approba-

199 2867 357 2913 turos
385 2872 443 2912 5e
482 2872 581 2927 pro
610 2865 890 2927 comperto
922 2856 1204 2923 habentes,
1239 2858 1612 2917 Occidentales
1640 2876 1803 2918 coac-

201 2961 289 3006 tos
329 2949 546 3007 tandem
591 2949 703 3006 fore
747 2950 797 3007 ei
849 2951 1193 3008 subscribere
1235 2951 1601 3021 crediderunt,
1643 2971 1802 3026 quam

197 3046 400 3102 Oriens
444 3045 749 3116 probasset,
771 3054 828 3100 et
858 3045 1152 3115 imperator
1181 3048 1550 3116 inexorabilis,
1594 3057 1653 3104 ut
1678 3065 1802 3106 eum

195 3139 522 3196 Ammianus
550 3139 809 3197 describit
835 3140 946 3210 (lib.
974 3156 1090 3209 XIV,
1122 3159 1169 3196 c.
1208 3141 1288 3213 5),
1313 3157 1424 3199 sum
1466 3144 1804 3200 auctoritatis

1909 1919 2235 1976 Auxentium
2258 1929 2312 1976 et
2341 1921 2719 1990 Demophilmn
2751 1922 3016 1992 adjungit,
3067 1923 3217 1978 velut
3259 1927 3520 1982 ecclesia-

1907 2013 2056 2070 stica:
2087 2015 2233 2085 pacis
2262 2015 2665 2084 perturbatores
2679 2031 2740 2071 ac
2765 2016 3022 2080 haeretici,
3053 2017 3122 2072 de
3143 2019 3309 2088 gradu
3338 2034 3438 2076 suo
3461 2028 3518 2076 et

1909 2104 2147 2161 ﬁdelium
2164 2106 2548 2162 communione
2560 2107 3247 2176 deturbantur,decemque
3268 2111 3425 2182 legati
3449 2114 3517 2168 ad

1909 2199 2294 2270 imperatorem
2327 2200 2510 2264 missi;
2559 2216 2657 2269 per
2684 2216 2819 2272 quos
2851 2201 2966 2258 haec
3008 2202 3223 2258 concilii
3270 2205 3516 2262 definitio

1910 2288 2320 2350 innotesceret:
2371 2293 2438 2348 Et
2484 2294 2594 2349 haec
2630 2295 2836 2366 quidem
2875 2295 3098 2350 Arimini
3145 2309 3261 2350 acta
3310 2297 3517 2354 cleriter

1911 2386 2123 2459 (scribit
2163 2386 2514 2458 Athanasius)
2555 2389 2846 2443 istiusmodi
2887 2390 3039 2458 ﬁnem
3087 2390 3328 2446 habuere.
3380 2391 3516 2448 Eam

1907 2482 2122 2538 concilii
2165 2482 2492 2538 sententiam
2522 2483 2840 2553 ampliorem
2883 2492 2939 2540 et
2966 2486 3335 2557 integriorcm,
3360 2505 3520 2558 quam

1909 2574 2048 2645 apud
2082 2577 2334 2645 antiquos
2361 2583 2612 2631 auctores
2641 2585 2840 2642 exstet,
2876 2577 3107 2646 adjectis
3135 2577 3345 2634 duobus
3374 2579 3524 2651 ejus-

1906 2669 2031 2726 dem
2058 2669 2248 2743 synodi
2280 2669 2620 2741 fragmentis,
2654 2670 2771 2725 btec
2801 2671 3055 2727 collectio
3084 2671 3324 2729 exhibet.

1979 2763 2072 2818 28.
2092 2764 2407 2818 Arianorum
2424 2763 2786 2818 damnatorum
2800 2773 2955 2819 artes.
2982 2761 3063 2818 De
3083 2766 3308 2837 formula
3326 2765 3380 2820 Ν
3382 2767 3525 2824 icazaz

1911 2856 2359 2912 Thracia—Nec
2381 2869 2559 2913 tamen
2577 2858 2675 2928 ipsi
2701 2858 2885 2913 Ariani
2914 2873 2975 2914 ea
2999 2862 3266 2915 sententia
3281 2864 3524 2932 percussi

1907 2949 2428 3019 animosdeponunt,
2447 2959 2538 3003 aut
2562 2948 2878 3016 abinceptis
2900 2950 3172 3007 desistunt
3196 2971 3208 3006 :
3232 2954 3325 3010 sed
3342 2965 3395 3010 et
3419 2957 3524 3025 ipsi

1907 3042 2094 3098 decem
2133 3059 2197 3097 ex
2243 3043 2355 3097 suis
2383 3085 2398 3110 ,
2432 3043 2484 3097 in
2513 3057 2744 3114 quorum
2775 3059 3003 3099 numero
3039 3048 3386 3104 condemnati
3443 3051 3522 3105 illi

1907 3137 2254 3203 exsnterunt,
2277 3137 2343 3192 ad
2373 3137 2755 3208 Imperatorem
2797 3137 3138 3209 delegarunt,
3165 3143 3254 3212 qui
3282 3141 3519 3199 Concilii
3583 3153 3592 3156 ’

197 3233 402 3289 vindex
436 3236 724 3290 sanxisset.
768 3231 837 3289 Et
879 3248 1010 3289 sane
1045 3237 1200 3291 testis
1234 3247 1316 3291 est
1348 3245 1532 3294 noster
1561 3237 1796 3295 Hilarius
1826 3231 1872 3296 C
1903 3231 2108 3304 legatos
2159 3232 2437 3288 celeritate
2462 3242 2886 3301 pmvel‘lcltleS,
2919 3232 3097 3302 ipsnm
3127 3235 3516 3305 Imperatorem

197 3328 318 3400 (lib.
365 3327 429 3382 de
472 3327 672 3400 Synod.
715 3345 767 3382 η.
797 3326 910 3398 63).
957 3329 1161 3400 absque
1197 3334 1450 3401 episcopo
1480 3331 1697 3388 Eleusin
1737 3332 1808 3404 (is

195 3430 323 3478 erat
349 3419 527 3493 Cyzici
556 3421 868 3494 cpiscopus)
908 3432 962 3478 et
990 3423 1174 3496 paucis
1213 3438 1338 3479 cum
1384 3439 1472 3491 eo,
1505 3443 1569 3482 ex
1617 3425 1808 3498 majori

200 3523 364 3585 parte
389 3511 616 3568 Asianas
645 3513 832 3570 decem
863 3514 1164 3585 provincias
1195 3516 1334 3571 intra
1373 3532 1510 3588 quas
1538 3519 1806 3574 consiste-

199 3608 320 3674 bat,
352 3624 535 3663 verum
571 3608 738 3665 Deum
773 3608 1011 3666 nescisse
1044 3627 1058 3665 :
1091 3610 1256 3680 Atque
1285 3613 1504 3678 utinam,
1535 3613 1810 3684 subjungit

197 3701 323 3768 ille,
356 3701 520 3757 Deum
551 3705 840 3759 nescirent:
861 3721 976 3758 cum
1002 3706 1304 3778 procliviore
1336 3707 1471 3761 enim
1497 3708 1640 3762 venia
1663 3709 1810 3780 igno-

197 3804 402 3864 rarent,
448 3812 601 3866 quam
662 3794 1016 3851 obtrectarent.
1072 3796 1178 3853 Sed
1223 3799 1408 3853 horum
1453 3801 1810 3871 episcOporum

197 3889 360 3943 dolor
401 3904 454 3944 se
496 3889 631 3942 intra
659 3889 915 3944 silentium
953 3905 1055 3944 non
1092 3891 1375 3956 continens,
1408 3892 1654 3947 unitatem
1689 3892 1812 3962 fidei

199 3985 368 4058 hujus
386 3983 591 4053 quierit,
614 4000 768 4052 quam
791 3984 1097 4051 iamdudum
1126 4001 1215 4059 per
1235 3986 1364 4041 alios
1380 3987 1568 4040 amisit.
1599 3986 1810 4056 Scripta

197 4076 390 4148 itaque
419 4093 481 4133 ea
513 4077 638 4144 fide,
671 4076 956 4148 divisaque
982 4079 1189 4140 synodo
1221 4080 1508 4135 universali
1531 4121 1547 4147 ,
1572 4080 1807 4151 rescrip-

203 4183 322 4227 tum
355 4171 419 4226 ad
453 4181 734 4244 utramque
765 4171 1030 4245 synodum
1062 4174 1130 4228 ab
1159 4173 1486 4244 imperatore
1523 4174 1812 4246 impetrant

200 4265 420 4331 Ariani,
453 4281 560 4337 quo
601 4263 681 4338 (a)
712 4265 944 4336 primum
975 4266 1044 4322 de
1090 4265 1194 4323 fide
1219 4281 1568 4337 cognoscere,
1613 4266 1810 4323 deinde

197 4375 402 4416 causas
427 4361 828 4430 episcOporum,
875 4372 1194 4432 mutuasque
1222 4362 1363 4416 inter
1400 4377 1523 4418 sese
1552 4361 1812 4433 digladia-

200 4453 386 4508 tiones
401 4449 559 4526 74],
574 4467 637 4509 ac
656 4452 1063 4510 criminationes
1084 4454 1356 4511 discutere
1379 4454 1595 4511 collecti
1621 4454 1813 4512 Patres

191 4546 485 4616 jubentur,
531 4547 800 4616 rebusque
825 4546 1078 4618 judicatis
1099 4563 1162 4604 ac
1181 4547 1379 4604 decisis
1396 4549 1582 4604 decem
1601 4548 1811 4620 legatos

1908 3327 2172 3382 adversus
2189 3325 2457 3397 synodum
2481 3326 2620 3380 adeo
2632 3325 2995 3393 concitarunt,
3011 3338 3071 3383 ut
3095 3327 3242 3400 ipsos
3262 3339 3425 3386 rectze
3454 3331 3514 3385 fi-

1908 3419 1994 3475 dei
2024 3420 2229 3491 legatos
2253 3419 2305 3475 in
2328 3435 2486 3476 suum
2517 3426 2867 3491 conspectum
2898 3421 3085 3476 venire
3108 3438 3215 3477 non
3244 3425 3520 3480 sustinue-

1909 3513 1980 3568 rit
2006 3531 2018 3567 :
2036 3513 2132 3570 sed
2155 3515 2384 3584 primum
2416 3513 2825 3584 Hadrianopoli,
2844 3513 3044 3572 deinde
3059 3515 3256 3574 Nicaeae
3274 3518 3523 3577 Thraciae

1910 3607 2075 3662 variis
2096 3606 2443 3662 dilationibus
2470 3606 2712 3674 delusos,
2738 3623 2801 3664 ea
2857 3622 2955 3680 spe
3015 3611 3328 3677 detintterit,
3377 3613 3520 3684 quod

1911 3693 2180 3766 crederet,
2212 3699 2727 3756 infitTlteodoretus
2749 3700 2865 3773 (lib.
2909 3717 2972 3768 ll,
3005 3703 3127 3758 hist.
3154 3706 3280 3759 eccl.
3324 3724 3370 3760 c.
3403 3699 3517 3776 i9),

1912 3795 2200 3864 episcopos
2251 3793 2479 3848 Arimini
2530 3794 2830 3864 legatorum
2870 3809 3091 3850 suorum
3136 3795 3370 3852 reditum
3425 3814 3525 3854 ex.

1911 3895 2243 3958 spectantes,
2302 3887 2497 3956 partim
2544 3888 2733 3952 senio,
2789 3889 2982 3958 partim
3028 3889 3208 3959 in0pia
3278 3908 3519 3962 pressos,

1911 3995 2099 4036 omnes
2169 3979 2523 4034 diuturnioris
2593 3995 2622 4033 a
2686 3981 2918 4051 prepriis
2971 3981 3190 4038 sedibus
3259 3984 3520 4043 absentia:

1912 4081 2195 4144 pertaesos,
2223 4072 2426 4128 reditus
2453 4071 2724 4127 desiderio
2769 4072 2838 4128 ad
2886 4073 3008 4130 fidei
3050 4077 3342 4147 propositae
3394 4080 3522 4135 sub-

1912 4165 2262 4236 scriptionem
2295 4165 2436 4222 flecti
2463 4181 2638 4236 posse.
2670 4165 2808 4235 Quin
2837 4167 3000 4223 etiam
3035 4167 3264 4226 Ursacio
3296 4171 3521 4229 faculta-

1917 4272 2023 4318 tem
2058 4261 2299 4329 tradidit,
2345 4261 2412 4316 de
2458 4261 2562 4316 fide
2612 4277 2710 4332 pro
2761 4263 3022 4318 arbitratu
3051 4268 3362 4324 statuendi:
3417 4286 3521 4341 qua

1915 4363 2136 4425 accepta
2180 4365 2463 4410 strenuum
2511 4353 2660 4409 illum
2711 4354 2977 4411 Plautinum
3049 4358 3265 4417 familiae
3328 4361 3522 4420 ducem

1915 4453 2265 4524 compressis,
2290 4460 2349 4509 ut
2367 4453 2538 4518 aiunt,
2572 4452 2821 4510 manibus
2851 4470 2958 4510 non
2982 4454 3212 4526 sedisse,
3255 4472 3418 4516 nemo
3441 4471 3526 4517 est

1916 4548 2138 4604 cuinon
2170 4547 2350 4603 statim
2380 4547 2436 4603 iu
2459 4555 2699 4603 mentem
2754 4547 2956 4602 veniat.
2997 4548 3148 4604 Tunc
3199 4566 3330 4623 ergo
3378 4563 3526 4609 tanta

201 4632 475 4694 ra'tionem
502 4654 688 4695 eorum
715 4655 836 4711 qum
874 4649 1023 4711 gesta
1070 4647 1254 4697 essent
1280 4640 1586 4697 reddituros
1607 4641 1674 4696 ad
1721 4657 1815 4696 co-
1844 4633 1900 4695 Ι)
1923 4644 2247 4698 auctoritate
2273 4640 2487 4696 subnixi
2512 4637 2718 4705 Ariani,
2739 4637 2972 4696 derisam
2997 4639 3142 4696 illam
3174 4656 3324 4699 suam
3355 4643 3519 4701 ﬁdem

200 4733 457 4786 mitatnm
488 4732 772 4804 delegare;
811 4733 1041 4789 alterum
1069 4733 1230 4788 etiam
1268 4732 1335 4789 ad
1375 4733 1562 4790 Patres
1588 4732 1815 4790 Arimini

196 4839 588 4898 congregatos,
641 4843 746 4898 quo
772 4828 838 4883 de
864 4827 1228 4884 Orientalibus
1267 4830 1537 4899 episcopis
1581 4829 1816 4901 cognitio

200 4923 275 4978 iis
327 4919 687 4986 interdicitur,
736 4922 1038 4992 iterumque
1087 4921 1154 4977 de
1199 4920 1386 4977 decem
1431 4922 1706 4979 mittendis
1747 4923 1814 4980 ad

195 5016 527 5073 comitatum
558 5015 750 5086 legatis
777 5013 1156 5070 admonentur.
1203 5015 1406 5070 Prioris
1437 5017 1682 5086 rescripti
1707 5017 1813 5074 So-

196 5125 472 5166 Zomenus
518 5109 762 5164 meminit
792 5126 804 5162 :
841 5108 1106 5179 posterius
1153 5107 1288 5178 (scil.
1324 5107 1479 5179 Frag.
1522 5124 1618 5174 vn,
1649 5127 1702 5164 ιι.
1735 5112 1815 5182 1),

200 5202 301 5258 hic
345 5218 395 5256 vt
443 5200 556 5256 kal.
583 5196 809 5268 'Junias,
863 5201 913 5256 id
965 5210 1066 5262 est,
1095 5201 1284 5272 quinto
1316 5212 1436 5271 post
1467 5201 1612 5256 illam
1660 5202 1820 5259 fidem

197 5295 579 5367 conscriptam
623 5297 712 5351 die
759 5295 983 5350 missum
1025 5295 1271 5351 habetur.
1326 5293 1476 5350 Tunc
1522 5294 1686 5365 igitur
1737 5295 1823 5352 bis

198 5391 436 5463 scriptis
473 5390 828 5449 subsarcinati
863 5390 1078 5452 Valens.
1126 5387 1382 5446 Ursacius
1423 5398 1478 5446 et
1511 5390 1823 5448 Germioius

203 5487 524 5546 Ariminum
583 5486 791 5556 magnis
868 5483 1159 5539 itineribus
1232 5484 1628 5540 contendentes
1695 5500 1819 5541 cum

200 5583 488 5641 Auxentio
513 5595 717 5653 genere
742 5579 1068 5652 Cappadoce
1125 5579 1303 5650 potius
1356 5579 1618 5655 delatoreb
1653 5595 1818 5651 quam

291 5719 373 5792 (a)
414 5720 486 5775 lta
514 5719 851 5792 Sozomenus
877 5717 972 5772 lib.
1003 5730 1082 5784 tv,
1114 5731 1165 5772 c.
1193 5718 1289 5792 lii;
1322 5715 1416 5770 sed
1443 5716 1693 5792 Socrates
1724 5716 1820 5772 lib.

201 5807 278 5857 ιι,
309 5787 363 5848 c.
410 5792 501 5850 '59.
543 5791 697 5847 testis
735 5799 820 5845 est
851 5805 1096 5860 magnam
1135 5805 1196 5844 ea
1227 5787 1297 5844 de
1327 5802 1386 5844 re
1416 5789 1822 5844 contentionem

202 5866 409 5932 fuisse,
433 5864 570 5921 alios
596 5863 664 5919 de
693 5862 816 5924 fide,
845 5862 982 5917 alios
1009 5861 1077 5916 de
1099 5861 1480 5934 episc0porum
1506 5861 1686 5919 causis
1715 5860 1824 5932 pri-

663 5958 836 6020 PATR
853 5975 954 6019 οι.
1037 5957 1118 6019 Χ.

1925 4734 2258 4805 interpolare
2289 4733 2465 4804 potius
2507 4747 2666 4802 quam
2695 4731 2988 4788 emendare
3013 4736 3296 4804 cupientes
3349 4737 3517 4810 (quod

1922 4845 2085 4901 supra
2103 4827 2249 4883 aliud
2273 4835 2496 4898 agentes
2526 4823 2856 4896 retulimus),
2881 4827 3210 4897 exemplaria
3234 4829 3352 4900 ejus
3373 4830 3528 4885 undi-

1922 4938 2028 4995 que
2055 4915 2300 4991 conquiri
2333 4925 2389 4974 et
2417 4914 2693 4987 corrogari
2744 4930 2839 4986 per
2878 4917 3201 4974 Martianum
3254 4923 3523 4978 notarium

1918 5023 2183 5082 curarunt
2209 5010 2482 5084 (Athenas.
2508 5009 2572 5063 de
2593 5008 2794 5080 Synod.
2821 5027 2942 5082 pag.
2975 5009 3128 5084 904),
3164 5015 3528 5087 detractisque

1924 5106 2259 5169 consulibus,
2293 5104 2440 5157 velut
2468 5099 2619 5156 fures
2646 5099 2840 5155 alienis
2887 5103 3093 5168 poenalis
3121 5118 3282 5159 ansas
3309 5105 3526 5164 auferre

1928 5202 2129 5267 solent,
2158 5198 2454 5269 paucisque
2482 5195 2686 5251 Voculis
2733 5198 3099 5263 commutatis,
3129 5199 3374 5254 eamdem
3406 5217 3529 5272 per-

1929 5296 2136 5364 fidiam,
2163 5297 2328 5350 immo
2354 5295 2516 5349 etiam
2544 5291 2892 5356 deteriorem,
2929 5291 3102 5345 bonos
3148 5291 3269 5348 illos
3322 5295 3529 5366 legatos

1928 5408 2031 5464 qua
2065 5391 2140 5454 vi,
2167 5405 2270 5461 qua
2289 5376 2479 5444 fraude
2507 5402 2614 5443 non
2635 5388 2808 5441 solum
2832 5400 2926 5440 sua
2958 5384 3363 5458 subsrriptiOne
3399 5407 3524 5448 con-

1929 5485 2172 5551 firmare,
2203 5481 2297 5538 sed
2334 5481 2498 5538 etiam
2529 5481 2696 5551 ipsius
2743 5478 2982 5542 concilii,
3033 5479 3188 5547 cujus
3242 5499 3531 5551 personam

1931 5576 2331 5639 sustentabant,
2352 5575 2606 5629 damnata
2631 5570 2810 5626 verbis
2827 5569 3046 5626 disertis
3063 5577 3353 5641 sententia,
3371 5577 3534 5652 ⁷42

1935 5731 2081 5772 mum
2104 5710 2486 5781 inquirendum
2514 5723 2635 5764 esse
2663 5707 3050 5781 disceptantes,
3075 5713 3197 5781 quia
3222 5713 3414 5772 linem
3433 5721 3535 5775 im.

1936 5784 2622 5914 peratorisbafi‘erebantur,
2673 5780 2868 5852 quibus
2904 5796 3048 5839 nunc
3080 5785 3202 5854 hoc,
3236 5803 3378 5846 nunc
3405 5791 3536 5851 illud

1939 5873 2191 5914 armctote
2232 5868 2304 5913 at.

1937 5873 2304 5932 praectpteuat.
