  <div class='ocr_page' id='page_1' title='image "/cluster/home/n/w/nwhite01/storage/ocr_20150623/10/hvd.32044015471279/459.png"; bbox 0 0 4066 6424; ppageno 0'>
   <div class='ocr_carea' id='block_1_1' title="bbox 587 356 691 417">
    <p class='ocr_par' dir='ltr' id='par_1_1' title="bbox 587 356 691 417">
     <span class='ocr_line' id='line_1_1' title="bbox 587 356 691 417; baseline 0 -8"><span class='ocrx_word' id='word_1_1' title='bbox 587 356 691 417; x_wconf 83' lang='lat'><strong>907</strong></span> 
     </span>
    </p>
   </div>
   <div class='ocr_carea' id='block_1_2' title="bbox 1496 337 2957 441">
    <p class='ocr_par' dir='ltr' id='par_1_2' title="bbox 1496 337 2957 441">
     <span class='ocr_line' id='line_1_2' title="bbox 1496 337 2957 441; baseline -0.001 -36"><span class='ocrx_word' id='word_1_2' title='bbox 1496 345 1564 406; x_wconf 82' lang='lat' dir='ltr'><strong>IN</strong></span> <span class='ocrx_word' id='word_1_3' title='bbox 1602 341 2028 405; x_wconf 72' lang='lat' dir='ltr'><strong>FRAGMENTA</strong></span> <span class='ocrx_word' id='word_1_4' title='bbox 2063 337 2309 441; x_wconf 74' lang='lat' dir='ltr'><strong>SANC’I‘I</strong></span> <span class='ocrx_word' id='word_1_5' title='bbox 2350 341 2609 403; x_wconf 79' lang='lat' dir='ltr'><strong>HILARII</strong></span> <span class='ocrx_word' id='word_1_6' title='bbox 2650 344 2957 404; x_wconf 81' lang='lat' dir='ltr'><strong>EPISCOPI</strong></span> 
     </span>
    </p>
   </div>
   <div class='ocr_carea' id='block_1_3' title="bbox 3787 347 3881 405">
    <p class='ocr_par' dir='ltr' id='par_1_3' title="bbox 3787 347 3881 405">
     <span class='ocr_line' id='line_1_3' title="bbox 3787 347 3881 405; baseline 0.043 -5"><span class='ocrx_word' id='word_1_7' title='bbox 3787 347 3881 405; x_wconf 84' lang='lat'><strong>908</strong></span> 
     </span>
    </p>
   </div>
   <div class='ocr_carea' id='block_1_4' title="bbox 585 460 3877 536">
    <p class='ocr_par' dir='ltr' id='par_1_4' title="bbox 585 460 3877 536">
     <span class='ocr_line' id='line_1_4' title="bbox 585 460 3877 536; baseline -0.003 -9"><span class='ocrx_word' id='word_1_8' title='bbox 585 485 708 527; x_wconf 89' lang='lat' dir='ltr'><strong>cum</strong></span> <span class='ocrx_word' id='word_1_9' title='bbox 733 465 978 533; x_wconf 83' lang='lat' dir='ltr'><strong>Ursacio,</strong></span> <span class='ocrx_word' id='word_1_10' title='bbox 1007 462 1252 530; x_wconf 80' lang='lat' dir='ltr'><strong>Valente,</strong></span> <span class='ocrx_word' id='word_1_11' title='bbox 1281 464 1604 535; x_wconf 85' lang='lat' dir='ltr'><strong>eaeterisque</strong></span> <span class='ocrx_word' id='word_1_12' title='bbox 1633 463 1919 530; x_wconf 79' lang='lat' dir='ltr'><strong>abdicatis,</strong></span> <span class='ocrx_word' id='word_1_13' title='bbox 1939 475 2182 518; x_wconf 48' lang='lat' dir='ltr'><strong>commu.</strong></span> <span class='ocrx_word' id='word_1_14' title='bbox 2215 463 2267 524; x_wconf 85' lang='lat' dir='ltr'><strong>A</strong></span> <span class='ocrx_word' id='word_1_15' title='bbox 2292 462 2478 531; x_wconf 82' lang='lat' dir='ltr'><strong>cessit,</strong></span> <span class='ocrx_word' id='word_1_16' title='bbox 2512 464 2560 520; x_wconf 91' lang='lat' dir='ltr'><strong>ei</strong></span> <span class='ocrx_word' id='word_1_17' title='bbox 2592 463 2876 535; x_wconf 71' lang='lat' dir='ltr'><strong>prmfuisse</strong></span> <span class='ocrx_word' id='word_1_18' title='bbox 2903 470 3183 536; x_wconf 81' lang='lat' dir='ltr'><strong>appareat.</strong></span> <span class='ocrx_word' id='word_1_19' title='bbox 3218 464 3420 520; x_wconf 71' lang='lat' dir='ltr'><strong>Verum</strong></span> <span class='ocrx_word' id='word_1_20' title='bbox 3451 471 3601 520; x_wconf 85' lang='lat' dir='ltr'><strong>notat</strong></span> <span class='ocrx_word' id='word_1_21' title='bbox 3639 460 3877 530; x_wconf 68' lang='lat' dir='ltr'><strong>lsidm-cs,</strong></span> 
     </span>
    </p>
   </div>
   <div class='ocr_carea' id='block_1_5' title="bbox 591 555 2191 630">
    <p class='ocr_par' dir='ltr' id='par_1_5' title="bbox 591 555 2191 630">
     <span class='ocr_line' id='line_1_5' title="bbox 591 555 2191 630; baseline -0.006 -11"><span class='ocrx_word' id='word_1_22' title='bbox 591 565 813 620; x_wconf 84' lang='lat' dir='ltr'><strong>nionem</strong></span> <span class='ocrx_word' id='word_1_23' title='bbox 860 559 1000 616; x_wconf 90' lang='lat' dir='ltr'><strong>inire</strong></span> <span class='ocrx_word' id='word_1_24' title='bbox 1025 557 1425 630; x_wconf 82' lang='lat' dir='ltr'><strong>compulerunt,</strong></span> <span class='ocrx_word' id='word_1_25' title='bbox 1475 556 1746 627; x_wconf 88' lang='lat' dir='ltr'><strong>fidemque</strong></span> <span class='ocrx_word' id='word_1_26' title='bbox 1788 557 1936 611; x_wconf 89' lang='lat' dir='ltr'><strong>illam</strong></span> <span class='ocrx_word' id='word_1_27' title='bbox 1989 555 2069 610; x_wconf 86' lang='lat' dir='ltr'><strong>sic</strong></span> <span class='ocrx_word' id='word_1_28' title='bbox 2109 555 2191 609; x_wconf 90' lang='lat' dir='ltr'><strong>in-</strong></span> 
     </span>
    </p>
   </div>
   <div class='ocr_carea' id='block_1_6' title="bbox 590 647 2190 726">
    <p class='ocr_par' dir='ltr' id='par_1_6' title="bbox 590 647 2190 726">
     <span class='ocr_line' id='line_1_6' title="bbox 590 647 2190 726; baseline -0.008 -14"><span class='ocrx_word' id='word_1_29' title='bbox 590 654 943 726; x_wconf 76' lang='lat' dir='ltr'><strong>terpolatum,</strong></span> <span class='ocrx_word' id='word_1_30' title='bbox 974 666 1083 722; x_wconf 91' lang='lat' dir='ltr'><strong>quo</strong></span> <span class='ocrx_word' id='word_1_31' title='bbox 1101 649 1520 721; x_wconf 76' lang='lat' dir='ltr'><strong>simplicioribus</strong></span> <span class='ocrx_word' id='word_1_32' title='bbox 1550 648 1905 704; x_wconf 80' lang='lat' dir='ltr'><strong>similitudine</strong></span> <span class='ocrx_word' id='word_1_33' title='bbox 1954 647 2190 703; x_wconf 89' lang='lat' dir='ltr'><strong>nominis</strong></span> 
     </span>
    </p>
   </div>
   <div class='ocr_carea' id='block_1_7' title="bbox 590 742 2192 819">
    <p class='ocr_par' dir='ltr' id='par_1_7' title="bbox 590 742 2192 819">
     <span class='ocr_line' id='line_1_7' title="bbox 590 742 2192 819; baseline -0.007 -13"><span class='ocrx_word' id='word_1_34' title='bbox 590 751 954 819; x_wconf 89' lang='lat' dir='ltr'><strong>imponerent,</strong></span> <span class='ocrx_word' id='word_1_35' title='bbox 979 745 1251 801; x_wconf 60' lang='lat' dir='ltr'><strong>Nicenam</strong></span> <span class='ocrx_word' id='word_1_36' title='bbox 1274 742 1433 799; x_wconf 87' lang='lat' dir='ltr'><strong>fidem</strong></span> <span class='ocrx_word' id='word_1_37' title='bbox 1473 752 1872 813; x_wconf 83' lang='lat' dir='ltr'><strong>nuncuparunt.</strong></span> <span class='ocrx_word' id='word_1_38' title='bbox 1931 742 1995 796; x_wconf 86' lang='lat' dir='ltr'><strong>Et</strong></span> <span class='ocrx_word' id='word_1_39' title='bbox 2044 748 2192 796; x_wconf 92' lang='lat' dir='ltr'><strong>certe</strong></span> 
     </span>
    </p>
   </div>
   <div class='ocr_carea' id='block_1_8' title="bbox 589 836 2191 916">
    <p class='ocr_par' dir='ltr' id='par_1_8' title="bbox 589 836 2191 916">
     <span class='ocr_line' id='line_1_8' title="bbox 589 836 2191 916; baseline -0.006 -18"><span class='ocrx_word' id='word_1_40' title='bbox 589 844 680 916; x_wconf 88' lang='lat' dir='ltr'><strong>qui</strong></span> <span class='ocrx_word' id='word_1_41' title='bbox 711 840 874 898; x_wconf 83' lang='lat' dir='ltr'><strong>ﬁdem</strong></span> <span class='ocrx_word' id='word_1_42' title='bbox 898 840 1066 905; x_wconf 84' lang='lat' dir='ltr'><strong>illam,</strong></span> <span class='ocrx_word' id='word_1_43' title='bbox 1106 853 1266 909; x_wconf 87' lang='lat' dir='ltr'><strong>quam</strong></span> <span class='ocrx_word' id='word_1_44' title='bbox 1296 836 1668 893; x_wconf 84' lang='lat' dir='ltr'><strong>Ariminenses</strong></span> <span class='ocrx_word' id='word_1_45' title='bbox 1695 844 1875 908; x_wconf 72' lang='lat' dir='ltr'><strong>patres</strong></span> <span class='ocrx_word' id='word_1_46' title='bbox 1920 836 2191 905; x_wconf 87' lang='lat' dir='ltr'><strong>subscrip-</strong></span> 
     </span>
    </p>
   </div>
   <div class='ocr_carea' id='block_1_9' title="bbox 590 926 2194 1004">
    <p class='ocr_par' dir='ltr' id='par_1_9' title="bbox 590 926 2194 1004">
     <span class='ocr_line' id='line_1_9' title="bbox 590 926 2194 1004; baseline -0.007 -12"><span class='ocrx_word' id='word_1_47' title='bbox 590 936 828 993; x_wconf 89' lang='lat' dir='ltr'><strong>tionibus</strong></span> <span class='ocrx_word' id='word_1_48' title='bbox 850 934 963 989; x_wconf 85' lang='lat' dir='ltr'><strong>suis</strong></span> <span class='ocrx_word' id='word_1_49' title='bbox 985 934 1287 1004; x_wconf 78' lang='lat' dir='ltr'><strong>approbare</strong></span> <span class='ocrx_word' id='word_1_50' title='bbox 1314 930 1578 1001; x_wconf 81' lang='lat' dir='ltr'><strong>compulsi</strong></span> <span class='ocrx_word' id='word_1_51' title='bbox 1597 939 1745 995; x_wconf 89' lang='lat' dir='ltr'><strong>sunt,</strong></span> <span class='ocrx_word' id='word_1_52' title='bbox 1776 938 1836 984; x_wconf 93' lang='lat' dir='ltr'><strong>ut</strong></span> <span class='ocrx_word' id='word_1_53' title='bbox 1856 926 1998 999; x_wconf 88' lang='lat' dir='ltr'><strong>apud</strong></span> <span class='ocrx_word' id='word_1_54' title='bbox 2028 926 2194 983; x_wconf 81' lang='lat' dir='ltr'><strong>Atha-</strong></span> 
     </span>
    </p>
   </div>
   <div class='ocr_carea' id='block_1_10' title="bbox 592 1021 2191 1101">
    <p class='ocr_par' dir='ltr' id='par_1_10' title="bbox 592 1021 2191 1101">
     <span class='ocr_line' id='line_1_10' title="bbox 592 1021 2191 1101; baseline -0.008 -15"><span class='ocrx_word' id='word_1_55' title='bbox 592 1030 803 1086; x_wconf 87' lang='lat' dir='ltr'><strong>nasium</strong></span> <span class='ocrx_word' id='word_1_56' title='bbox 834 1026 952 1101; x_wconf 76' lang='lat' dir='ltr'><strong>(lib.</strong></span> <span class='ocrx_word' id='word_1_57' title='bbox 981 1025 1046 1081; x_wconf 77' lang='lat' dir='ltr'><strong>de</strong></span> <span class='ocrx_word' id='word_1_58' title='bbox 1076 1024 1281 1097; x_wconf 82' lang='lat' dir='ltr'><strong>Synod.</strong></span> <span class='ocrx_word' id='word_1_59' title='bbox 1309 1039 1429 1094; x_wconf 84' lang='lat' dir='ltr'><strong>pag.</strong></span> <span class='ocrx_word' id='word_1_60' title='bbox 1460 1021 1590 1092; x_wconf 74' lang='lat'><strong>875)</strong></span> <span class='ocrx_word' id='word_1_61' title='bbox 1612 1029 1774 1093; x_wconf 89' lang='lat' dir='ltr'><strong>atque</strong></span> <span class='ocrx_word' id='word_1_62' title='bbox 1802 1021 2191 1092; x_wconf 86' lang='lat' dir='ltr'><strong>Hieronymum</strong></span> 
     </span>
    </p>
   </div>
   <div class='ocr_carea' id='block_1_11' title="bbox 591 1108 2192 1196">
    <p class='ocr_par' dir='ltr' id='par_1_11' title="bbox 591 1108 2192 1196">
     <span class='ocr_line' id='line_1_11' title="bbox 591 1108 2192 1196; baseline -0.007 -15"><span class='ocrx_word' id='word_1_63' title='bbox 591 1131 771 1181; x_wconf 81' lang='lat' dir='ltr'><strong>exstat</strong></span> <span class='ocrx_word' id='word_1_64' title='bbox 793 1120 962 1196; x_wconf 90' lang='lat' dir='ltr'><strong>(Dial.</strong></span> <span class='ocrx_word' id='word_1_65' title='bbox 991 1108 1236 1175; x_wconf 66' lang='lat' dir='ltr'><strong>adversus</strong></span> <span class='ocrx_word' id='word_1_66' title='bbox 1257 1117 1536 1188; x_wconf 58' lang='grc' dir='ltr'><strong>Ζωσίμη),</strong></span> <span class='ocrx_word' id='word_1_67' title='bbox 1562 1116 1904 1172; x_wconf 88' lang='lat' dir='ltr'><strong>contenderit</strong></span> <span class='ocrx_word' id='word_1_68' title='bbox 1927 1130 2048 1171; x_wconf 89' lang='lat' dir='ltr'><strong>cum</strong></span> <span class='ocrx_word' id='word_1_69' title='bbox 2099 1115 2192 1170; x_wconf 87' lang='lat' dir='ltr'><strong>illa</strong></span> 
     </span>
    </p>
   </div>
   <div class='ocr_carea' id='block_1_12' title="bbox 590 1207 2193 1291">
    <p class='ocr_par' dir='ltr' id='par_1_12' title="bbox 590 1207 2193 1291">
     <span class='ocr_line' id='line_1_12' title="bbox 590 1207 2193 1291; baseline -0.009 -14"><span class='ocrx_word' id='word_1_70' title='bbox 590 1236 711 1291; x_wconf 71' lang='lat' dir='ltr'><strong>qua:</strong></span> <span class='ocrx_word' id='word_1_71' title='bbox 732 1216 986 1274; x_wconf 82' lang='lat' dir='ltr'><strong>consules</strong></span> <span class='ocrx_word' id='word_1_72' title='bbox 1004 1213 1213 1282; x_wconf 86' lang='lat' dir='ltr'><strong>habuit,</strong></span> <span class='ocrx_word' id='word_1_73' title='bbox 1249 1211 1591 1284; x_wconf 91' lang='lat' dir='ltr'><strong>perfidiorcm</strong></span> <span class='ocrx_word' id='word_1_74' title='bbox 1623 1213 1674 1265; x_wconf 92' lang='lat' dir='ltr'><strong>in</strong></span> <span class='ocrx_word' id='word_1_75' title='bbox 1704 1224 1772 1265; x_wconf 92' lang='lat' dir='ltr'><strong>eo</strong></span> <span class='ocrx_word' id='word_1_76' title='bbox 1799 1210 2019 1277; x_wconf 88' lang='lat' dir='ltr'><strong>sentiet,</strong></span> <span class='ocrx_word' id='word_1_77' title='bbox 2050 1207 2193 1280; x_wconf 89' lang='lat' dir='ltr'><strong>quod</strong></span> 
     </span>
    </p>
   </div>
   <div class='ocr_carea' id='block_1_13' title="bbox 592 1302 2194 1378">
    <p class='ocr_par' dir='ltr' id='par_1_13' title="bbox 592 1302 2194 1378">
     <span class='ocr_line' id='line_1_13' title="bbox 592 1302 2194 1378; baseline -0.008 -10"><span class='ocrx_word' id='word_1_78' title='bbox 592 1312 702 1368; x_wconf 89' lang='lat' dir='ltr'><strong>duo</strong></span> <span class='ocrx_word' id='word_1_79' title='bbox 725 1311 816 1366; x_wconf 88' lang='lat' dir='ltr'><strong>illa</strong></span> <span class='ocrx_word' id='word_1_80' title='bbox 861 1307 1145 1375; x_wconf 84' lang='lat' dir='ltr'><strong>vocabula,</strong></span> <span class='ocrx_word' id='word_1_81' title='bbox 1178 1323 1270 1378; x_wconf 81' lang='lat' dir='ltr'><strong>per</strong></span> <span class='ocrx_word' id='word_1_82' title='bbox 1298 1305 1495 1371; x_wconf 82' lang='lat' dir='ltr'><strong>omnia,</strong></span> <span class='ocrx_word' id='word_1_83' title='bbox 1536 1319 1659 1375; x_wconf 74' lang='lat' dir='ltr'><strong>quae</strong></span> <span class='ocrx_word' id='word_1_84' title='bbox 1691 1303 1889 1358; x_wconf 87' lang='lat' dir='ltr'><strong>Valens</strong></span> <span class='ocrx_word' id='word_1_85' title='bbox 1934 1304 2012 1375; x_wconf 88' lang='lat' dir='ltr'><strong>(ut</strong></span> <span class='ocrx_word' id='word_1_86' title='bbox 2055 1302 2194 1356; x_wconf 82' lang='lat' dir='ltr'><strong>testis</strong></span> 
     </span>
    </p>
   </div>
   <div class='ocr_carea' id='block_1_14' title="bbox 594 1394 2195 1475">
    <p class='ocr_par' dir='ltr' id='par_1_14' title="bbox 594 1394 2195 1475">
     <span class='ocr_line' id='line_1_14' title="bbox 594 1394 2195 1475; baseline -0.009 -14"><span class='ocrx_word' id='word_1_87' title='bbox 594 1413 672 1461; x_wconf 81' lang='lat' dir='ltr'><strong>est</strong></span> <span class='ocrx_word' id='word_1_88' title='bbox 717 1400 1044 1475; x_wconf 75' lang='lat' dir='ltr'><strong>Epiphanius</strong></span> <span class='ocrx_word' id='word_1_89' title='bbox 1086 1398 1332 1469; x_wconf 77' lang='lat' dir='ltr'><strong>luet-.71)</strong></span> <span class='ocrx_word' id='word_1_90' title='bbox 1382 1397 1580 1453; x_wconf 83' lang='lat' dir='ltr'><strong>invitus</strong></span> <span class='ocrx_word' id='word_1_91' title='bbox 1626 1395 1939 1461; x_wconf 81' lang='lat' dir='ltr'><strong>admiserat,</strong></span> <span class='ocrx_word' id='word_1_92' title='bbox 1992 1396 2042 1448; x_wconf 91' lang='lat' dir='ltr'><strong>in</strong></span> <span class='ocrx_word' id='word_1_93' title='bbox 2092 1394 2195 1449; x_wconf 91' lang='lat' dir='ltr'><strong>ista</strong></span> 
     </span>
    </p>
   </div>
   <div class='ocr_carea' id='block_1_15' title="bbox 592 1486 2197 1564">
    <p class='ocr_par' dir='ltr' id='par_1_15' title="bbox 592 1486 2197 1564">
     <span class='ocr_line' id='line_1_15' title="bbox 592 1486 2197 1564; baseline -0.008 -10"><span class='ocrx_word' id='word_1_94' title='bbox 592 1497 867 1554; x_wconf 84' lang='lat' dir='ltr'><strong>subtracta</strong></span> <span class='ocrx_word' id='word_1_95' title='bbox 897 1505 1040 1559; x_wconf 87' lang='lat' dir='ltr'><strong>sunt,</strong></span> <span class='ocrx_word' id='word_1_96' title='bbox 1068 1502 1265 1549; x_wconf 66' lang='lat' dir='ltr'><strong>caetera</strong></span> <span class='ocrx_word' id='word_1_97' title='bbox 1307 1492 1524 1564; x_wconf 85' lang='lat' dir='ltr'><strong>penitus</strong></span> <span class='ocrx_word' id='word_1_98' title='bbox 1567 1490 1823 1545; x_wconf 81' lang='lat' dir='ltr'><strong>similem.</strong></span> <span class='ocrx_word' id='word_1_99' title='bbox 1868 1486 2197 1543; x_wconf 88' lang='lat' dir='ltr'><strong>Athanasius</strong></span> 
     </span>
    </p>
   </div>
   <div class='ocr_carea' id='block_1_16' title="bbox 593 1582 2194 1662">
    <p class='ocr_par' dir='ltr' id='par_1_16' title="bbox 593 1582 2194 1662">
     <span class='ocr_line' id='line_1_16' title="bbox 593 1582 2194 1662; baseline -0.007 -17"><span class='ocrx_word' id='word_1_100' title='bbox 593 1588 684 1662; x_wconf 82' lang='lat' dir='ltr'><strong>(tle</strong></span> <span class='ocrx_word' id='word_1_101' title='bbox 712 1588 914 1661; x_wconf 81' lang='lat' dir='ltr'><strong>Synod.</strong></span> <span class='ocrx_word' id='word_1_102' title='bbox 948 1604 1069 1660; x_wconf 79' lang='lat' dir='ltr'><strong>pag.</strong></span> <span class='ocrx_word' id='word_1_103' title='bbox 1095 1584 1225 1656; x_wconf 81' lang='lat'><strong>905)</strong></span> <span class='ocrx_word' id='word_1_104' title='bbox 1251 1583 1513 1655; x_wconf 84' lang='lat' dir='ltr'><strong>ejusmodi</strong></span> <span class='ocrx_word' id='word_1_105' title='bbox 1542 1582 2018 1651; x_wconf 87' lang='lat' dir='ltr'><strong>interpolationem</strong></span> <span class='ocrx_word' id='word_1_106' title='bbox 2057 1594 2194 1634; x_wconf 84' lang='lat' dir='ltr'><strong>con-</strong></span> 
     </span>
    </p>
   </div>
   <div class='ocr_carea' id='block_1_17' title="bbox 590 1673 2197 1749">
    <p class='ocr_par' dir='ltr' id='par_1_17' title="bbox 590 1673 2197 1749">
     <span class='ocr_line' id='line_1_17' title="bbox 590 1673 2197 1749; baseline -0.009 -10"><span class='ocrx_word' id='word_1_107' title='bbox 590 1683 719 1739; x_wconf 86' lang='lat' dir='ltr'><strong>cilio</strong></span> <span class='ocrx_word' id='word_1_108' title='bbox 735 1678 1355 1749; x_wconf 81' lang='lat' dir='ltr'><strong>ConstantinOpolitano,</strong></span> <span class='ocrx_word' id='word_1_109' title='bbox 1379 1674 1524 1747; x_wconf 89' lang='lat' dir='ltr'><strong>quod</strong></span> <span class='ocrx_word' id='word_1_110' title='bbox 1548 1673 2032 1745; x_wconf 88' lang='lat' dir='ltr'><strong>postSeleuciense</strong></span> <span class='ocrx_word' id='word_1_111' title='bbox 2061 1675 2197 1726; x_wconf 80' lang='lat' dir='ltr'><strong>Aca-</strong></span> 
     </span>
    </p>
   </div>
   <div class='ocr_carea' id='block_1_18' title="bbox 594 1765 2195 1843">
    <p class='ocr_par' dir='ltr' id='par_1_18' title="bbox 594 1765 2195 1843">
     <span class='ocr_line' id='line_1_18' title="bbox 594 1765 2195 1843; baseline -0.009 -14"><span class='ocrx_word' id='word_1_112' title='bbox 594 1773 734 1830; x_wconf 88' lang='lat' dir='ltr'><strong>ciani</strong></span> <span class='ocrx_word' id='word_1_113' title='bbox 764 1776 1080 1843; x_wconf 86' lang='lat' dir='ltr'><strong>coegerunt,</strong></span> <span class='ocrx_word' id='word_1_114' title='bbox 1112 1769 1320 1826; x_wconf 87' lang='lat' dir='ltr'><strong>tribuit.</strong></span> <span class='ocrx_word' id='word_1_115' title='bbox 1351 1766 1506 1835; x_wconf 87' lang='lat' dir='ltr'><strong>Quod</strong></span> <span class='ocrx_word' id='word_1_116' title='bbox 1531 1765 1579 1822; x_wconf 91' lang='lat' dir='ltr'><strong>si</strong></span> <span class='ocrx_word' id='word_1_117' title='bbox 1597 1775 1703 1833; x_wconf 89' lang='lat' dir='ltr'><strong>est,</strong></span> <span class='ocrx_word' id='word_1_118' title='bbox 1737 1781 1843 1822; x_wconf 92' lang='lat' dir='ltr'><strong>non</strong></span> <span class='ocrx_word' id='word_1_119' title='bbox 1871 1765 2032 1820; x_wconf 89' lang='lat' dir='ltr'><strong>video</strong></span> <span class='ocrx_word' id='word_1_120' title='bbox 2061 1777 2195 1832; x_wconf 83' lang='lat' dir='ltr'><strong>quo-</strong></span> 
     </span>
    </p>
   </div>
   <div class='ocr_carea' id='block_1_19' title="bbox 2296 556 3879 623">
    <p class='ocr_par' dir='ltr' id='par_1_19' title="bbox 2296 556 3879 623">
     <span class='ocr_line' id='line_1_19' title="bbox 2296 556 3879 623; baseline 0 -12"><span class='ocrx_word' id='word_1_121' title='bbox 2296 556 2397 612; x_wconf 93' lang='lat' dir='ltr'><strong>hoc</strong></span> <span class='ocrx_word' id='word_1_122' title='bbox 2425 558 2713 613; x_wconf 89' lang='lat' dir='ltr'><strong>concilium</strong></span> <span class='ocrx_word' id='word_1_123' title='bbox 2744 558 3075 614; x_wconf 81' lang='lat' dir='ltr'><strong>celebratum</strong></span> <span class='ocrx_word' id='word_1_124' title='bbox 3097 558 3258 614; x_wconf 90' lang='lat' dir='ltr'><strong>luisse</strong></span> <span class='ocrx_word' id='word_1_125' title='bbox 3284 572 3392 614; x_wconf 77' lang='lat' dir='ltr'><strong>tera</strong></span> <span class='ocrx_word' id='word_1_126' title='bbox 3423 556 3549 623; x_wconf 71' lang='lat'><strong>428;</strong></span> <span class='ocrx_word' id='word_1_127' title='bbox 3577 556 3694 613; x_wconf 79' lang='lat' dir='ltr'><strong>ha:c</strong></span> <span class='ocrx_word' id='word_1_128' title='bbox 3720 571 3879 612; x_wconf 80' lang='lat' dir='ltr'><strong>autem</strong></span> 
     </span>
    </p>
   </div>
   <div class='ocr_carea' id='block_1_20' title="bbox 2294 650 3880 717">
    <p class='ocr_par' dir='ltr' id='par_1_20' title="bbox 2294 650 3880 717">
     <span class='ocr_line' id='line_1_20' title="bbox 2294 650 3880 717; baseline -0.002 -11"><span class='ocrx_word' id='word_1_129' title='bbox 2294 666 2401 706; x_wconf 74' lang='lat' dir='ltr'><strong>tera</strong></span> <span class='ocrx_word' id='word_1_130' title='bbox 2432 650 2484 705; x_wconf 93' lang='lat' dir='ltr'><strong>in</strong></span> <span class='ocrx_word' id='word_1_131' title='bbox 2511 666 2712 707; x_wconf 88' lang='lat' dir='ltr'><strong>annum</strong></span> <span class='ocrx_word' id='word_1_132' title='bbox 2743 650 2949 707; x_wconf 88' lang='lat' dir='ltr'><strong>Christi</strong></span> <span class='ocrx_word' id='word_1_133' title='bbox 2994 650 3103 709; x_wconf 77' lang='lat'><strong>590</strong></span> <span class='ocrx_word' id='word_1_134' title='bbox 3146 650 3353 717; x_wconf 83' lang='lat' dir='ltr'><strong>incidit,</strong></span> <span class='ocrx_word' id='word_1_135' title='bbox 3383 652 3469 706; x_wconf 91' lang='lat' dir='ltr'><strong>cui</strong></span> <span class='ocrx_word' id='word_1_136' title='bbox 3510 665 3656 707; x_wconf 90' lang='lat' dir='ltr'><strong>anno</strong></span> <span class='ocrx_word' id='word_1_137' title='bbox 3706 650 3880 706; x_wconf 76' lang='lat' dir='ltr'><strong>Valen-</strong></span> 
     </span>
    </p>
   </div>
   <div class='ocr_carea' id='block_1_21' title="bbox 2297 744 3882 813">
    <p class='ocr_par' dir='ltr' id='par_1_21' title="bbox 2297 744 3882 813">
     <span class='ocr_line' id='line_1_21' title="bbox 2297 744 3882 813; baseline 0.002 -14"><span class='ocrx_word' id='word_1_138' title='bbox 2297 745 2556 802; x_wconf 88' lang='lat' dir='ltr'><strong>tinianum</strong></span> <span class='ocrx_word' id='word_1_139' title='bbox 2573 762 2626 802; x_wconf 82' lang='lat' dir='ltr'><strong>tv</strong></span> <span class='ocrx_word' id='word_1_140' title='bbox 2643 756 2699 802; x_wconf 90' lang='lat' dir='ltr'><strong>et</strong></span> <span class='ocrx_word' id='word_1_141' title='bbox 2714 744 3049 811; x_wconf 85' lang='lat' dir='ltr'><strong>Neoterium,</strong></span> <span class='ocrx_word' id='word_1_142' title='bbox 3074 761 3182 801; x_wconf 91' lang='lat' dir='ltr'><strong>non</strong></span> <span class='ocrx_word' id='word_1_143' title='bbox 3195 745 3585 813; x_wconf 83' lang='lat' dir='ltr'><strong>Theodosium,</strong></span> <span class='ocrx_word' id='word_1_144' title='bbox 3610 760 3753 801; x_wconf 87' lang='lat' dir='ltr'><strong>coss.</strong></span> <span class='ocrx_word' id='word_1_145' title='bbox 3780 745 3882 803; x_wconf 80' lang='lat' dir='ltr'><strong>fasti</strong></span> 
     </span>
    </p>
   </div>
   <div class='ocr_carea' id='block_1_22' title="bbox 2295 839 3881 912">
    <p class='ocr_par' dir='ltr' id='par_1_22' title="bbox 2295 839 3881 912">
     <span class='ocr_line' id='line_1_22' title="bbox 2295 839 3881 912; baseline 0.001 -17"><span class='ocrx_word' id='word_1_146' title='bbox 2295 840 2589 911; x_wconf 79' lang='lat' dir='ltr'><strong>assignant.</strong></span> <span class='ocrx_word' id='word_1_147' title='bbox 2618 839 2723 896; x_wconf 89' lang='lat' dir='ltr'><strong>Pro</strong></span> <span class='ocrx_word' id='word_1_148' title='bbox 2755 839 3065 897; x_wconf 87' lang='lat' dir='ltr'><strong>Theodosio</strong></span> <span class='ocrx_word' id='word_1_149' title='bbox 3118 840 3279 912; x_wconf 80' lang='lat' dir='ltr'><strong>igitur</strong></span> <span class='ocrx_word' id='word_1_150' title='bbox 3326 839 3648 897; x_wconf 83' lang='lat' dir='ltr'><strong>Neoterium</strong></span> <span class='ocrx_word' id='word_1_151' title='bbox 3702 840 3881 897; x_wconf 89' lang='lat' dir='ltr'><strong>sushti-</strong></span> 
     </span>
    </p>
   </div>
   <div class='ocr_carea' id='block_1_23' title="bbox 2299 932 3881 1005">
    <p class='ocr_par' dir='ltr' id='par_1_23' title="bbox 2299 932 3881 1005">
     <span class='ocr_line' id='line_1_23' title="bbox 2299 932 3881 1005; baseline 0.003 -18"><span class='ocrx_word' id='word_1_152' title='bbox 2299 932 2561 989; x_wconf 91' lang='lat' dir='ltr'><strong>tuendum</strong></span> <span class='ocrx_word' id='word_1_153' title='bbox 2584 947 2729 1002; x_wconf 84' lang='lat' dir='ltr'><strong>esse,</strong></span> <span class='ocrx_word' id='word_1_154' title='bbox 2762 948 2925 990; x_wconf 87' lang='lat' dir='ltr'><strong>nemo</strong></span> <span class='ocrx_word' id='word_1_155' title='bbox 2945 940 3030 989; x_wconf 89' lang='lat' dir='ltr'><strong>est</strong></span> <span class='ocrx_word' id='word_1_156' title='bbox 3058 932 3149 1005; x_wconf 89' lang='lat' dir='ltr'><strong>qui</strong></span> <span class='ocrx_word' id='word_1_157' title='bbox 3173 949 3278 988; x_wconf 91' lang='lat' dir='ltr'><strong>non</strong></span> <span class='ocrx_word' id='word_1_158' title='bbox 3308 934 3508 990; x_wconf 85' lang='lat' dir='ltr'><strong>videat.</strong></span> <span class='ocrx_word' id='word_1_159' title='bbox 3541 933 3773 991; x_wconf 88' lang='lat' dir='ltr'><strong>Genetlii</strong></span> <span class='ocrx_word' id='word_1_160' title='bbox 3797 951 3881 991; x_wconf 86' lang='lat' dir='ltr'><strong>au-</strong></span> 
     </span>
    </p>
   </div>
   <div class='ocr_carea' id='block_1_24' title="bbox 2298 1026 3883 1094">
    <p class='ocr_par' dir='ltr' id='par_1_24' title="bbox 2298 1026 3883 1094">
     <span class='ocr_line' id='line_1_24' title="bbox 2298 1026 3883 1094; baseline 0.001 -11"><span class='ocrx_word' id='word_1_161' title='bbox 2298 1035 2406 1083; x_wconf 86' lang='lat' dir='ltr'><strong>tem</strong></span> <span class='ocrx_word' id='word_1_162' title='bbox 2432 1040 2627 1083; x_wconf 90' lang='lat' dir='ltr'><strong>nomen</strong></span> <span class='ocrx_word' id='word_1_163' title='bbox 2661 1035 2877 1083; x_wconf 83' lang='lat' dir='ltr'><strong>veteres</strong></span> <span class='ocrx_word' id='word_1_164' title='bbox 2925 1026 3046 1082; x_wconf 84' lang='lat' dir='ltr'><strong>libri</strong></span> <span class='ocrx_word' id='word_1_165' title='bbox 3094 1026 3349 1083; x_wconf 90' lang='lat' dir='ltr'><strong>omnibus</strong></span> <span class='ocrx_word' id='word_1_166' title='bbox 3394 1026 3528 1082; x_wconf 88' lang='lat' dir='ltr'><strong>locis</strong></span> <span class='ocrx_word' id='word_1_167' title='bbox 3575 1026 3795 1094; x_wconf 87' lang='lat' dir='ltr'><strong>habent,</strong></span> <span class='ocrx_word' id='word_1_168' title='bbox 3839 1031 3883 1085; x_wconf 93' lang='lat' dir='ltr'><strong>in</strong></span> 
     </span>
    </p>
   </div>
   <div class='ocr_carea' id='block_1_25' title="bbox 2296 1118 3885 1190">
    <p class='ocr_par' dir='ltr' id='par_1_25' title="bbox 2296 1118 3885 1190">
     <span class='ocr_line' id='line_1_25' title="bbox 2296 1118 3885 1190; baseline 0.003 -17"><span class='ocrx_word' id='word_1_169' title='bbox 2296 1120 2492 1190; x_wconf 87' lang='lat' dir='ltr'><strong>quibus</strong></span> <span class='ocrx_word' id='word_1_170' title='bbox 2531 1120 2873 1176; x_wconf 88' lang='lat' dir='ltr'><strong>coalescente</strong></span> <span class='ocrx_word' id='word_1_171' title='bbox 2914 1120 3093 1176; x_wconf 84' lang='lat' dir='ltr'><strong>littera</strong></span> <span class='ocrx_word' id='word_1_172' title='bbox 3145 1129 3163 1175; x_wconf 91' lang='lat' dir='ltr'><strong>t</strong></span> <span class='ocrx_word' id='word_1_173' title='bbox 3217 1135 3339 1177; x_wconf 90' lang='lat' dir='ltr'><strong>cum</strong></span> <span class='ocrx_word' id='word_1_174' title='bbox 3391 1118 3431 1187; x_wconf 93' lang='grc' dir='ltr'><strong>Ι,</strong></span> <span class='ocrx_word' id='word_1_175' title='bbox 3460 1118 3744 1176; x_wconf 80' lang='lat' dir='ltr'><strong>Genedium</strong></span> <span class='ocrx_word' id='word_1_176' title='bbox 3772 1120 3885 1178; x_wconf 90' lang='lat' dir='ltr'><strong>editi</strong></span> 
     </span>
    </p>
   </div>
   <div class='ocr_carea' id='block_1_26' title="bbox 2298 1211 3884 1285">
    <p class='ocr_par' dir='ltr' id='par_1_26' title="bbox 2298 1211 3884 1285">
     <span class='ocr_line' id='line_1_26' title="bbox 2298 1211 3884 1285; baseline 0.001 -16"><span class='ocrx_word' id='word_1_177' title='bbox 2298 1212 2576 1269; x_wconf 85' lang='lat' dir='ltr'><strong>exhibent.</strong></span> <span class='ocrx_word' id='word_1_178' title='bbox 2644 1213 2711 1268; x_wconf 87' lang='lat' dir='ltr'><strong>Et</strong></span> <span class='ocrx_word' id='word_1_179' title='bbox 2771 1227 2980 1270; x_wconf 81' lang='lat' dir='ltr'><strong>canone</strong></span> <span class='ocrx_word' id='word_1_180' title='bbox 3030 1229 3066 1268; x_wconf 87' lang='lat' dir='ltr'><strong>tt</strong></span> <span class='ocrx_word' id='word_1_181' title='bbox 3120 1213 3279 1281; x_wconf 86' lang='lat' dir='ltr'><strong>hujus</strong></span> <span class='ocrx_word' id='word_1_182' title='bbox 3319 1211 3548 1270; x_wconf 90' lang='lat' dir='ltr'><strong>Concilii</strong></span> <span class='ocrx_word' id='word_1_183' title='bbox 3579 1255 3595 1281; x_wconf 90' lang='lat'><strong>,</strong></span> <span class='ocrx_word' id='word_1_184' title='bbox 3651 1229 3758 1285; x_wconf 91' lang='lat' dir='ltr'><strong>quo</strong></span> <span class='ocrx_word' id='word_1_185' title='bbox 3796 1216 3884 1271; x_wconf 89' lang='lat' dir='ltr'><strong>loci</strong></span> 
     </span>
    </p>
   </div>
   <div class='ocr_carea' id='block_1_27' title="bbox 2300 1304 3885 1379">
    <p class='ocr_par' dir='ltr' id='par_1_27' title="bbox 2300 1304 3885 1379">
     <span class='ocr_line' id='line_1_27' title="bbox 2300 1304 3885 1379; baseline 0.002 -19"><span class='ocrx_word' id='word_1_186' title='bbox 2300 1304 2550 1373; x_wconf 84' lang='lat' dir='ltr'><strong>habetur,</strong></span> <span class='ocrx_word' id='word_1_187' title='bbox 2593 1304 2833 1361; x_wconf 78' lang='lat' dir='ltr'><strong>Aurelius</strong></span> <span class='ocrx_word' id='word_1_188' title='bbox 2861 1305 3149 1378; x_wconf 80' lang='lat' dir='ltr'><strong>Episcopus</strong></span> <span class='ocrx_word' id='word_1_189' title='bbox 3181 1307 3332 1371; x_wconf 71' lang='lat' dir='ltr'><strong>dixit,</strong></span> <span class='ocrx_word' id='word_1_190' title='bbox 3354 1305 3516 1362; x_wconf 87' lang='lat' dir='ltr'><strong>iidem</strong></span> <span class='ocrx_word' id='word_1_191' title='bbox 3548 1306 3669 1364; x_wconf 84' lang='lat' dir='ltr'><strong>libri</strong></span> <span class='ocrx_word' id='word_1_192' title='bbox 3700 1308 3885 1379; x_wconf 85' lang='lat' dir='ltr'><strong>legunt,</strong></span> 
     </span>
    </p>
   </div>
   <div class='ocr_carea' id='block_1_28' title="bbox 2302 1397 3887 1471">
    <p class='ocr_par' dir='ltr' id='par_1_28' title="bbox 2302 1397 3887 1471">
     <span class='ocr_line' id='line_1_28' title="bbox 2302 1397 3887 1471; baseline 0.003 -19"><span class='ocrx_word' id='word_1_193' title='bbox 2302 1397 2594 1470; x_wconf 83' lang='lat' dir='ltr'><strong>Epigonius</strong></span> <span class='ocrx_word' id='word_1_194' title='bbox 2618 1397 2911 1471; x_wconf 76' lang='lat' dir='ltr'><strong>Episcopus</strong></span> <span class='ocrx_word' id='word_1_195' title='bbox 2932 1398 3198 1455; x_wconf 78' lang='lat' dir='ltr'><strong>Bullensis</strong></span> <span class='ocrx_word' id='word_1_196' title='bbox 3224 1399 3488 1471; x_wconf 83' lang='lat' dir='ltr'><strong>regiorum</strong></span> <span class='ocrx_word' id='word_1_197' title='bbox 3516 1399 3672 1455; x_wconf 73' lang='lat' dir='ltr'><strong>dixit.</strong></span> <span class='ocrx_word' id='word_1_198' title='bbox 3706 1401 3887 1468; x_wconf 86' lang='lat' dir='ltr'><strong>Quinto</strong></span> 
     </span>
    </p>
   </div>
   <div class='ocr_carea' id='block_1_29' title="bbox 2302 1491 3883 1563">
    <p class='ocr_par' dir='ltr' id='par_1_29' title="bbox 2302 1491 3883 1563">
     <span class='ocr_line' id='line_1_29' title="bbox 2302 1491 3883 1563; baseline 0.004 -19"><span class='ocrx_word' id='word_1_199' title='bbox 2302 1491 2428 1546; x_wconf 88' lang='lat' dir='ltr'><strong>item</strong></span> <span class='ocrx_word' id='word_1_200' title='bbox 2458 1499 2512 1548; x_wconf 88' lang='lat' dir='ltr'><strong>et</strong></span> <span class='ocrx_word' id='word_1_201' title='bbox 2540 1506 2591 1546; x_wconf 79' lang='lat' dir='ltr'><strong>Vl</strong></span> <span class='ocrx_word' id='word_1_202' title='bbox 2644 1507 2854 1547; x_wconf 88' lang='lat' dir='ltr'><strong>canone</strong></span> <span class='ocrx_word' id='word_1_203' title='bbox 2886 1508 2982 1563; x_wconf 84' lang='lat' dir='ltr'><strong>pro</strong></span> <span class='ocrx_word' id='word_1_204' title='bbox 3012 1492 3234 1549; x_wconf 89' lang='lat' dir='ltr'><strong>Aurelio</strong></span> <span class='ocrx_word' id='word_1_205' title='bbox 3279 1493 3585 1550; x_wconf 87' lang='lat' dir='ltr'><strong>Genetlium</strong></span> <span class='ocrx_word' id='word_1_206' title='bbox 3639 1494 3883 1550; x_wconf 85' lang='lat' dir='ltr'><strong>scribunt.</strong></span> 
     </span>
    </p>
   </div>
   <div class='ocr_carea' id='block_1_30' title="bbox 2301 1582 3889 1658">
    <p class='ocr_par' dir='ltr' id='par_1_30' title="bbox 2301 1582 3889 1658">
     <span class='ocr_line' id='line_1_30' title="bbox 2301 1582 3889 1658; baseline 0.004 -21"><span class='ocrx_word' id='word_1_207' title='bbox 2301 1582 2508 1651; x_wconf 86' lang='lat' dir='ltr'><strong>Quibus</strong></span> <span class='ocrx_word' id='word_1_208' title='bbox 2533 1584 3011 1648; x_wconf 85' lang='lat' dir='ltr'><strong>emendatis.nihil</strong></span> <span class='ocrx_word' id='word_1_209' title='bbox 3036 1595 3287 1658; x_wconf 88' lang='lat' dir='ltr'><strong>superest</strong></span> <span class='ocrx_word' id='word_1_210' title='bbox 3334 1586 3479 1643; x_wconf 88' lang='lat' dir='ltr'><strong>unde</strong></span> <span class='ocrx_word' id='word_1_211' title='bbox 3533 1586 3652 1658; x_wconf 89' lang='lat' dir='ltr'><strong>ejus</strong></span> <span class='ocrx_word' id='word_1_212' title='bbox 3688 1596 3889 1644; x_wconf 86' lang='lat' dir='ltr'><strong>contro-</strong></span> 
     </span>
    </p>
   </div>
   <div class='ocr_carea' id='block_1_31' title="bbox 2302 1675 3889 1751">
    <p class='ocr_par' dir='ltr' id='par_1_31' title="bbox 2302 1675 3889 1751">
     <span class='ocr_line' id='line_1_31' title="bbox 2302 1675 3889 1751; baseline 0.004 -21"><span class='ocrx_word' id='word_1_213' title='bbox 2302 1677 2478 1732; x_wconf 87' lang='lat' dir='ltr'><strong>versia</strong></span> <span class='ocrx_word' id='word_1_214' title='bbox 2508 1675 2670 1750; x_wconf 60' lang='lat'><strong>75.3</strong></span> <span class='ocrx_word' id='word_1_215' title='bbox 2701 1678 2905 1734; x_wconf 89' lang='lat' dir='ltr'><strong>moveri</strong></span> <span class='ocrx_word' id='word_1_216' title='bbox 2961 1691 3143 1751; x_wconf 75' lang='lat' dir='ltr'><strong>queat.</strong></span> <span class='ocrx_word' id='word_1_217' title='bbox 3191 1678 3285 1734; x_wconf 88' lang='lat' dir='ltr'><strong>His</strong></span> <span class='ocrx_word' id='word_1_218' title='bbox 3332 1681 3495 1735; x_wconf 88' lang='lat' dir='ltr'><strong>etiam</strong></span> <span class='ocrx_word' id='word_1_219' title='bbox 3547 1681 3889 1751; x_wconf 82' lang='lat' dir='ltr'><strong>adstipulatur</strong></span> 
     </span>
    </p>
   </div>
   <div class='ocr_carea' id='block_1_32' title="bbox 2303 1770 3887 1847">
    <p class='ocr_par' dir='ltr' id='par_1_32' title="bbox 2303 1770 3887 1847">
     <span class='ocr_line' id='line_1_32' title="bbox 2303 1770 3887 1847; baseline 0.006 -22"><span class='ocrx_word' id='word_1_220' title='bbox 2303 1770 2622 1841; x_wconf 79' lang='lat' dir='ltr'><strong>Fulgentius</strong></span> <span class='ocrx_word' id='word_1_221' title='bbox 2644 1772 2953 1829; x_wconf 86' lang='lat' dir='ltr'><strong>Ferrandns</strong></span> <span class='ocrx_word' id='word_1_222' title='bbox 2983 1772 3431 1847; x_wconf 84' lang='lat' dir='ltr'><strong>Carthaginensis</strong></span> <span class='ocrx_word' id='word_1_223' title='bbox 3478 1777 3740 1836; x_wconf 86' lang='lat' dir='ltr'><strong>diaconus</strong></span> <span class='ocrx_word' id='word_1_224' title='bbox 3763 1821 3779 1845; x_wconf 91' lang='lat'><strong>,</strong></span> <span class='ocrx_word' id='word_1_225' title='bbox 3806 1795 3887 1834; x_wconf 85' lang='lat' dir='ltr'><strong>ett-</strong></span> 
     </span>
    </p>
   </div>
   <div class='ocr_carea' id='block_1_33' title="bbox 595 1857 3886 1937">
    <p class='ocr_par' dir='ltr' id='par_1_33' title="bbox 595 1857 3886 1937">
     <span class='ocr_line' id='line_1_33' title="bbox 595 1857 3886 1937; baseline 0.002 -17"><span class='ocrx_word' id='word_1_226' title='bbox 595 1865 761 1922; x_wconf 90' lang='lat' dir='ltr'><strong>modo</strong></span> <span class='ocrx_word' id='word_1_227' title='bbox 798 1880 922 1920; x_wconf 72' lang='lat' dir='ltr'><strong>terte</strong></span> <span class='ocrx_word' id='word_1_228' title='bbox 972 1864 1116 1919; x_wconf 86' lang='lat' dir='ltr'><strong>inter</strong></span> <span class='ocrx_word' id='word_1_229' title='bbox 1160 1876 1219 1918; x_wconf 88' lang='lat' dir='ltr'><strong>se</strong></span> <span class='ocrx_word' id='word_1_230' title='bbox 1273 1876 1380 1915; x_wconf 93' lang='lat' dir='ltr'><strong>non</strong></span> <span class='ocrx_word' id='word_1_231' title='bbox 1426 1859 1755 1928; x_wconf 89' lang='lat' dir='ltr'><strong>discrepent.</strong></span> <span class='ocrx_word' id='word_1_232' title='bbox 1808 1857 2194 1928; x_wconf 83' lang='lat' dir='ltr'><strong>Fragmentum</strong></span> <span class='ocrx_word' id='word_1_233' title='bbox 2228 1872 2273 1933; x_wconf 75' lang='grc' dir='ltr'><strong>Β</strong></span> <span class='ocrx_word' id='word_1_234' title='bbox 2297 1861 2386 1934; x_wconf 90' lang='lat' dir='ltr'><strong>jus</strong></span> <span class='ocrx_word' id='word_1_235' title='bbox 2408 1863 2666 1920; x_wconf 85' lang='lat' dir='ltr'><strong>Breviarii</strong></span> <span class='ocrx_word' id='word_1_236' title='bbox 2710 1880 2976 1921; x_wconf 88' lang='lat' dir='ltr'><strong>canonum</strong></span> <span class='ocrx_word' id='word_1_237' title='bbox 3029 1880 3150 1937; x_wconf 86' lang='lat' dir='ltr'><strong>cap.</strong></span> <span class='ocrx_word' id='word_1_238' title='bbox 3188 1867 3307 1924; x_wconf 64' lang='lat'><strong>194</strong></span> <span class='ocrx_word' id='word_1_239' title='bbox 3387 1869 3502 1924; x_wconf 72' lang='lat' dir='ltr'><strong>haec</strong></span> <span class='ocrx_word' id='word_1_240' title='bbox 3550 1870 3714 1925; x_wconf 88' lang='lat' dir='ltr'><strong>verba</strong></span> <span class='ocrx_word' id='word_1_241' title='bbox 3758 1879 3886 1935; x_wconf 87' lang='lat' dir='ltr'><strong>sunt,</strong></span> 
     </span>
    </p>
   </div>
   <div class='ocr_carea' id='block_1_34' title="bbox 595 1946 2194 2022">
    <p class='ocr_par' dir='ltr' id='par_1_34' title="bbox 595 1946 2194 2022">
     <span class='ocr_line' id='line_1_34' title="bbox 595 1946 2194 2022; baseline -0.008 -9"><span class='ocrx_word' id='word_1_242' title='bbox 595 1958 740 2013; x_wconf 82' lang='lat' dir='ltr'><strong>enim</strong></span> <span class='ocrx_word' id='word_1_243' title='bbox 771 1955 979 2013; x_wconf 68' lang='lat' dir='ltr'><strong>Nicmni</strong></span> <span class='ocrx_word' id='word_1_244' title='bbox 1010 1952 1394 2015; x_wconf 88' lang='lat' dir='ltr'><strong>conventiculi,</strong></span> <span class='ocrx_word' id='word_1_245' title='bbox 1427 1949 1570 2022; x_wconf 89' lang='lat' dir='ltr'><strong>quod</strong></span> <span class='ocrx_word' id='word_1_246' title='bbox 1617 1951 1704 2005; x_wconf 87' lang='lat' dir='ltr'><strong>hic</strong></span> <span class='ocrx_word' id='word_1_247' title='bbox 1745 1949 1923 2006; x_wconf 89' lang='lat' dir='ltr'><strong>editur</strong></span> <span class='ocrx_word' id='word_1_248' title='bbox 1952 1946 2194 2022; x_wconf 82' lang='lat' dir='ltr'><strong>(Fragm.</strong></span> 
     </span>
    </p>
   </div>
   <div class='ocr_carea' id='block_1_35' title="bbox 593 2041 2200 2123">
    <p class='ocr_par' dir='ltr' id='par_1_35' title="bbox 593 2041 2200 2123">
     <span class='ocr_line' id='line_1_35' title="bbox 593 2041 2200 2123; baseline -0.008 -15"><span class='ocrx_word' id='word_1_249' title='bbox 593 2067 710 2115; x_wconf 82' lang='lat' dir='ltr'><strong>vui,</strong></span> <span class='ocrx_word' id='word_1_250' title='bbox 735 2069 789 2105; x_wconf 92' lang='lat' dir='ltr'><strong>n.</strong></span> <span class='ocrx_word' id='word_1_251' title='bbox 822 2049 902 2123; x_wconf 80' lang='lat'><strong>5),</strong></span> <span class='ocrx_word' id='word_1_252' title='bbox 929 2058 1111 2104; x_wconf 87' lang='lat' dir='ltr'><strong>actum</strong></span> <span class='ocrx_word' id='word_1_253' title='bbox 1138 2046 1304 2102; x_wconf 86' lang='lat' dir='ltr'><strong>fuisse</strong></span> <span class='ocrx_word' id='word_1_254' title='bbox 1333 2044 1464 2100; x_wconf 92' lang='lat' dir='ltr'><strong>illud</strong></span> <span class='ocrx_word' id='word_1_255' title='bbox 1486 2044 1920 2100; x_wconf 89' lang='lat' dir='ltr'><strong>conventiculum</strong></span> <span class='ocrx_word' id='word_1_256' title='bbox 1973 2057 2026 2095; x_wconf 87' lang='lat' dir='ltr'><strong>vt</strong></span> <span class='ocrx_word' id='word_1_257' title='bbox 2079 2041 2200 2096; x_wconf 92' lang='lat' dir='ltr'><strong>idus</strong></span> 
     </span>
    </p>
   </div>
   <div class='ocr_carea' id='block_1_36' title="bbox 594 2138 2201 2213">
    <p class='ocr_par' dir='ltr' id='par_1_36' title="bbox 594 2138 2201 2213">
     <span class='ocr_line' id='line_1_36' title="bbox 594 2138 2201 2213; baseline -0.007 -9"><span class='ocrx_word' id='word_1_258' title='bbox 594 2146 858 2213; x_wconf 77' lang='lat' dir='ltr'><strong>octobris,</strong></span> <span class='ocrx_word' id='word_1_259' title='bbox 891 2143 1080 2200; x_wconf 89' lang='lat' dir='ltr'><strong>iisdem</strong></span> <span class='ocrx_word' id='word_1_260' title='bbox 1112 2141 1351 2198; x_wconf 83' lang='lat' dir='ltr'><strong>Eusebio</strong></span> <span class='ocrx_word' id='word_1_261' title='bbox 1397 2151 1452 2196; x_wconf 90' lang='lat' dir='ltr'><strong>et</strong></span> <span class='ocrx_word' id='word_1_262' title='bbox 1493 2139 1724 2212; x_wconf 82' lang='lat' dir='ltr'><strong>Hypatio</strong></span> <span class='ocrx_word' id='word_1_263' title='bbox 1753 2138 2068 2194; x_wconf 89' lang='lat' dir='ltr'><strong>consulibus</strong></span> <span class='ocrx_word' id='word_1_264' title='bbox 2120 2139 2201 2193; x_wconf 90' lang='lat' dir='ltr'><strong>in-</strong></span> 
     </span>
    </p>
   </div>
   <div class='ocr_carea' id='block_1_37' title="bbox 594 2229 2203 2317">
    <p class='ocr_par' dir='ltr' id='par_1_37' title="bbox 594 2229 2203 2317">
     <span class='ocr_line' id='line_1_37' title="bbox 594 2229 2203 2317; baseline -0.01 -18"><span class='ocrx_word' id='word_1_265' title='bbox 594 2241 743 2299; x_wconf 83' lang='lat' dir='ltr'><strong>dicat</strong></span> <span class='ocrx_word' id='word_1_266' title='bbox 785 2238 933 2314; x_wconf 84' lang='lat' dir='ltr'><strong>(nisi</strong></span> <span class='ocrx_word' id='word_1_267' title='bbox 988 2239 1216 2293; x_wconf 90' lang='lat' dir='ltr'><strong>fortasse</strong></span> <span class='ocrx_word' id='word_1_268' title='bbox 1272 2237 1324 2291; x_wconf 93' lang='lat' dir='ltr'><strong>in</strong></span> <span class='ocrx_word' id='word_1_269' title='bbox 1382 2235 1644 2317; x_wconf 46' lang='lat' dir='ltr'><strong>tetn’poris</strong></span> <span class='ocrx_word' id='word_1_270' title='bbox 1696 2233 2070 2305; x_wconf 74' lang='lat' dir='ltr'><strong>designatione</strong></span> <span class='ocrx_word' id='word_1_271' title='bbox 2100 2229 2203 2303; x_wconf 81' lang='grc' dir='ltr'><strong>(α)</strong></span> 
     </span>
    </p>
   </div>
   <div class='ocr_carea' id='block_1_38' title="bbox 602 2323 2201 2401">
    <p class='ocr_par' dir='ltr' id='par_1_38' title="bbox 602 2323 2201 2401">
     <span class='ocr_line' id='line_1_38' title="bbox 602 2323 2201 2401; baseline -0.007 -12"><span class='ocrx_word' id='word_1_272' title='bbox 602 2331 859 2390; x_wconf 89' lang='lat' dir='ltr'><strong>mendum</strong></span> <span class='ocrx_word' id='word_1_273' title='bbox 890 2330 1213 2401; x_wconf 86' lang='lat' dir='ltr'><strong>obrepserit,</strong></span> <span class='ocrx_word' id='word_1_274' title='bbox 1264 2327 1477 2399; x_wconf 75' lang='lat' dir='ltr'><strong>legique</strong></span> <span class='ocrx_word' id='word_1_275' title='bbox 1524 2342 1573 2382; x_wconf 78' lang='lat' dir='ltr'><strong>vr</strong></span> <span class='ocrx_word' id='word_1_276' title='bbox 1623 2326 1747 2381; x_wconf 87' lang='lat' dir='ltr'><strong>ldus</strong></span> <span class='ocrx_word' id='word_1_277' title='bbox 1787 2325 2051 2381; x_wconf 87' lang='lat' dir='ltr'><strong>Novemb.</strong></span> <span class='ocrx_word' id='word_1_278' title='bbox 2101 2323 2201 2378; x_wconf 86' lang='lat' dir='ltr'><strong>de-</strong></span> 
     </span>
    </p>
   </div>
   <div class='ocr_carea' id='block_1_39' title="bbox 598 2418 2203 2499">
    <p class='ocr_par' dir='ltr' id='par_1_39' title="bbox 598 2418 2203 2499">
     <span class='ocr_line' id='line_1_39' title="bbox 598 2418 2203 2499; baseline -0.006 -15"><span class='ocrx_word' id='word_1_279' title='bbox 598 2425 765 2499; x_wconf 88' lang='lat' dir='ltr'><strong>beat)</strong></span> <span class='ocrx_word' id='word_1_280' title='bbox 790 2444 803 2494; x_wconf 89' lang='lat'><strong>;</strong></span> <span class='ocrx_word' id='word_1_281' title='bbox 832 2425 1182 2483; x_wconf 85' lang='lat' dir='ltr'><strong>Seleuciense</strong></span> <span class='ocrx_word' id='word_1_282' title='bbox 1210 2438 1338 2478; x_wconf 88' lang='lat' dir='ltr'><strong>vero</strong></span> <span class='ocrx_word' id='word_1_283' title='bbox 1364 2423 1668 2479; x_wconf 89' lang='lat' dir='ltr'><strong>Concilium</strong></span> <span class='ocrx_word' id='word_1_284' title='bbox 1698 2423 1889 2493; x_wconf 92' lang='lat' dir='ltr'><strong>quinto</strong></span> <span class='ocrx_word' id='word_1_285' title='bbox 1907 2420 2006 2476; x_wconf 88' lang='lat' dir='ltr'><strong>cal.</strong></span> <span class='ocrx_word' id='word_1_286' title='bbox 2040 2418 2203 2475; x_wconf 89' lang='lat' dir='ltr'><strong>Octo-</strong></span> 
     </span>
    </p>
   </div>
   <div class='ocr_carea' id='block_1_40' title="bbox 600 2514 2193 2591">
    <p class='ocr_par' dir='ltr' id='par_1_40' title="bbox 600 2514 2193 2591">
     <span class='ocr_line' id='line_1_40' title="bbox 600 2514 2193 2591; baseline -0.008 -12"><span class='ocrx_word' id='word_1_287' title='bbox 600 2523 716 2580; x_wconf 91' lang='lat' dir='ltr'><strong>bris</strong></span> <span class='ocrx_word' id='word_1_288' title='bbox 744 2522 1067 2591; x_wconf 71' lang='lat' dir='ltr'><strong>inemptum,</strong></span> <span class='ocrx_word' id='word_1_289' title='bbox 1118 2518 1525 2588; x_wconf 86' lang='lat' dir='ltr'><strong>locupletissimi</strong></span> <span class='ocrx_word' id='word_1_290' title='bbox 1573 2527 1698 2573; x_wconf 90' lang='lat' dir='ltr'><strong>sunt</strong></span> <span class='ocrx_word' id='word_1_291' title='bbox 1750 2525 1918 2572; x_wconf 88' lang='lat' dir='ltr'><strong>testes</strong></span> <span class='ocrx_word' id='word_1_292' title='bbox 1959 2514 2193 2569; x_wconf 81' lang='lat' dir='ltr'><strong>Athana-</strong></span> 
     </span>
    </p>
   </div>
   <div class='ocr_carea' id='block_1_41' title="bbox 597 2604 2203 2683">
    <p class='ocr_par' dir='ltr' id='par_1_41' title="bbox 597 2604 2203 2683">
     <span class='ocr_line' id='line_1_41' title="bbox 597 2604 2203 2683; baseline -0.007 -14"><span class='ocrx_word' id='word_1_293' title='bbox 597 2614 732 2682; x_wconf 80' lang='lat' dir='ltr'><strong>sius,</strong></span> <span class='ocrx_word' id='word_1_294' title='bbox 764 2622 821 2669; x_wconf 88' lang='lat' dir='ltr'><strong>et</strong></span> <span class='ocrx_word' id='word_1_295' title='bbox 846 2611 989 2683; x_wconf 88' lang='lat' dir='ltr'><strong>apud</strong></span> <span class='ocrx_word' id='word_1_296' title='bbox 1010 2610 1290 2667; x_wconf 88' lang='lat' dir='ltr'><strong>Socratem</strong></span> <span class='ocrx_word' id='word_1_297' title='bbox 1327 2609 1562 2664; x_wconf 88' lang='lat' dir='ltr'><strong>Sabinus</strong></span> <span class='ocrx_word' id='word_1_298' title='bbox 1594 2607 1706 2682; x_wconf 85' lang='lat' dir='ltr'><strong>(lib.</strong></span> <span class='ocrx_word' id='word_1_299' title='bbox 1740 2624 1800 2672; x_wconf 86' lang='lat' dir='ltr'><strong>ll,</strong></span> <span class='ocrx_word' id='word_1_300' title='bbox 1843 2624 1891 2662; x_wconf 78' lang='grc' dir='ltr'><strong>ο.</strong></span> <span class='ocrx_word' id='word_1_301' title='bbox 1945 2604 2059 2678; x_wconf 80' lang='grc'><strong>59).</strong></span> <span class='ocrx_word' id='word_1_302' title='bbox 2086 2605 2203 2659; x_wconf 86' lang='grc' dir='ltr'><strong>Νοη</strong></span> 
     </span>
    </p>
   </div>
   <div class='ocr_carea' id='block_1_42' title="bbox 592 2698 2202 2772">
    <p class='ocr_par' dir='ltr' id='par_1_42' title="bbox 592 2698 2202 2772">
     <span class='ocr_line' id='line_1_42' title="bbox 592 2698 2202 2772; baseline -0.006 -10"><span class='ocrx_word' id='word_1_303' title='bbox 592 2707 702 2762; x_wconf 88' lang='lat' dir='ltr'><strong>fert</strong></span> <span class='ocrx_word' id='word_1_304' title='bbox 752 2714 930 2761; x_wconf 88' lang='lat' dir='ltr'><strong>autem</strong></span> <span class='ocrx_word' id='word_1_305' title='bbox 968 2703 1208 2758; x_wconf 89' lang='lat' dir='ltr'><strong>locorum</strong></span> <span class='ocrx_word' id='word_1_306' title='bbox 1240 2700 1516 2767; x_wconf 82' lang='lat' dir='ltr'><strong>distantia,</strong></span> <span class='ocrx_word' id='word_1_307' title='bbox 1566 2701 1648 2756; x_wconf 84' lang='lat' dir='ltr'><strong>vel</strong></span> <span class='ocrx_word' id='word_1_308' title='bbox 1694 2701 1893 2772; x_wconf 90' lang='lat' dir='ltr'><strong>negotii</strong></span> <span class='ocrx_word' id='word_1_309' title='bbox 1938 2698 2202 2761; x_wconf 89' lang='lat' dir='ltr'><strong>conditio,</strong></span> 
     </span>
    </p>
   </div>
   <div class='ocr_carea' id='block_1_43' title="bbox 598 2792 2203 2869">
    <p class='ocr_par' dir='ltr' id='par_1_43' title="bbox 598 2792 2203 2869">
     <span class='ocr_line' id='line_1_43' title="bbox 598 2792 2203 2869; baseline -0.005 -15"><span class='ocrx_word' id='word_1_310' title='bbox 598 2797 771 2869; x_wconf 85' lang='lat' dir='ltr'><strong>utqui</strong></span> <span class='ocrx_word' id='word_1_311' title='bbox 813 2794 1320 2853; x_wconf 63' lang='lat' dir='ltr'><strong>Seleueimlsaurize</strong></span> <span class='ocrx_word' id='word_1_312' title='bbox 1352 2794 1514 2850; x_wconf 87' lang='lat' dir='ltr'><strong>vcal.</strong></span> <span class='ocrx_word' id='word_1_313' title='bbox 1560 2794 1741 2849; x_wconf 88' lang='lat' dir='ltr'><strong>octob.</strong></span> <span class='ocrx_word' id='word_1_314' title='bbox 1795 2792 2017 2858; x_wconf 91' lang='lat' dir='ltr'><strong>fuerint,</strong></span> <span class='ocrx_word' id='word_1_315' title='bbox 2066 2792 2203 2846; x_wconf 86' lang='lat' dir='ltr'><strong>intra</strong></span> 
     </span>
    </p>
   </div>
   <div class='ocr_carea' id='block_1_44' title="bbox 597 2884 2204 2961">
    <p class='ocr_par' dir='ltr' id='par_1_44' title="bbox 597 2884 2204 2961">
     <span class='ocr_line' id='line_1_44' title="bbox 597 2884 2204 2961; baseline -0.004 -15"><span class='ocrx_word' id='word_1_316' title='bbox 597 2907 658 2948; x_wconf 71' lang='lat' dir='ltr'><strong>v1</strong></span> <span class='ocrx_word' id='word_1_317' title='bbox 690 2891 812 2946; x_wconf 89' lang='lat' dir='ltr'><strong>idus</strong></span> <span class='ocrx_word' id='word_1_318' title='bbox 837 2887 1081 2961; x_wconf 87' lang='lat' dir='ltr'><strong>ejusdem</strong></span> <span class='ocrx_word' id='word_1_319' title='bbox 1125 2885 1330 2944; x_wconf 88' lang='lat' dir='ltr'><strong>mensis</strong></span> <span class='ocrx_word' id='word_1_320' title='bbox 1366 2887 1864 2958; x_wconf 88' lang='lat' dir='ltr'><strong>Constantinopolis</strong></span> <span class='ocrx_word' id='word_1_321' title='bbox 1912 2884 2204 2943; x_wconf 89' lang='lat' dir='ltr'><strong>concilium</strong></span> 
     </span>
    </p>
   </div>
   <div class='ocr_carea' id='block_1_45' title="bbox 596 2979 1391 3051">
    <p class='ocr_par' dir='ltr' id='par_1_45' title="bbox 596 2979 1391 3051">
     <span class='ocr_line' id='line_1_45' title="bbox 596 2979 1391 3051; baseline -0.008 -10"><span class='ocrx_word' id='word_1_322' title='bbox 596 2982 914 3047; x_wconf 85' lang='lat' dir='ltr'><strong>habuerint,</strong></span> <span class='ocrx_word' id='word_1_323' title='bbox 942 2995 1006 3038; x_wconf 89' lang='lat' dir='ltr'><strong>ac</strong></span> <span class='ocrx_word' id='word_1_324' title='bbox 1038 2979 1391 3051; x_wconf 86' lang='lat' dir='ltr'><strong>perfecerint.</strong></span> 
     </span>
    </p>
   </div>
   <div class='ocr_carea' id='block_1_46' title="bbox 677 3064 2203 3146">
    <p class='ocr_par' dir='ltr' id='par_1_46' title="bbox 677 3064 2203 3146">
     <span class='ocr_line' id='line_1_46' title="bbox 677 3064 2203 3146; baseline -0.002 -12"><span class='ocrx_word' id='word_1_325' title='bbox 677 3080 769 3136; x_wconf 75' lang='lat'><strong>29.</strong></span> <span class='ocrx_word' id='word_1_326' title='bbox 804 3077 1034 3146; x_wconf 83' lang='lat' dir='ltr'><strong>Quinam</strong></span> <span class='ocrx_word' id='word_1_327' title='bbox 1058 3064 1357 3132; x_wconf 81' lang='lat' dir='ltr'><strong>autemilli</strong></span> <span class='ocrx_word' id='word_1_328' title='bbox 1376 3075 1739 3131; x_wconf 87' lang='lat' dir='ltr'><strong>Ariminensis</strong></span> <span class='ocrx_word' id='word_1_329' title='bbox 1765 3078 1981 3134; x_wconf 90' lang='lat' dir='ltr'><strong>concilii</strong></span> <span class='ocrx_word' id='word_1_330' title='bbox 2009 3078 2074 3133; x_wconf 89' lang='lat' dir='ltr'><strong>ad</strong></span> <span class='ocrx_word' id='word_1_331' title='bbox 2096 3077 2203 3132; x_wconf 89' lang='lat' dir='ltr'><strong>lm-</strong></span> 
     </span>
    </p>
   </div>
   <div class='ocr_carea' id='block_1_47' title="bbox 592 3170 2207 3246">
    <p class='ocr_par' dir='ltr' id='par_1_47' title="bbox 592 3170 2207 3246">
     <span class='ocr_line' id='line_1_47' title="bbox 592 3170 2207 3246; baseline -0.003 -15"><span class='ocrx_word' id='word_1_332' title='bbox 592 3182 905 3246; x_wconf 88' lang='lat' dir='ltr'><strong>peratorem</strong></span> <span class='ocrx_word' id='word_1_333' title='bbox 927 3170 1114 3244; x_wconf 87' lang='lat' dir='ltr'><strong>legati,</strong></span> <span class='ocrx_word' id='word_1_334' title='bbox 1151 3171 1235 3226; x_wconf 86' lang='lat' dir='ltr'><strong>vel</strong></span> <span class='ocrx_word' id='word_1_335' title='bbox 1272 3170 1427 3241; x_wconf 90' lang='lat' dir='ltr'><strong>cujus</strong></span> <span class='ocrx_word' id='word_1_336' title='bbox 1473 3171 1527 3225; x_wconf 93' lang='lat' dir='ltr'><strong>in</strong></span> <span class='ocrx_word' id='word_1_337' title='bbox 1575 3170 1818 3226; x_wconf 88' lang='lat' dir='ltr'><strong>Ecclesia</strong></span> <span class='ocrx_word' id='word_1_338' title='bbox 1864 3171 2063 3242; x_wconf 89' lang='lat' dir='ltr'><strong>gradus</strong></span> <span class='ocrx_word' id='word_1_339' title='bbox 2113 3179 2207 3226; x_wconf 90' lang='lat' dir='ltr'><strong>aut</strong></span> 
     </span>
    </p>
   </div>
   <div class='ocr_carea' id='block_1_48' title="bbox 2310 1956 3888 2029">
    <p class='ocr_par' dir='ltr' id='par_1_48' title="bbox 2310 1956 3888 2029">
     <span class='ocr_line' id='line_1_48' title="bbox 2310 1956 3888 2029; baseline 0.006 -20"><span class='ocrx_word' id='word_1_340' title='bbox 2310 1974 2330 2009; x_wconf 71' lang='grc' dir='ltr'><strong><em>ι</em></strong></span> <span class='ocrx_word' id='word_1_341' title='bbox 2380 1967 2435 2011; x_wconf 91' lang='lat' dir='ltr'><strong>ut</strong></span> <span class='ocrx_word' id='word_1_342' title='bbox 2458 1958 2549 2028; x_wconf 90' lang='lat' dir='ltr'><strong>qui</strong></span> <span class='ocrx_word' id='word_1_343' title='bbox 2578 1956 2847 2028; x_wconf 89' lang='lat' dir='ltr'><strong>aliquibus</strong></span> <span class='ocrx_word' id='word_1_344' title='bbox 2875 1959 3177 2016; x_wconf 91' lang='lat' dir='ltr'><strong>sceleribus</strong></span> <span class='ocrx_word' id='word_1_345' title='bbox 3203 1960 3443 2017; x_wconf 88' lang='lat' dir='ltr'><strong>irretitus</strong></span> <span class='ocrx_word' id='word_1_346' title='bbox 3464 1970 3578 2029; x_wconf 90' lang='lat' dir='ltr'><strong>est,</strong></span> <span class='ocrx_word' id='word_1_347' title='bbox 3603 1978 3786 2018; x_wconf 80' lang='lat' dir='ltr'><strong>vocem</strong></span> <span class='ocrx_word' id='word_1_348' title='bbox 3808 1978 3888 2019; x_wconf 86' lang='lat' dir='ltr'><strong>ac-</strong></span> 
     </span>
    </p>
   </div>
   <div class='ocr_carea' id='block_1_49' title="bbox 2303 2049 3891 2118">
    <p class='ocr_par' dir='ltr' id='par_1_49' title="bbox 2303 2049 3891 2118">
     <span class='ocr_line' id='line_1_49' title="bbox 2303 2049 3891 2118; baseline 0.006 -15"><span class='ocrx_word' id='word_1_349' title='bbox 2303 2049 2532 2104; x_wconf 86' lang='lat' dir='ltr'><strong>cusandi</strong></span> <span class='ocrx_word' id='word_1_350' title='bbox 2565 2064 2671 2105; x_wconf 92' lang='lat' dir='ltr'><strong>non</strong></span> <span class='ocrx_word' id='word_1_351' title='bbox 2704 2049 2917 2118; x_wconf 89' lang='lat' dir='ltr'><strong>habeat,</strong></span> <span class='ocrx_word' id='word_1_352' title='bbox 2970 2052 3177 2109; x_wconf 90' lang='lat' dir='ltr'><strong>Concil.</strong></span> <span class='ocrx_word' id='word_1_353' title='bbox 3223 2052 3410 2109; x_wconf 90' lang='lat' dir='ltr'><strong>Carth.</strong></span> <span class='ocrx_word' id='word_1_354' title='bbox 3441 2053 3542 2110; x_wconf 79' lang='lat' dir='ltr'><strong>sub</strong></span> <span class='ocrx_word' id='word_1_355' title='bbox 3570 2062 3757 2111; x_wconf 85' lang='lat' dir='ltr'><strong>sancto</strong></span> <span class='ocrx_word' id='word_1_356' title='bbox 3799 2054 3891 2112; x_wconf 86' lang='lat' dir='ltr'><strong>Ge—</strong></span> 
     </span>
    </p>
   </div>
   <div class='ocr_carea' id='block_1_50' title="bbox 2303 2142 3891 2220">
    <p class='ocr_par' dir='ltr' id='par_1_50' title="bbox 2303 2142 3891 2220">
     <span class='ocr_line' id='line_1_50' title="bbox 2303 2142 3891 2220; baseline 0.004 -24"><span class='ocrx_word' id='word_1_357' title='bbox 2303 2142 2471 2197; x_wconf 90' lang='lat' dir='ltr'><strong>netlio</strong></span> <span class='ocrx_word' id='word_1_358' title='bbox 2496 2143 2574 2196; x_wconf 89' lang='lat' dir='ltr'><strong>tit.</strong></span> <span class='ocrx_word' id='word_1_359' title='bbox 2606 2159 2656 2197; x_wconf 86' lang='lat' dir='ltr'><strong>vi</strong></span> <span class='ocrx_word' id='word_1_360' title='bbox 2697 2161 2716 2194; x_wconf 76' lang='grc' dir='ltr'><strong><em>ι</em></strong></span> <span class='ocrx_word' id='word_1_361' title='bbox 2745 2143 2887 2214; x_wconf 90' lang='lat' dir='ltr'><strong>quod</strong></span> <span class='ocrx_word' id='word_1_362' title='bbox 2917 2144 2971 2200; x_wconf 91' lang='lat' dir='ltr'><strong>in</strong></span> <span class='ocrx_word' id='word_1_363' title='bbox 3003 2146 3125 2210; x_wconf 88' lang='lat' dir='ltr'><strong>hoc,</strong></span> <span class='ocrx_word' id='word_1_364' title='bbox 3152 2144 3218 2201; x_wconf 90' lang='lat' dir='ltr'><strong>de</strong></span> <span class='ocrx_word' id='word_1_365' title='bbox 3242 2161 3349 2217; x_wconf 90' lang='lat' dir='ltr'><strong>quo</strong></span> <span class='ocrx_word' id='word_1_366' title='bbox 3393 2148 3625 2220; x_wconf 87' lang='lat' dir='ltr'><strong>agimus,</strong></span> <span class='ocrx_word' id='word_1_367' title='bbox 3679 2148 3891 2204; x_wconf 86' lang='lat' dir='ltr'><strong>concilio</strong></span> 
     </span>
    </p>
   </div>
   <div class='ocr_carea' id='block_1_51' title="bbox 2302 2236 3425 2296">
    <p class='ocr_par' dir='ltr' id='par_1_51' title="bbox 2302 2236 3425 2296">
     <span class='ocr_line' id='line_1_51' title="bbox 2302 2236 3425 2296; baseline 0.003 -5"><span class='ocrx_word' id='word_1_368' title='bbox 2302 2251 2510 2292; x_wconf 89' lang='lat' dir='ltr'><strong>canone</strong></span> <span class='ocrx_word' id='word_1_369' title='bbox 2550 2251 2601 2291; x_wconf 79' lang='lat' dir='ltr'><strong>vr</strong></span> <span class='ocrx_word' id='word_1_370' title='bbox 2625 2246 2820 2292; x_wconf 82' lang='lat' dir='ltr'><strong>exstat.</strong></span> <span class='ocrx_word' id='word_1_371' title='bbox 2864 2236 2972 2293; x_wconf 89' lang='lat' dir='ltr'><strong>Sed</strong></span> <span class='ocrx_word' id='word_1_372' title='bbox 2999 2237 3116 2294; x_wconf 64' lang='lat' dir='ltr'><strong>haec</strong></span> <span class='ocrx_word' id='word_1_373' title='bbox 3143 2240 3425 2296; x_wconf 88' lang='lat' dir='ltr'><strong>hactenus.</strong></span> 
     </span>
    </p>
   </div>
   <div class='ocr_carea' id='block_1_52' title="bbox 2375 2328 3889 2407">
    <p class='ocr_par' dir='ltr' id='par_1_52' title="bbox 2375 2328 3889 2407">
     <span class='ocr_line' id='line_1_52' title="bbox 2375 2328 3889 2407; baseline 0.002 -19"><span class='ocrx_word' id='word_1_374' title='bbox 2375 2332 2437 2388; x_wconf 79' lang='grc'><strong>51</strong></span> <span class='ocrx_word' id='word_1_375' title='bbox 2455 2373 2467 2385; x_wconf 94' lang='grc'><strong><em>.</em></strong></span> <span class='ocrx_word' id='word_1_376' title='bbox 2504 2328 2583 2386; x_wconf 83' lang='lat' dir='ltr'><strong>De</strong></span> <span class='ocrx_word' id='word_1_377' title='bbox 2606 2330 2849 2387; x_wconf 76' lang='lat' dir='ltr'><strong>Musonio</strong></span> <span class='ocrx_word' id='word_1_378' title='bbox 2876 2332 3007 2387; x_wconf 84' lang='lat' dir='ltr'><strong>etde</strong></span> <span class='ocrx_word' id='word_1_379' title='bbox 3036 2331 3518 2391; x_wconf 81' lang='lat' dir='ltr'><strong>Restituto.—-Soli</strong></span> <span class='ocrx_word' id='word_1_380' title='bbox 3540 2350 3669 2407; x_wconf 87' lang='lat' dir='ltr'><strong>ergo</strong></span> <span class='ocrx_word' id='word_1_381' title='bbox 3690 2333 3889 2401; x_wconf 83' lang='lat' dir='ltr'><strong>Gratus,</strong></span> 
     </span>
    </p>
   </div>
   <div class='ocr_carea' id='block_1_53' title="bbox 2305 2423 3889 2496">
    <p class='ocr_par' dir='ltr' id='par_1_53' title="bbox 2305 2423 3889 2496">
     <span class='ocr_line' id='line_1_53' title="bbox 2305 2423 3889 2496; baseline 0.003 -17"><span class='ocrx_word' id='word_1_382' title='bbox 2305 2434 2362 2479; x_wconf 89' lang='lat' dir='ltr'><strong>ut</strong></span> <span class='ocrx_word' id='word_1_383' title='bbox 2385 2423 2528 2479; x_wconf 86' lang='lat' dir='ltr'><strong>unde</strong></span> <span class='ocrx_word' id='word_1_384' title='bbox 2572 2424 2801 2496; x_wconf 89' lang='lat' dir='ltr'><strong>digressi</strong></span> <span class='ocrx_word' id='word_1_385' title='bbox 2822 2440 3008 2482; x_wconf 87' lang='lat' dir='ltr'><strong>sumus</strong></span> <span class='ocrx_word' id='word_1_386' title='bbox 3026 2437 3386 2495; x_wconf 89' lang='lat' dir='ltr'><strong>revertamur,</strong></span> <span class='ocrx_word' id='word_1_387' title='bbox 3417 2438 3475 2485; x_wconf 94' lang='lat' dir='ltr'><strong>et</strong></span> <span class='ocrx_word' id='word_1_388' title='bbox 3500 2427 3777 2485; x_wconf 87' lang='lat' dir='ltr'><strong>Genetlius</strong></span> <span class='ocrx_word' id='word_1_389' title='bbox 3800 2429 3889 2484; x_wconf 87' lang='lat' dir='ltr'><strong>iste</strong></span> 
     </span>
    </p>
   </div>
   <div class='ocr_carea' id='block_1_54' title="bbox 2305 2516 3893 2590">
    <p class='ocr_par' dir='ltr' id='par_1_54' title="bbox 2305 2516 3893 2590">
     <span class='ocr_line' id='line_1_54' title="bbox 2305 2516 3893 2590; baseline 0.003 -20"><span class='ocrx_word' id='word_1_390' title='bbox 2305 2516 2753 2588; x_wconf 88' lang='lat' dir='ltr'><strong>Carthaginensis</strong></span> <span class='ocrx_word' id='word_1_391' title='bbox 2800 2520 3040 2590; x_wconf 90' lang='lat' dir='ltr'><strong>episcopi</strong></span> <span class='ocrx_word' id='word_1_392' title='bbox 3097 2520 3240 2577; x_wconf 90' lang='lat' dir='ltr'><strong>circa</strong></span> <span class='ocrx_word' id='word_1_393' title='bbox 3288 2521 3505 2577; x_wconf 81' lang='lat' dir='ltr'><strong>concilii</strong></span> <span class='ocrx_word' id='word_1_394' title='bbox 3548 2520 3893 2577; x_wconf 85' lang='lat' dir='ltr'><strong>Ariminensis</strong></span> 
     </span>
    </p>
   </div>
   <div class='ocr_carea' id='block_1_55' title="bbox 2234 2613 3891 2684">
    <p class='ocr_par' dir='ltr' id='par_1_55' title="bbox 2234 2613 3891 2684">
     <span class='ocr_line' id='line_1_55' title="bbox 2234 2613 3891 2684; baseline 0.001 -17"><span class='ocrx_word' id='word_1_395' title='bbox 2234 2668 2247 2681; x_wconf 76' lang='grc'><em>,</em></span> <span class='ocrx_word' id='word_1_396' title='bbox 2312 2623 2577 2684; x_wconf 89' lang='lat' dir='ltr'><strong>tempusa</strong></span> <span class='ocrx_word' id='word_1_397' title='bbox 2618 2613 2977 2684; x_wconf 86' lang='lat' dir='ltr'><strong>scriptoribus</strong></span> <span class='ocrx_word' id='word_1_398' title='bbox 3021 2625 3413 2673; x_wconf 88' lang='lat' dir='ltr'><strong>memorantur.</strong></span> <span class='ocrx_word' id='word_1_399' title='bbox 3465 2614 3795 2672; x_wconf 77' lang='lat' dir='ltr'><strong>Athanasius</strong></span> <span class='ocrx_word' id='word_1_400' title='bbox 3846 2615 3891 2669; x_wconf 91' lang='lat' dir='ltr'><strong>in</strong></span> 
     </span>
    </p>
   </div>
   <div class='ocr_carea' id='block_1_56' title="bbox 2306 2706 3895 2782">
    <p class='ocr_par' dir='ltr' id='par_1_56' title="bbox 2306 2706 3895 2782">
     <span class='ocr_line' id='line_1_56' title="bbox 2306 2706 3895 2782; baseline 0.001 -21"><span class='ocrx_word' id='word_1_401' title='bbox 2306 2706 2533 2774; x_wconf 88' lang='lat' dir='ltr'><strong>epistola</strong></span> <span class='ocrx_word' id='word_1_402' title='bbox 2560 2706 2626 2760; x_wconf 89' lang='lat' dir='ltr'><strong>ad</strong></span> <span class='ocrx_word' id='word_1_403' title='bbox 2650 2706 2937 2778; x_wconf 88' lang='lat' dir='ltr'><strong>episcopos</strong></span> <span class='ocrx_word' id='word_1_404' title='bbox 2967 2709 3161 2764; x_wconf 75' lang='lat' dir='ltr'><strong>Africa:</strong></span> <span class='ocrx_word' id='word_1_405' title='bbox 3190 2725 3255 2765; x_wconf 86' lang='lat' dir='ltr'><strong>ex</strong></span> <span class='ocrx_word' id='word_1_406' title='bbox 3292 2725 3480 2766; x_wconf 88' lang='lat' dir='ltr'><strong>eorum</strong></span> <span class='ocrx_word' id='word_1_407' title='bbox 3534 2711 3895 2782; x_wconf 75' lang='lat' dir='ltr'><strong>episcoporum</strong></span> 
     </span>
    </p>
   </div>
   <div class='ocr_carea' id='block_1_57' title="bbox 2307 2784 3896 2869">
    <p class='ocr_par' dir='ltr' id='par_1_57' title="bbox 2307 2784 3896 2869">
     <span class='ocr_line' id='line_1_57' title="bbox 2307 2784 3896 2869; baseline 0.003 -19"><span class='ocrx_word' id='word_1_408' title='bbox 2307 2811 2535 2852; x_wconf 81' lang='lat' dir='ltr'><strong>numero</strong></span> <span class='ocrx_word' id='word_1_409' title='bbox 2564 2798 2749 2869; x_wconf 88' lang='lat' dir='ltr'><strong>plures</strong></span> <span class='ocrx_word' id='word_1_410' title='bbox 2780 2799 3109 2857; x_wconf 87' lang='lat' dir='ltr'><strong>Ariminensi</strong></span> <span class='ocrx_word' id='word_1_411' title='bbox 3137 2802 3369 2858; x_wconf 91' lang='lat' dir='ltr'><strong>concilio</strong></span> <span class='ocrx_word' id='word_1_412' title='bbox 3398 2784 3706 2858; x_wconf 81' lang='lat' dir='ltr'><strong>interfuisse</strong></span> <span class='ocrx_word' id='word_1_413' title='bbox 3737 2801 3896 2856; x_wconf 87' lang='lat' dir='ltr'><strong>tacitis</strong></span> 
     </span>
    </p>
   </div>
   <div class='ocr_carea' id='block_1_58' title="bbox 2309 2894 3893 2968">
    <p class='ocr_par' dir='ltr' id='par_1_58' title="bbox 2309 2894 3893 2968">
     <span class='ocr_line' id='line_1_58' title="bbox 2309 2894 3893 2968; baseline 0.004 -22"><span class='ocrx_word' id='word_1_414' title='bbox 2309 2899 2484 2946; x_wconf 87' lang='lat' dir='ltr'><strong>tamen</strong></span> <span class='ocrx_word' id='word_1_415' title='bbox 2518 2894 2822 2949; x_wconf 91' lang='lat' dir='ltr'><strong>nominibus</strong></span> <span class='ocrx_word' id='word_1_416' title='bbox 2848 2896 3104 2966; x_wconf 87' lang='lat' dir='ltr'><strong>prodidit.</strong></span> <span class='ocrx_word' id='word_1_417' title='bbox 3129 2895 3494 2968; x_wconf 82' lang='lat' dir='ltr'><strong>Hieronymus</strong></span> <span class='ocrx_word' id='word_1_418' title='bbox 3522 2907 3708 2953; x_wconf 87' lang='lat' dir='ltr'><strong>contra</strong></span> <span class='ocrx_word' id='word_1_419' title='bbox 3747 2896 3893 2953; x_wconf 81' lang='lat' dir='ltr'><strong>Luci-</strong></span> 
     </span>
    </p>
   </div>
   <div class='ocr_carea' id='block_1_59' title="bbox 2308 2984 3894 3063">
    <p class='ocr_par' dir='ltr' id='par_1_59' title="bbox 2308 2984 3894 3063">
     <span class='ocr_line' id='line_1_59' title="bbox 2308 2984 3894 3063; baseline 0.004 -22"><span class='ocrx_word' id='word_1_420' title='bbox 2308 2984 2551 3041; x_wconf 86' lang='lat' dir='ltr'><strong>ferianos</strong></span> <span class='ocrx_word' id='word_1_421' title='bbox 2605 2986 2909 3044; x_wconf 85' lang='lat' dir='ltr'><strong>Musonium</strong></span> <span class='ocrx_word' id='word_1_422' title='bbox 2950 2989 3228 3047; x_wconf 77' lang='lat' dir='ltr'><strong>Bizacenae</strong></span> <span class='ocrx_word' id='word_1_423' title='bbox 3279 2993 3570 3063; x_wconf 67' lang='lat' dir='ltr'><strong>provincia:</strong></span> <span class='ocrx_word' id='word_1_424' title='bbox 3615 2994 3894 3047; x_wconf 82' lang='lat' dir='ltr'><strong>antistitem</strong></span> 
     </span>
    </p>
   </div>
   <div class='ocr_carea' id='block_1_60' title="bbox 2314 3079 3897 3158">
    <p class='ocr_par' dir='ltr' id='par_1_60' title="bbox 2314 3079 3897 3158">
     <span class='ocr_line' id='line_1_60' title="bbox 2314 3079 3897 3158; baseline 0.004 -25"><span class='ocrx_word' id='word_1_425' title='bbox 2314 3079 2577 3149; x_wconf 85' lang='lat' dir='ltr'><strong>nominat,</strong></span> <span class='ocrx_word' id='word_1_426' title='bbox 2605 3082 2690 3136; x_wconf 89' lang='lat' dir='ltr'><strong>cui</strong></span> <span class='ocrx_word' id='word_1_427' title='bbox 2725 3083 2927 3153; x_wconf 88' lang='lat' dir='ltr'><strong>primas</strong></span> <span class='ocrx_word' id='word_1_428' title='bbox 2959 3084 3010 3138; x_wconf 92' lang='lat' dir='ltr'><strong>in</strong></span> <span class='ocrx_word' id='word_1_429' title='bbox 3035 3098 3097 3140; x_wconf 89' lang='lat' dir='ltr'><strong>ea</strong></span> <span class='ocrx_word' id='word_1_430' title='bbox 3128 3085 3338 3157; x_wconf 84' lang='lat' dir='ltr'><strong>synodo</strong></span> <span class='ocrx_word' id='word_1_431' title='bbox 3356 3089 3577 3158; x_wconf 85' lang='lat' dir='ltr'><strong>propter</strong></span> <span class='ocrx_word' id='word_1_432' title='bbox 3601 3096 3812 3142; x_wconf 63' lang='lat' dir='ltr'><strong>aetatem</strong></span> <span class='ocrx_word' id='word_1_433' title='bbox 3838 3085 3897 3140; x_wconf 87' lang='lat' dir='ltr'><strong>ab</strong></span> 
     </span>
    </p>
   </div>
   <div class='ocr_carea' id='block_1_61' title="bbox 2317 3173 3899 3250">
    <p class='ocr_par' dir='ltr' id='par_1_61' title="bbox 2317 3173 3899 3250">
     <span class='ocr_line' id='line_1_61' title="bbox 2317 3173 3899 3250; baseline 0.004 -23"><span class='ocrx_word' id='word_1_434' title='bbox 2317 3174 2569 3229; x_wconf 90' lang='lat' dir='ltr'><strong>omnibus</strong></span> <span class='ocrx_word' id='word_1_435' title='bbox 2592 3173 2801 3230; x_wconf 85' lang='lat' dir='ltr'><strong>delatas</strong></span> <span class='ocrx_word' id='word_1_436' title='bbox 2836 3176 3042 3233; x_wconf 89' lang='lat' dir='ltr'><strong>scribit.</strong></span> <span class='ocrx_word' id='word_1_437' title='bbox 3095 3176 3422 3250; x_wconf 89' lang='lat' dir='ltr'><strong>Corruptum</strong></span> <span class='ocrx_word' id='word_1_438' title='bbox 3456 3179 3602 3235; x_wconf 89' lang='lat' dir='ltr'><strong>enim</strong></span> <span class='ocrx_word' id='word_1_439' title='bbox 3626 3190 3733 3247; x_wconf 90' lang='lat' dir='ltr'><strong>est,</strong></span> <span class='ocrx_word' id='word_1_440' title='bbox 3770 3178 3899 3248; x_wconf 88' lang='lat' dir='ltr'><strong>quod</strong></span> 
     </span>
    </p>
   </div>
   <div class='ocr_carea' id='block_1_62' title="bbox 594 3261 3898 3345">
    <p class='ocr_par' dir='ltr' id='par_1_62' title="bbox 594 3261 3898 3345">
     <span class='ocr_line' id='line_1_62' title="bbox 594 3261 3898 3345; baseline 0.001 -23"><span class='ocrx_word' id='word_1_441' title='bbox 594 3267 873 3337; x_wconf 80' lang='lat' dir='ltr'><strong>dignitatis</strong></span> <span class='ocrx_word' id='word_1_442' title='bbox 915 3263 1241 3329; x_wconf 80' lang='lat' dir='ltr'><strong>exstiterint,</strong></span> <span class='ocrx_word' id='word_1_443' title='bbox 1275 3279 1385 3319; x_wconf 93' lang='lat' dir='ltr'><strong>non</strong></span> <span class='ocrx_word' id='word_1_444' title='bbox 1418 3261 1574 3319; x_wconf 86' lang='lat' dir='ltr'><strong>facile</strong></span> <span class='ocrx_word' id='word_1_445' title='bbox 1602 3272 1775 3319; x_wconf 86' lang='lat' dir='ltr'><strong>estex</strong></span> <span class='ocrx_word' id='word_1_446' title='bbox 1810 3264 2052 3320; x_wconf 90' lang='lat' dir='ltr'><strong>historiis</strong></span> <span class='ocrx_word' id='word_1_447' title='bbox 2103 3263 2201 3319; x_wconf 84' lang='lat' dir='ltr'><strong>de-</strong></span> <span class='ocrx_word' id='word_1_448' title='bbox 2230 3262 2276 3327; x_wconf 86' lang='lat' dir='ltr'><strong>C</strong></span> <span class='ocrx_word' id='word_1_449' title='bbox 2309 3279 2502 3322; x_wconf 90' lang='lat' dir='ltr'><strong>omnes</strong></span> <span class='ocrx_word' id='word_1_450' title='bbox 2555 3267 2821 3325; x_wconf 84' lang='lat' dir='ltr'><strong>editiones</strong></span> <span class='ocrx_word' id='word_1_451' title='bbox 2866 3270 3068 3341; x_wconf 85' lang='lat' dir='ltr'><strong>legunt,</strong></span> <span class='ocrx_word' id='word_1_452' title='bbox 3114 3270 3403 3328; x_wconf 77' lang='lat' dir='ltr'><strong>Bizantina:</strong></span> <span class='ocrx_word' id='word_1_453' title='bbox 3430 3273 3747 3345; x_wconf 73' lang='lat' dir='ltr'><strong>provinciw,‘</strong></span> <span class='ocrx_word' id='word_1_454' title='bbox 3805 3287 3898 3327; x_wconf 86' lang='lat' dir='ltr'><strong>non</strong></span> 
     </span>
    </p>
   </div>
   <div class='ocr_carea' id='block_1_63' title="bbox 596 3354 2200 3431">
    <p class='ocr_par' dir='ltr' id='par_1_63' title="bbox 596 3354 2200 3431">
     <span class='ocr_line' id='line_1_63' title="bbox 596 3354 2200 3431; baseline -0.003 -17"><span class='ocrx_word' id='word_1_455' title='bbox 596 3357 960 3431; x_wconf 83' lang='lat' dir='ltr'><strong>prehendere,</strong></span> <span class='ocrx_word' id='word_1_456' title='bbox 991 3370 1113 3412; x_wconf 88' lang='lat' dir='ltr'><strong>cum</strong></span> <span class='ocrx_word' id='word_1_457' title='bbox 1136 3356 1222 3410; x_wconf 81' lang='lat' dir='ltr'><strong>vix</strong></span> <span class='ocrx_word' id='word_1_458' title='bbox 1264 3354 1407 3411; x_wconf 89' lang='lat' dir='ltr'><strong>nuda</strong></span> <span class='ocrx_word' id='word_1_459' title='bbox 1436 3369 1622 3410; x_wconf 89' lang='lat' dir='ltr'><strong>eorum</strong></span> <span class='ocrx_word' id='word_1_460' title='bbox 1649 3355 1867 3410; x_wconf 87' lang='lat' dir='ltr'><strong>nomina</strong></span> <span class='ocrx_word' id='word_1_461' title='bbox 1899 3366 2200 3412; x_wconf 85' lang='lat' dir='ltr'><strong>teneamus.</strong></span> 
     </span>
    </p>
   </div>
   <div class='ocr_carea' id='block_1_64' title="bbox 596 3446 2199 3519">
    <p class='ocr_par' dir='ltr' id='par_1_64' title="bbox 596 3446 2199 3519">
     <span class='ocr_line' id='line_1_64' title="bbox 596 3446 2199 3519; baseline -0.002 -12"><span class='ocrx_word' id='word_1_462' title='bbox 596 3448 760 3507; x_wconf 86' lang='lat' dir='ltr'><strong>Solus</strong></span> <span class='ocrx_word' id='word_1_463' title='bbox 791 3448 1094 3504; x_wconf 82' lang='lat' dir='ltr'><strong>Restitutus</strong></span> <span class='ocrx_word' id='word_1_464' title='bbox 1118 3446 1559 3518; x_wconf 84' lang='lat' dir='ltr'><strong>Carthaginensis</strong></span> <span class='ocrx_word' id='word_1_465' title='bbox 1604 3449 1892 3519; x_wconf 87' lang='lat' dir='ltr'><strong>episcopus</strong></span> <span class='ocrx_word' id='word_1_466' title='bbox 1943 3448 2199 3515; x_wconf 88' lang='lat' dir='ltr'><strong>refertur,</strong></span> 
     </span>
    </p>
   </div>
   <div class='ocr_carea' id='block_1_65' title="bbox 596 3539 2205 3612">
    <p class='ocr_par' dir='ltr' id='par_1_65' title="bbox 596 3539 2205 3612">
     <span class='ocr_line' id='line_1_65' title="bbox 596 3539 2205 3612; baseline 0 -17"><span class='ocrx_word' id='word_1_467' title='bbox 596 3541 689 3612; x_wconf 90' lang='lat' dir='ltr'><strong>qui</strong></span> <span class='ocrx_word' id='word_1_468' title='bbox 717 3551 901 3596; x_wconf 85' lang='lat' dir='ltr'><strong>tamen</strong></span> <span class='ocrx_word' id='word_1_469' title='bbox 926 3549 981 3595; x_wconf 89' lang='lat' dir='ltr'><strong>et</strong></span> <span class='ocrx_word' id='word_1_470' title='bbox 1007 3540 1124 3609; x_wconf 87' lang='lat' dir='ltr'><strong>ipse</strong></span> <span class='ocrx_word' id='word_1_471' title='bbox 1146 3539 1384 3608; x_wconf 84' lang='lat' dir='ltr'><strong>antiquis</strong></span> <span class='ocrx_word' id='word_1_472' title='bbox 1406 3539 1717 3594; x_wconf 86' lang='lat' dir='ltr'><strong>auctoribus</strong></span> <span class='ocrx_word' id='word_1_473' title='bbox 1766 3541 2040 3611; x_wconf 89' lang='lat' dir='ltr'><strong>ignobilis.</strong></span> <span class='ocrx_word' id='word_1_474' title='bbox 2075 3540 2205 3596; x_wconf 87' lang='lat' dir='ltr'><strong>Nam</strong></span> 
     </span>
    </p>
   </div>
   <div class='ocr_carea' id='block_1_66' title="bbox 599 3629 2203 3704">
    <p class='ocr_par' dir='ltr' id='par_1_66' title="bbox 599 3629 2203 3704">
     <span class='ocr_line' id='line_1_66' title="bbox 599 3629 2203 3704; baseline 0.001 -17"><span class='ocrx_word' id='word_1_475' title='bbox 599 3640 801 3704; x_wconf 72' lang='lat' dir='ltr'><strong>prmter</strong></span> <span class='ocrx_word' id='word_1_476' title='bbox 829 3629 1076 3697; x_wconf 84' lang='lat' dir='ltr'><strong>Gratum,</strong></span> <span class='ocrx_word' id='word_1_477' title='bbox 1112 3646 1272 3699; x_wconf 85' lang='lat' dir='ltr'><strong>quem</strong></span> <span class='ocrx_word' id='word_1_478' title='bbox 1303 3630 1611 3687; x_wconf 84' lang='lat' dir='ltr'><strong>Sardicensi</strong></span> <span class='ocrx_word' id='word_1_479' title='bbox 1649 3633 1879 3687; x_wconf 90' lang='lat' dir='ltr'><strong>concilio</strong></span> <span class='ocrx_word' id='word_1_480' title='bbox 1906 3633 2203 3700; x_wconf 85' lang='lat' dir='ltr'><strong>adstitisse,</strong></span> 
     </span>
    </p>
   </div>
   <div class='ocr_carea' id='block_1_67' title="bbox 602 3723 2205 3800">
    <p class='ocr_par' dir='ltr' id='par_1_67' title="bbox 602 3723 2205 3800">
     <span class='ocr_line' id='line_1_67' title="bbox 602 3723 2205 3800; baseline 0.002 -20"><span class='ocrx_word' id='word_1_481' title='bbox 602 3727 942 3797; x_wconf 83' lang='lat' dir='ltr'><strong>primumque</strong></span> <span class='ocrx_word' id='word_1_482' title='bbox 968 3723 1111 3796; x_wconf 88' lang='lat' dir='ltr'><strong>quod</strong></span> <span class='ocrx_word' id='word_1_483' title='bbox 1133 3723 1371 3780; x_wconf 84' lang='lat' dir='ltr'><strong>lsidorus</strong></span> <span class='ocrx_word' id='word_1_484' title='bbox 1403 3723 1668 3780; x_wconf 77' lang='lat' dir='ltr'><strong>Mercator</strong></span> <span class='ocrx_word' id='word_1_485' title='bbox 1720 3736 1875 3782; x_wconf 84' lang='lat' dir='ltr'><strong>vocat</strong></span> <span class='ocrx_word' id='word_1_486' title='bbox 1925 3726 2205 3800; x_wconf 82' lang='lat' dir='ltr'><strong>Carthagi-</strong></span> 
     </span>
    </p>
   </div>
   <div class='ocr_carea' id='block_1_68' title="bbox 596 3818 2206 3888">
    <p class='ocr_par' dir='ltr' id='par_1_68' title="bbox 596 3818 2206 3888">
     <span class='ocr_line' id='line_1_68' title="bbox 596 3818 2206 3888; baseline -0.001 -11"><span class='ocrx_word' id='word_1_487' title='bbox 596 3834 769 3877; x_wconf 91' lang='lat' dir='ltr'><strong>nense</strong></span> <span class='ocrx_word' id='word_1_488' title='bbox 799 3818 1092 3876; x_wconf 85' lang='lat' dir='ltr'><strong>concilium</strong></span> <span class='ocrx_word' id='word_1_489' title='bbox 1145 3818 1416 3888; x_wconf 82' lang='lat' dir='ltr'><strong>coegisse,</strong></span> <span class='ocrx_word' id='word_1_490' title='bbox 1465 3834 1531 3874; x_wconf 82' lang='lat' dir='ltr'><strong>ex</strong></span> <span class='ocrx_word' id='word_1_491' title='bbox 1580 3819 1895 3875; x_wconf 89' lang='lat' dir='ltr'><strong>eorumdcm</strong></span> <span class='ocrx_word' id='word_1_492' title='bbox 1941 3823 2206 3877; x_wconf 87' lang='lat' dir='ltr'><strong>concilio-</strong></span> 
     </span>
    </p>
   </div>
   <div class='ocr_carea' id='block_1_69' title="bbox 595 3910 2207 3983">
    <p class='ocr_par' dir='ltr' id='par_1_69' title="bbox 595 3910 2207 3983">
     <span class='ocr_line' id='line_1_69' title="bbox 595 3910 2207 3983; baseline 0.001 -14"><span class='ocrx_word' id='word_1_493' title='bbox 595 3927 717 3969; x_wconf 83' lang='lat' dir='ltr'><strong>runt</strong></span> <span class='ocrx_word' id='word_1_494' title='bbox 748 3911 885 3968; x_wconf 81' lang='lat' dir='ltr'><strong>actis</strong></span> <span class='ocrx_word' id='word_1_495' title='bbox 914 3920 971 3967; x_wconf 88' lang='lat' dir='ltr'><strong>et</strong></span> <span class='ocrx_word' id='word_1_496' title='bbox 996 3910 1293 3967; x_wconf 81' lang='lat' dir='ltr'><strong>Athanasio</strong></span> <span class='ocrx_word' id='word_1_497' title='bbox 1313 3910 1638 3975; x_wconf 87' lang='lat' dir='ltr'><strong>didicimus;</strong></span> <span class='ocrx_word' id='word_1_498' title='bbox 1671 3925 1725 3967; x_wconf 89' lang='lat' dir='ltr'><strong>et</strong></span> <span class='ocrx_word' id='word_1_499' title='bbox 1753 3912 2083 3983; x_wconf 88' lang='lat' dir='ltr'><strong>Genetlium,</strong></span> <span class='ocrx_word' id='word_1_500' title='bbox 2116 3914 2207 3971; x_wconf 87' lang='lat' dir='ltr'><strong>cui</strong></span> 
     </span>
    </p>
   </div>
   <div class='ocr_carea' id='block_1_70' title="bbox 597 4002 2210 4077">
    <p class='ocr_par' dir='ltr' id='par_1_70' title="bbox 597 4002 2210 4077">
     <span class='ocr_line' id='line_1_70' title="bbox 597 4002 2210 4077; baseline 0.002 -17"><span class='ocrx_word' id='word_1_501' title='bbox 597 4004 1023 4062; x_wconf 87' lang='lat' dir='ltr'><strong>successitcirca</strong></span> <span class='ocrx_word' id='word_1_502' title='bbox 1047 4019 1251 4059; x_wconf 89' lang='lat' dir='ltr'><strong>annum</strong></span> <span class='ocrx_word' id='word_1_503' title='bbox 1271 4002 1473 4059; x_wconf 87' lang='lat' dir='ltr'><strong>Christi</strong></span> <span class='ocrx_word' id='word_1_504' title='bbox 1518 4005 1643 4061; x_wconf 77' lang='lat'><strong>390&#39;</strong></span> <span class='ocrx_word' id='word_1_505' title='bbox 1678 4004 1953 4077; x_wconf 84' lang='lat' dir='ltr'><strong>Aurelius,</strong></span> <span class='ocrx_word' id='word_1_506' title='bbox 2008 4010 2210 4064; x_wconf 86' lang='lat' dir='ltr'><strong>nullius</strong></span> 
     </span>
    </p>
   </div>
   <div class='ocr_carea' id='block_1_71' title="bbox 598 4095 2208 4175">
    <p class='ocr_par' dir='ltr' id='par_1_71' title="bbox 598 4095 2208 4175">
     <span class='ocr_line' id='line_1_71' title="bbox 598 4095 2208 4175; baseline 0.006 -24"><span class='ocrx_word' id='word_1_507' title='bbox 598 4098 825 4153; x_wconf 76' lang='lat' dir='ltr'><strong>alterius</strong></span> <span class='ocrx_word' id='word_1_508' title='bbox 849 4097 1112 4168; x_wconf 89' lang='lat' dir='ltr'><strong>episcopi,</strong></span> <span class='ocrx_word' id='word_1_509' title='bbox 1145 4098 1235 4167; x_wconf 87' lang='lat' dir='ltr'><strong>qui</strong></span> <span class='ocrx_word' id='word_1_510' title='bbox 1264 4095 1407 4152; x_wconf 87' lang='lat' dir='ltr'><strong>circa</strong></span> <span class='ocrx_word' id='word_1_511' title='bbox 1445 4096 1562 4153; x_wconf 61' lang='lat' dir='ltr'><strong>haec</strong></span> <span class='ocrx_word' id='word_1_512' title='bbox 1592 4107 1835 4170; x_wconf 88' lang='lat' dir='ltr'><strong>tempora</strong></span> <span class='ocrx_word' id='word_1_513' title='bbox 1878 4100 2208 4175; x_wconf 83' lang='lat' dir='ltr'><strong>Carthagine</strong></span> 
     </span>
    </p>
   </div>
   <div class='ocr_carea' id='block_1_72' title="bbox 609 4186 2081 4259">
    <p class='ocr_par' dir='ltr' id='par_1_72' title="bbox 609 4186 2081 4259">
     <span class='ocr_line' id='line_1_72' title="bbox 609 4186 2081 4259; baseline -0.004 -12"><span class='ocrx_word' id='word_1_514' title='bbox 609 4192 835 4259; x_wconf 90' lang='lat' dir='ltr'><strong>sederit,</strong></span> <span class='ocrx_word' id='word_1_515' title='bbox 859 4200 1040 4250; x_wconf 86' lang='lat' dir='ltr'><strong>exstat</strong></span> <span class='ocrx_word' id='word_1_516' title='bbox 1062 4191 1347 4248; x_wconf 84' lang='lat' dir='ltr'><strong>memoria.</strong></span> <span class='ocrx_word' id='word_1_517' title='bbox 2072 4186 2081 4195; x_wconf 88' lang='grc'><strong><em>“</em></strong></span> 
     </span>
    </p>
   </div>
   <div class='ocr_carea' id='block_1_73' title="bbox 681 4282 2211 4359">
    <p class='ocr_par' dir='ltr' id='par_1_73' title="bbox 681 4282 2211 4359">
     <span class='ocr_line' id='line_1_73' title="bbox 681 4282 2211 4359; baseline 0.001 -17"><span class='ocrx_word' id='word_1_518' title='bbox 681 4286 774 4343; x_wconf 76' lang='lat'><strong>&#39;50.</strong></span> <span class='ocrx_word' id='word_1_519' title='bbox 823 4284 897 4340; x_wconf 83' lang='lat' dir='ltr'><strong>De</strong></span> <span class='ocrx_word' id='word_1_520' title='bbox 946 4284 1162 4339; x_wconf 79' lang='lat' dir='ltr'><strong>concilio</strong></span> <span class='ocrx_word' id='word_1_521' title='bbox 1189 4282 1491 4354; x_wconf 81' lang='lat' dir='ltr'><strong>Carthagiu.</strong></span> <span class='ocrx_word' id='word_1_522' title='bbox 1519 4326 1534 4350; x_wconf 93' lang='lat'><strong>,</strong></span> <span class='ocrx_word' id='word_1_523' title='bbox 1567 4285 1658 4340; x_wconf 86' lang='lat' dir='ltr'><strong>sub</strong></span> <span class='ocrx_word' id='word_1_524' title='bbox 1685 4284 1936 4343; x_wconf 84' lang='lat' dir='ltr'><strong>Gmetlio.</strong></span> <span class='ocrx_word' id='word_1_525' title='bbox 1969 4320 2041 4329; x_wconf 93' lang='lat'><strong><em>—</em></strong></span> <span class='ocrx_word' id='word_1_526' title='bbox 2072 4289 2211 4359; x_wconf 89' lang='lat' dir='ltr'><strong>Quin</strong></span> 
     </span>
    </p>
   </div>
   <div class='ocr_carea' id='block_1_74' title="bbox 607 4378 2216 4453">
    <p class='ocr_par' dir='ltr' id='par_1_74' title="bbox 607 4378 2216 4453">
     <span class='ocr_line' id='line_1_74' title="bbox 607 4378 2216 4453; baseline 0.001 -15"><span class='ocrx_word' id='word_1_527' title='bbox 607 4381 771 4438; x_wconf 87' lang='lat' dir='ltr'><strong>etiam</strong></span> <span class='ocrx_word' id='word_1_528' title='bbox 805 4380 976 4450; x_wconf 85' lang='lat' dir='ltr'><strong>ipsius</strong></span> <span class='ocrx_word' id='word_1_529' title='bbox 1016 4378 1252 4435; x_wconf 81' lang='lat' dir='ltr'><strong>Genetlii</strong></span> <span class='ocrx_word' id='word_1_530' title='bbox 1302 4392 1441 4449; x_wconf 89' lang='lat' dir='ltr'><strong>pene</strong></span> <span class='ocrx_word' id='word_1_531' title='bbox 1480 4382 1875 4453; x_wconf 79' lang='lat' dir='ltr'><strong>exscriptorom</strong></span> <span class='ocrx_word' id='word_1_532' title='bbox 1935 4385 2066 4438; x_wconf 84' lang='lat' dir='ltr'><strong>vitio</strong></span> <span class='ocrx_word' id='word_1_533' title='bbox 2120 4398 2216 4439; x_wconf 81' lang='lat' dir='ltr'><strong>no-</strong></span> 
     </span>
    </p>
   </div>
   <div class='ocr_carea' id='block_1_75' title="bbox 615 4473 2217 4544">
    <p class='ocr_par' dir='ltr' id='par_1_75' title="bbox 615 4473 2217 4544">
     <span class='ocr_line' id='line_1_75' title="bbox 615 4473 2217 4544; baseline 0.001 -13"><span class='ocrx_word' id='word_1_534' title='bbox 615 4489 741 4531; x_wconf 85' lang='lat' dir='ltr'><strong>men</strong></span> <span class='ocrx_word' id='word_1_535' title='bbox 771 4473 1141 4529; x_wconf 90' lang='lat' dir='ltr'><strong>oblitteratum</strong></span> <span class='ocrx_word' id='word_1_536' title='bbox 1173 4480 1259 4527; x_wconf 89' lang='lat' dir='ltr'><strong>est</strong></span> <span class='ocrx_word' id='word_1_537' title='bbox 1287 4488 1353 4527; x_wconf 79' lang='lat' dir='ltr'><strong>ex</strong></span> <span class='ocrx_word' id='word_1_538' title='bbox 1382 4474 1620 4529; x_wconf 87' lang='lat' dir='ltr'><strong>secundo</strong></span> <span class='ocrx_word' id='word_1_539' title='bbox 1643 4475 1886 4544; x_wconf 87' lang='lat' dir='ltr'><strong>ejusdem</strong></span> <span class='ocrx_word' id='word_1_540' title='bbox 1916 4479 2067 4533; x_wconf 91' lang='lat' dir='ltr'><strong>urbis</strong></span> <span class='ocrx_word' id='word_1_541' title='bbox 2084 4496 2217 4535; x_wconf 84' lang='lat' dir='ltr'><strong>con-</strong></span> 
     </span>
    </p>
   </div>
   <div class='ocr_carea' id='block_1_76' title="bbox 588 4564 2214 4643">
    <p class='ocr_par' dir='ltr' id='par_1_76' title="bbox 588 4564 2214 4643">
     <span class='ocr_line' id='line_1_76' title="bbox 588 4564 2214 4643; baseline 0.004 -21"><span class='ocrx_word' id='word_1_542' title='bbox 588 4565 755 4632; x_wconf 76' lang='lat' dir='ltr'><strong>cilio,</strong></span> <span class='ocrx_word' id='word_1_543' title='bbox 782 4564 924 4636; x_wconf 91' lang='lat' dir='ltr'><strong>quod</strong></span> <span class='ocrx_word' id='word_1_544' title='bbox 952 4565 1070 4636; x_wconf 87' lang='lat' dir='ltr'><strong>ejus</strong></span> <span class='ocrx_word' id='word_1_545' title='bbox 1100 4565 1265 4620; x_wconf 88' lang='lat' dir='ltr'><strong>ductu</strong></span> <span class='ocrx_word' id='word_1_546' title='bbox 1298 4573 1476 4620; x_wconf 89' lang='lat' dir='ltr'><strong>tamen</strong></span> <span class='ocrx_word' id='word_1_547' title='bbox 1501 4575 1555 4621; x_wconf 91' lang='lat' dir='ltr'><strong>et</strong></span> <span class='ocrx_word' id='word_1_548' title='bbox 1584 4568 1840 4637; x_wconf 88' lang='lat' dir='ltr'><strong>auspiciis</strong></span> <span class='ocrx_word' id='word_1_549' title='bbox 1860 4581 1946 4626; x_wconf 92' lang='lat' dir='ltr'><strong>est</strong></span> <span class='ocrx_word' id='word_1_550' title='bbox 1969 4583 2214 4643; x_wconf 88' lang='lat' dir='ltr'><strong>gestum;</strong></span> 
     </span>
    </p>
   </div>
   <div class='ocr_carea' id='block_1_77' title="bbox 2309 3361 3899 3432">
    <p class='ocr_par' dir='ltr' id='par_1_77' title="bbox 2309 3361 3899 3432">
     <span class='ocr_line' id='line_1_77' title="bbox 2309 3361 3899 3432; baseline 0.001 -16"><span class='ocrx_word' id='word_1_551' title='bbox 2309 3362 2452 3416; x_wconf 88' lang='lat' dir='ltr'><strong>enim</strong></span> <span class='ocrx_word' id='word_1_552' title='bbox 2471 3361 2926 3432; x_wconf 89' lang='lat' dir='ltr'><strong>quemadmodum</strong></span> <span class='ocrx_word' id='word_1_553' title='bbox 2949 3363 3148 3431; x_wconf 67' lang='lat' dir='ltr'><strong>Graeci,</strong></span> <span class='ocrx_word' id='word_1_554' title='bbox 3183 3367 3254 3421; x_wconf 90' lang='lat' dir='ltr'><strong>ita</strong></span> <span class='ocrx_word' id='word_1_555' title='bbox 3282 3376 3337 3422; x_wconf 90' lang='lat' dir='ltr'><strong>et</strong></span> <span class='ocrx_word' id='word_1_556' title='bbox 3356 3366 3531 3423; x_wconf 85' lang='lat' dir='ltr'><strong>Latini</strong></span> <span class='ocrx_word' id='word_1_557' title='bbox 3563 3383 3627 3424; x_wconf 88' lang='lat' dir='ltr'><strong>ea</strong></span> <span class='ocrx_word' id='word_1_558' title='bbox 3654 3367 3899 3422; x_wconf 81' lang='lat' dir='ltr'><strong>vocabula</strong></span> 
     </span>
    </p>
   </div>
   <div class='ocr_carea' id='block_1_78' title="bbox 2315 3456 3902 3535">
    <p class='ocr_par' dir='ltr' id='par_1_78' title="bbox 2315 3456 3902 3535">
     <span class='ocr_line' id='line_1_78' title="bbox 2315 3456 3902 3535; baseline 0.003 -25"><span class='ocrx_word' id='word_1_559' title='bbox 2315 3470 2541 3535; x_wconf 79' lang='lat' dir='ltr'><strong>usquam</strong></span> <span class='ocrx_word' id='word_1_560' title='bbox 2566 3456 2925 3514; x_wconf 90' lang='lat' dir='ltr'><strong>confundunt.</strong></span> <span class='ocrx_word' id='word_1_561' title='bbox 2961 3458 3224 3516; x_wconf 86' lang='lat' dir='ltr'><strong>Bizacena</strong></span> <span class='ocrx_word' id='word_1_562' title='bbox 3246 3476 3378 3516; x_wconf 81' lang='lat' dir='ltr'><strong>vero</strong></span> <span class='ocrx_word' id='word_1_563' title='bbox 3406 3461 3527 3533; x_wconf 88' lang='lat' dir='ltr'><strong>ejus</strong></span> <span class='ocrx_word' id='word_1_564' title='bbox 3549 3458 3770 3525; x_wconf 66' lang='lat' dir='ltr'><strong>Africae,</strong></span> <span class='ocrx_word' id='word_1_565' title='bbox 3796 3476 3902 3530; x_wconf 71' lang='lat' dir='ltr'><strong>qua:</strong></span> 
     </span>
    </p>
   </div>
   <div class='ocr_carea' id='block_1_79' title="bbox 2311 3545 3901 3625">
    <p class='ocr_par' dir='ltr' id='par_1_79' title="bbox 2311 3545 3901 3625">
     <span class='ocr_line' id='line_1_79' title="bbox 2311 3545 3901 3625; baseline 0.003 -21"><span class='ocrx_word' id='word_1_566' title='bbox 2311 3545 2642 3604; x_wconf 86' lang='lat' dir='ltr'><strong>Occidentali</strong></span> <span class='ocrx_word' id='word_1_567' title='bbox 2667 3550 2896 3620; x_wconf 89' lang='lat' dir='ltr'><strong>imperio</strong></span> <span class='ocrx_word' id='word_1_568' title='bbox 2922 3553 3118 3608; x_wconf 87' lang='lat' dir='ltr'><strong>tributa</strong></span> <span class='ocrx_word' id='word_1_569' title='bbox 3143 3552 3265 3622; x_wconf 91' lang='lat' dir='ltr'><strong>fuit,</strong></span> <span class='ocrx_word' id='word_1_570' title='bbox 3298 3554 3573 3625; x_wconf 82' lang='lat' dir='ltr'><strong>provincia</strong></span> <span class='ocrx_word' id='word_1_571' title='bbox 3604 3565 3710 3622; x_wconf 83' lang='lat' dir='ltr'><strong>est,</strong></span> <span class='ocrx_word' id='word_1_572' title='bbox 3742 3550 3901 3609; x_wconf 75' lang='lat' dir='ltr'><strong>Piiniti</strong></span> 
     </span>
    </p>
   </div>
   <div class='ocr_carea' id='block_1_80' title="bbox 2310 3642 3906 3718">
    <p class='ocr_par' dir='ltr' id='par_1_80' title="bbox 2310 3642 3906 3718">
     <span class='ocr_line' id='line_1_80' title="bbox 2310 3642 3906 3718; baseline 0.004 -23"><span class='ocrx_word' id='word_1_573' title='bbox 2310 3642 2747 3713; x_wconf 76' lang='lat' dir='ltr'><strong>geographisque</strong></span> <span class='ocrx_word' id='word_1_574' title='bbox 2776 3645 2973 3701; x_wconf 80' lang='lat' dir='ltr'><strong>eximia</strong></span> <span class='ocrx_word' id='word_1_575' title='bbox 3026 3646 3304 3705; x_wconf 86' lang='lat' dir='ltr'><strong>fertilitate</strong></span> <span class='ocrx_word' id='word_1_576' title='bbox 3354 3663 3475 3705; x_wconf 90' lang='lat' dir='ltr'><strong>cum</strong></span> <span class='ocrx_word' id='word_1_577' title='bbox 3517 3650 3748 3705; x_wconf 78' lang='lat' dir='ltr'><strong>centena</strong></span> <span class='ocrx_word' id='word_1_578' title='bbox 3772 3650 3906 3718; x_wconf 79' lang='lat' dir='ltr'><strong>fruge</strong></span> 
     </span>
    </p>
   </div>
   <div class='ocr_carea' id='block_1_81' title="bbox 2312 3734 3905 3813">
    <p class='ocr_par' dir='ltr' id='par_1_81' title="bbox 2312 3734 3905 3813">
     <span class='ocr_line' id='line_1_81' title="bbox 2312 3734 3905 3813; baseline 0.004 -26"><span class='ocrx_word' id='word_1_579' title='bbox 2312 3734 2567 3804; x_wconf 81' lang='lat' dir='ltr'><strong>agricolis</strong></span> <span class='ocrx_word' id='word_1_580' title='bbox 2592 3734 2768 3793; x_wconf 68' lang='lat' dir='ltr'><strong>faenus</strong></span> <span class='ocrx_word' id='word_1_581' title='bbox 2802 3737 3066 3796; x_wconf 88' lang='lat' dir='ltr'><strong>reddente</strong></span> <span class='ocrx_word' id='word_1_582' title='bbox 3120 3734 3343 3807; x_wconf 87' lang='lat' dir='ltr'><strong>nobilis,</strong></span> <span class='ocrx_word' id='word_1_583' title='bbox 3376 3741 3533 3813; x_wconf 88' lang='lat' dir='ltr'><strong>cujus</strong></span> <span class='ocrx_word' id='word_1_584' title='bbox 3551 3744 3679 3799; x_wconf 89' lang='lat' dir='ltr'><strong>etin</strong></span> <span class='ocrx_word' id='word_1_585' title='bbox 3702 3740 3905 3797; x_wconf 73' lang='lat' dir='ltr'><strong>concilii</strong></span> 
     </span>
    </p>
   </div>
   <div class='ocr_carea' id='block_1_82' title="bbox 2314 3828 3909 3894">
    <p class='ocr_par' dir='ltr' id='par_1_82' title="bbox 2314 3828 3909 3894">
     <span class='ocr_line' id='line_1_82' title="bbox 2314 3828 3909 3894; baseline 0.004 -11"><span class='ocrx_word' id='word_1_586' title='bbox 2314 3828 2584 3884; x_wconf 84' lang='lat' dir='ltr'><strong>Africanis</strong></span> <span class='ocrx_word' id='word_1_587' title='bbox 2611 3845 2719 3885; x_wconf 90' lang='lat' dir='ltr'><strong>non</strong></span> <span class='ocrx_word' id='word_1_588' title='bbox 2742 3833 2908 3887; x_wconf 87' lang='lat' dir='ltr'><strong>semel</strong></span> <span class='ocrx_word' id='word_1_589' title='bbox 2940 3832 2997 3888; x_wconf 87' lang='lat' dir='ltr'><strong>fit</strong></span> <span class='ocrx_word' id='word_1_590' title='bbox 3028 3834 3255 3890; x_wconf 89' lang='lat' dir='ltr'><strong>mentio.</strong></span> <span class='ocrx_word' id='word_1_591' title='bbox 3288 3834 3521 3891; x_wconf 80' lang='lat' dir='ltr'><strong>Musonii</strong></span> <span class='ocrx_word' id='word_1_592' title='bbox 3557 3838 3725 3892; x_wconf 87' lang='lat' dir='ltr'><strong>etiam</strong></span> <span class='ocrx_word' id='word_1_593' title='bbox 3777 3839 3909 3894; x_wconf 86' lang='lat' dir='ltr'><strong>senis</strong></span> 
     </span>
    </p>
   </div>
   <div class='ocr_carea' id='block_1_83' title="bbox 2314 3919 3909 4000">
    <p class='ocr_par' dir='ltr' id='par_1_83' title="bbox 2314 3919 3909 4000">
     <span class='ocr_line' id='line_1_83' title="bbox 2314 3919 3909 4000; baseline 0.005 -25"><span class='ocrx_word' id='word_1_594' title='bbox 2314 3919 2593 3976; x_wconf 77' lang='lat' dir='ltr'><strong>Bizaccnte</strong></span> <span class='ocrx_word' id='word_1_595' title='bbox 2618 3924 2909 3993; x_wconf 83' lang='lat' dir='ltr'><strong>provinciae</strong></span> <span class='ocrx_word' id='word_1_596' title='bbox 2951 3926 3136 3995; x_wconf 85' lang='lat' dir='ltr'><strong>primae</strong></span> <span class='ocrx_word' id='word_1_597' title='bbox 3163 3928 3309 3983; x_wconf 91' lang='lat' dir='ltr'><strong>sedis</strong></span> <span class='ocrx_word' id='word_1_598' title='bbox 3326 3929 3571 4000; x_wconf 89' lang='lat' dir='ltr'><strong>episcopi</strong></span> <span class='ocrx_word' id='word_1_599' title='bbox 3595 3930 3802 3984; x_wconf 87' lang='lat' dir='ltr'><strong>mentio</strong></span> <span class='ocrx_word' id='word_1_600' title='bbox 3823 3928 3909 3983; x_wconf 88' lang='lat' dir='ltr'><strong>ha-</strong></span> 
     </span>
    </p>
   </div>
   <div class='ocr_carea' id='block_1_84' title="bbox 2318 4015 3909 4094">
    <p class='ocr_par' dir='ltr' id='par_1_84' title="bbox 2318 4015 3909 4094">
     <span class='ocr_line' id='line_1_84' title="bbox 2318 4015 3909 4094; baseline 0.003 -24"><span class='ocrx_word' id='word_1_601' title='bbox 2318 4015 2474 4070; x_wconf 88' lang='lat' dir='ltr'><strong>betur</strong></span> <span class='ocrx_word' id='word_1_602' title='bbox 2494 4017 2726 4072; x_wconf 89' lang='lat' dir='ltr'><strong>concilio</strong></span> <span class='ocrx_word' id='word_1_603' title='bbox 2752 4018 3166 4092; x_wconf 78' lang='lat' dir='ltr'><strong>Carthaginensi</strong></span> <span class='ocrx_word' id='word_1_604' title='bbox 3196 4020 3381 4077; x_wconf 85' lang='lat' dir='ltr'><strong>habito</strong></span> <span class='ocrx_word' id='word_1_605' title='bbox 3412 4020 3547 4078; x_wconf 90' lang='lat' dir='ltr'><strong>Idib.</strong></span> <span class='ocrx_word' id='word_1_606' title='bbox 3594 4023 3765 4094; x_wconf 82' lang='lat' dir='ltr'><strong>Aug.,</strong></span> <span class='ocrx_word' id='word_1_607' title='bbox 3823 4022 3909 4077; x_wconf 80' lang='lat' dir='ltr'><strong>At-</strong></span> 
     </span>
    </p>
   </div>
   <div class='ocr_carea' id='block_1_85' title="bbox 2319 4108 3904 4187">
    <p class='ocr_par' dir='ltr' id='par_1_85' title="bbox 2319 4108 3904 4187">
     <span class='ocr_line' id='line_1_85' title="bbox 2319 4108 3904 4187; baseline 0.004 -22"><span class='ocrx_word' id='word_1_608' title='bbox 2319 4109 2426 4165; x_wconf 91' lang='lat' dir='ltr'><strong>tico</strong></span> <span class='ocrx_word' id='word_1_609' title='bbox 2446 4119 2499 4163; x_wconf 89' lang='lat' dir='ltr'><strong>et</strong></span> <span class='ocrx_word' id='word_1_610' title='bbox 2524 4108 2763 4167; x_wconf 84' lang='lat' dir='ltr'><strong>Caesario</strong></span> <span class='ocrx_word' id='word_1_611' title='bbox 2784 4114 3120 4182; x_wconf 88' lang='lat' dir='ltr'><strong>consulibus,</strong></span> <span class='ocrx_word' id='word_1_612' title='bbox 3161 4128 3305 4170; x_wconf 89' lang='lat' dir='ltr'><strong>anno</strong></span> <span class='ocrx_word' id='word_1_613' title='bbox 3334 4114 3539 4171; x_wconf 86' lang='lat' dir='ltr'><strong>Christi</strong></span> <span class='ocrx_word' id='word_1_614' title='bbox 3596 4114 3704 4172; x_wconf 82' lang='lat'><strong>597</strong></span> <span class='ocrx_word' id='word_1_615' title='bbox 3757 4130 3904 4187; x_wconf 85' lang='lat' dir='ltr'><strong>quem</strong></span> 
     </span>
    </p>
   </div>
   <div class='ocr_carea' id='block_1_86' title="bbox 2320 4204 3914 4280">
    <p class='ocr_par' dir='ltr' id='par_1_86' title="bbox 2320 4204 3914 4280">
     <span class='ocr_line' id='line_1_86' title="bbox 2320 4204 3914 4280; baseline 0.004 -23"><span class='ocrx_word' id='word_1_616' title='bbox 2320 4209 2499 4258; x_wconf 84' lang='lat' dir='ltr'><strong>tamen</strong></span> <span class='ocrx_word' id='word_1_617' title='bbox 2530 4204 2780 4260; x_wconf 91' lang='lat' dir='ltr'><strong>eumdem</strong></span> <span class='ocrx_word' id='word_1_618' title='bbox 2804 4220 2926 4261; x_wconf 90' lang='lat' dir='ltr'><strong>esse</strong></span> <span class='ocrx_word' id='word_1_619' title='bbox 2954 4222 3075 4262; x_wconf 89' lang='lat' dir='ltr'><strong>cum</strong></span> <span class='ocrx_word' id='word_1_620' title='bbox 3124 4223 3190 4263; x_wconf 91' lang='lat' dir='ltr'><strong>eo</strong></span> <span class='ocrx_word' id='word_1_621' title='bbox 3233 4207 3304 4264; x_wconf 92' lang='lat' dir='ltr'><strong>de</strong></span> <span class='ocrx_word' id='word_1_622' title='bbox 3357 4224 3465 4279; x_wconf 93' lang='lat' dir='ltr'><strong>quo</strong></span> <span class='ocrx_word' id='word_1_623' title='bbox 3486 4207 3703 4280; x_wconf 86' lang='lat' dir='ltr'><strong>agimus</strong></span> <span class='ocrx_word' id='word_1_624' title='bbox 3733 4222 3914 4280; x_wconf 84' lang='lat' dir='ltr'><strong>perne-</strong></span> 
     </span>
    </p>
   </div>
   <div class='ocr_carea' id='block_1_87' title="bbox 2319 4296 3914 4367">
    <p class='ocr_par' dir='ltr' id='par_1_87' title="bbox 2319 4296 3914 4367">
     <span class='ocr_line' id='line_1_87' title="bbox 2319 4296 3914 4367; baseline 0.005 -19"><span class='ocrx_word' id='word_1_625' title='bbox 2319 4309 2526 4366; x_wconf 82' lang='lat' dir='ltr'><strong>garcin,</strong></span> <span class='ocrx_word' id='word_1_626' title='bbox 2559 4296 2661 4352; x_wconf 86' lang='lat' dir='ltr'><strong>nisi</strong></span> <span class='ocrx_word' id='word_1_627' title='bbox 2690 4313 2851 4367; x_wconf 87' lang='lat' dir='ltr'><strong>supra</strong></span> <span class='ocrx_word' id='word_1_628' title='bbox 2887 4297 3211 4357; x_wconf 87' lang='lat' dir='ltr'><strong>vidissemus</strong></span> <span class='ocrx_word' id='word_1_629' title='bbox 3234 4301 3423 4359; x_wconf 91' lang='lat' dir='ltr'><strong>Osium</strong></span> <span class='ocrx_word' id='word_1_630' title='bbox 3467 4316 3658 4359; x_wconf 85' lang='lat' dir='ltr'><strong>senem</strong></span> <span class='ocrx_word' id='word_1_631' title='bbox 3710 4302 3914 4359; x_wconf 77' lang='lat' dir='ltr'><strong>Nicaeae</strong></span> 
     </span>
    </p>
   </div>
   <div class='ocr_carea' id='block_1_88' title="bbox 2320 4390 3912 4468">
    <p class='ocr_par' dir='ltr' id='par_1_88' title="bbox 2320 4390 3912 4468">
     <span class='ocr_line' id='line_1_88' title="bbox 2320 4390 3912 4468; baseline 0.006 -25"><span class='ocrx_word' id='word_1_632' title='bbox 2320 4390 2553 4445; x_wconf 84' lang='lat' dir='ltr'><strong>concilio</strong></span> <span class='ocrx_word' id='word_1_633' title='bbox 2582 4391 2863 4462; x_wconf 58' lang='lat' dir='ltr'><strong>praefuisse</strong></span> <span class='ocrx_word' id='word_1_634' title='bbox 2887 4437 2901 4461; x_wconf 95' lang='lat'><strong>,</strong></span> <span class='ocrx_word' id='word_1_635' title='bbox 2936 4395 3298 4468; x_wconf 89' lang='lat' dir='ltr'><strong>cumdemquc</strong></span> <span class='ocrx_word' id='word_1_636' title='bbox 3340 4397 3629 4455; x_wconf 88' lang='lat' dir='ltr'><strong>Sirmiensi</strong></span> <span class='ocrx_word' id='word_1_637' title='bbox 3668 4398 3912 4461; x_wconf 76' lang='lat' dir='ltr'><strong>concilio,</strong></span> 
     </span>
    </p>
   </div>
   <div class='ocr_carea' id='block_1_89' title="bbox 2320 4483 3914 4566">
    <p class='ocr_par' dir='ltr' id='par_1_89' title="bbox 2320 4483 3914 4566">
     <span class='ocr_line' id='line_1_89' title="bbox 2320 4483 3914 4566; baseline 0.006 -29"><span class='ocrx_word' id='word_1_638' title='bbox 2320 4483 2465 4553; x_wconf 90' lang='lat' dir='ltr'><strong>quod</strong></span> <span class='ocrx_word' id='word_1_639' title='bbox 2499 4484 2715 4555; x_wconf 85' lang='lat' dir='ltr'><strong>triginta</strong></span> <span class='ocrx_word' id='word_1_640' title='bbox 2741 4499 2794 4541; x_wconf 89' lang='lat' dir='ltr'><strong>et</strong></span> <span class='ocrx_word' id='word_1_641' title='bbox 2824 4487 2966 4558; x_wconf 91' lang='lat' dir='ltr'><strong>quod</strong></span> <span class='ocrx_word' id='word_1_642' title='bbox 2997 4490 3256 4558; x_wconf 83' lang='lat' dir='ltr'><strong>excurrit,</strong></span> <span class='ocrx_word' id='word_1_643' title='bbox 3292 4491 3449 4546; x_wconf 89' lang='lat' dir='ltr'><strong>annis</strong></span> <span class='ocrx_word' id='word_1_644' title='bbox 3482 4498 3673 4561; x_wconf 83' lang='lat' dir='ltr'><strong>postea</strong></span> <span class='ocrx_word' id='word_1_645' title='bbox 3720 4502 3914 4566; x_wconf 84' lang='lat' dir='ltr'><strong>gestum</strong></span> 
     </span>
    </p>
   </div>
   <div class='ocr_carea' id='block_1_90' title="bbox 2323 4581 3914 4657">
    <p class='ocr_par' dir='ltr' id='par_1_90' title="bbox 2323 4581 3914 4657">
     <span class='ocr_line' id='line_1_90' title="bbox 2323 4581 3914 4657; baseline 0.004 -25"><span class='ocrx_word' id='word_1_646' title='bbox 2323 4589 2429 4645; x_wconf 84' lang='lat' dir='ltr'><strong>est,</strong></span> <span class='ocrx_word' id='word_1_647' title='bbox 2460 4581 2773 4635; x_wconf 83' lang='lat' dir='ltr'><strong>centenario</strong></span> <span class='ocrx_word' id='word_1_648' title='bbox 2796 4582 3057 4653; x_wconf 89' lang='lat' dir='ltr'><strong>majorem</strong></span> <span class='ocrx_word' id='word_1_649' title='bbox 3084 4583 3384 4652; x_wconf 84' lang='lat' dir='ltr'><strong>adstitisse,</strong></span> <span class='ocrx_word' id='word_1_650' title='bbox 3411 4595 3577 4657; x_wconf 86' lang='lat' dir='ltr'><strong>atque</strong></span> <span class='ocrx_word' id='word_1_651' title='bbox 3614 4585 3683 4642; x_wconf 92' lang='lat' dir='ltr'><strong>ad</strong></span> <span class='ocrx_word' id='word_1_652' title='bbox 3728 4599 3914 4642; x_wconf 84' lang='lat' dir='ltr'><strong>annum</strong></span> 
     </span>
    </p>
   </div>
   <div class='ocr_carea' id='block_1_91' title="bbox 607 4658 3918 4753">
    <p class='ocr_par' dir='ltr' id='par_1_91' title="bbox 607 4658 3918 4753">
     <span class='ocr_line' id='line_1_91' title="bbox 607 4658 3918 4753; baseline 0.002 -37"><span class='ocrx_word' id='word_1_653' title='bbox 607 4669 669 4716; x_wconf 90' lang='lat' dir='ltr'><strong>ut</strong></span> <span class='ocrx_word' id='word_1_654' title='bbox 708 4674 815 4714; x_wconf 90' lang='lat' dir='ltr'><strong>non</strong></span> <span class='ocrx_word' id='word_1_655' title='bbox 837 4659 1039 4728; x_wconf 83' lang='lat' dir='ltr'><strong>absque</strong></span> <span class='ocrx_word' id='word_1_656' title='bbox 1060 4659 1293 4723; x_wconf 90' lang='lat' dir='ltr'><strong>ratione,</strong></span> <span class='ocrx_word' id='word_1_657' title='bbox 1343 4658 1560 4729; x_wconf 88' lang='lat' dir='ltr'><strong>quando</strong></span> <span class='ocrx_word' id='word_1_658' title='bbox 1591 4659 1721 4715; x_wconf 91' lang='lat' dir='ltr'><strong>illud</strong></span> <span class='ocrx_word' id='word_1_659' title='bbox 1765 4661 2005 4718; x_wconf 89' lang='lat' dir='ltr'><strong>habitum</strong></span> <span class='ocrx_word' id='word_1_660' title='bbox 2058 4664 2220 4721; x_wconf 88' lang='lat' dir='ltr'><strong>fuerit</strong></span> <span class='ocrx_word' id='word_1_661' title='bbox 2246 4667 2301 4729; x_wconf 87' lang='lat' dir='ltr'><strong>D</strong></span> <span class='ocrx_word' id='word_1_662' title='bbox 2323 4672 2524 4729; x_wconf 76' lang='lat' dir='ltr'><strong>Christi</strong></span> <span class='ocrx_word' id='word_1_663' title='bbox 2546 4673 2657 4731; x_wconf 71' lang='lat'><strong>560</strong></span> <span class='ocrx_word' id='word_1_664' title='bbox 2688 4677 3020 4745; x_wconf 69' lang='lat' dir='ltr'><strong>pervenisse,</strong></span> <span class='ocrx_word' id='word_1_665' title='bbox 3050 4677 3304 4732; x_wconf 61' lang='lat' dir='ltr'><strong>Restituti</strong></span> <span class='ocrx_word' id='word_1_666' title='bbox 3332 4689 3513 4735; x_wconf 59' lang='lat' dir='ltr'><strong>autem</strong></span> <span class='ocrx_word' id='word_1_667' title='bbox 3560 4680 3808 4753; x_wconf 72' lang='lat' dir='ltr'><strong>episcopi</strong></span> <span class='ocrx_word' id='word_1_668' title='bbox 3834 4694 3918 4752; x_wconf 70' lang='grc' dir='ltr'><strong>ρπ</strong></span> 
     </span>
    </p>
   </div>
   <div class='ocr_carea' id='block_1_92' title="bbox 610 4754 2210 4829">
    <p class='ocr_par' dir='ltr' id='par_1_92' title="bbox 610 4754 2210 4829">
     <span class='ocr_line' id='line_1_92' title="bbox 610 4754 2210 4829; baseline 0.002 -15"><span class='ocrx_word' id='word_1_669' title='bbox 610 4764 667 4814; x_wconf 87' lang='lat' dir='ltr'><strong>et</strong></span> <span class='ocrx_word' id='word_1_670' title='bbox 688 4771 714 4809; x_wconf 87' lang='lat' dir='ltr'><strong>a</strong></span> <span class='ocrx_word' id='word_1_671' title='bbox 744 4770 873 4827; x_wconf 85' lang='lat' dir='ltr'><strong>quo,</strong></span> <span class='ocrx_word' id='word_1_672' title='bbox 903 4754 1119 4809; x_wconf 82' lang='lat' dir='ltr'><strong>maximi</strong></span> <span class='ocrx_word' id='word_1_673' title='bbox 1152 4755 1248 4809; x_wconf 87' lang='lat' dir='ltr'><strong>viri</strong></span> <span class='ocrx_word' id='word_1_674' title='bbox 1277 4765 1520 4825; x_wconf 75' lang='lat' dir='ltr'><strong>quzerant</strong></span> <span class='ocrx_word' id='word_1_675' title='bbox 1545 4773 1558 4810; x_wconf 91' lang='lat'><strong>:</strong></span> <span class='ocrx_word' id='word_1_676' title='bbox 1587 4772 1695 4827; x_wconf 91' lang='lat' dir='ltr'><strong>quo</strong></span> <span class='ocrx_word' id='word_1_677' title='bbox 1721 4760 1938 4829; x_wconf 86' lang='lat' dir='ltr'><strong>negotio</strong></span> <span class='ocrx_word' id='word_1_678' title='bbox 1957 4761 2001 4816; x_wconf 92' lang='lat' dir='ltr'><strong>si</strong></span> <span class='ocrx_word' id='word_1_679' title='bbox 2024 4776 2086 4816; x_wconf 83' lang='lat' dir='ltr'><strong>ex</strong></span> <span class='ocrx_word' id='word_1_680' title='bbox 2120 4777 2210 4817; x_wconf 85' lang='lat' dir='ltr'><strong>ve-</strong></span> 
     </span>
    </p>
   </div>
   <div class='ocr_carea' id='block_1_93' title="bbox 611 4848 2211 4925">
    <p class='ocr_par' dir='ltr' id='par_1_93' title="bbox 611 4848 2211 4925">
     <span class='ocr_line' id='line_1_93' title="bbox 611 4848 2211 4925; baseline 0.002 -17"><span class='ocrx_word' id='word_1_681' title='bbox 611 4849 819 4908; x_wconf 71' lang='lat' dir='ltr'><strong>teribus</strong></span> <span class='ocrx_word' id='word_1_682' title='bbox 841 4849 992 4904; x_wconf 89' lang='lat' dir='ltr'><strong>libris</strong></span> <span class='ocrx_word' id='word_1_683' title='bbox 1013 4864 1109 4904; x_wconf 90' lang='lat' dir='ltr'><strong>eos</strong></span> <span class='ocrx_word' id='word_1_684' title='bbox 1132 4848 1553 4920; x_wconf 74' lang='lat' dir='ltr'><strong>expediet-imus,</strong></span> <span class='ocrx_word' id='word_1_685' title='bbox 1587 4854 1794 4908; x_wconf 89' lang='lat' dir='ltr'><strong>auctori</strong></span> <span class='ocrx_word' id='word_1_686' title='bbox 1828 4868 1926 4908; x_wconf 91' lang='lat' dir='ltr'><strong>suo</strong></span> <span class='ocrx_word' id='word_1_687' title='bbox 1949 4854 2081 4910; x_wconf 90' lang='lat' dir='ltr'><strong>illud</strong></span> <span class='ocrx_word' id='word_1_688' title='bbox 2133 4856 2211 4925; x_wconf 85' lang='lat' dir='ltr'><strong>ip-</strong></span> 
     </span>
    </p>
   </div>
   <div class='ocr_carea' id='block_1_94' title="bbox 612 4934 2215 5013">
    <p class='ocr_par' dir='ltr' id='par_1_94' title="bbox 612 4934 2215 5013">
     <span class='ocr_line' id='line_1_94' title="bbox 612 4934 2215 5013; baseline 0.002 -12"><span class='ocrx_word' id='word_1_689' title='bbox 612 4960 735 5001; x_wconf 83' lang='lat' dir='ltr'><strong>sum</strong></span> <span class='ocrx_word' id='word_1_690' title='bbox 764 4951 1096 5008; x_wconf 84' lang='lat' dir='ltr'><strong>asserentes,</strong></span> <span class='ocrx_word' id='word_1_691' title='bbox 1121 4934 1340 5013; x_wconf 83' lang='lat' dir='ltr'><strong>operam</strong></span> <span class='ocrx_word' id='word_1_692' title='bbox 1368 4945 1597 5000; x_wconf 84' lang='lat' dir='ltr'><strong>fortasse</strong></span> <span class='ocrx_word' id='word_1_693' title='bbox 1621 4945 1725 5001; x_wconf 88' lang='lat' dir='ltr'><strong>hoc</strong></span> <span class='ocrx_word' id='word_1_694' title='bbox 1745 4948 1970 5002; x_wconf 70' lang='lat' dir='ltr'><strong>exordio</strong></span> <span class='ocrx_word' id='word_1_695' title='bbox 1993 4965 2097 5004; x_wconf 92' lang='lat' dir='ltr'><strong>non</strong></span> <span class='ocrx_word' id='word_1_696' title='bbox 2133 4950 2215 5004; x_wconf 91' lang='lat' dir='ltr'><strong>Iu-</strong></span> 
     </span>
    </p>
   </div>
   <div class='ocr_carea' id='block_1_95' title="bbox 612 5036 2213 5111">
    <p class='ocr_par' dir='ltr' id='par_1_95' title="bbox 612 5036 2213 5111">
     <span class='ocr_line' id='line_1_95' title="bbox 612 5036 2213 5111; baseline 0.002 -16"><span class='ocrx_word' id='word_1_697' title='bbox 612 5039 866 5095; x_wconf 87' lang='lat' dir='ltr'><strong>serimus.</strong></span> <span class='ocrx_word' id='word_1_698' title='bbox 900 5036 1029 5093; x_wconf 84' lang='lat' dir='ltr'><strong>Tria</strong></span> <span class='ocrx_word' id='word_1_699' title='bbox 1057 5045 1184 5092; x_wconf 87' lang='lat' dir='ltr'><strong>sunt</strong></span> <span class='ocrx_word' id='word_1_700' title='bbox 1211 5045 1413 5105; x_wconf 89' lang='lat' dir='ltr'><strong>autem,</strong></span> <span class='ocrx_word' id='word_1_701' title='bbox 1449 5053 1668 5111; x_wconf 84' lang='lat' dir='ltr'><strong>propter</strong></span> <span class='ocrx_word' id='word_1_702' title='bbox 1688 5057 1807 5111; x_wconf 76' lang='lat' dir='ltr'><strong>qum</strong></span> <span class='ocrx_word' id='word_1_703' title='bbox 1854 5042 1982 5097; x_wconf 91' lang='lat' dir='ltr'><strong>illud</strong></span> <span class='ocrx_word' id='word_1_704' title='bbox 2027 5045 2213 5099; x_wconf 88' lang='lat' dir='ltr'><strong>conci-</strong></span> 
     </span>
    </p>
   </div>
   <div class='ocr_carea' id='block_1_96' title="bbox 620 5130 2214 5202">
    <p class='ocr_par' dir='ltr' id='par_1_96' title="bbox 620 5130 2214 5202">
     <span class='ocr_line' id='line_1_96' title="bbox 620 5130 2214 5202; baseline 0.004 -14"><span class='ocrx_word' id='word_1_705' title='bbox 620 5133 752 5188; x_wconf 88' lang='lat' dir='ltr'><strong>lium</strong></span> <span class='ocrx_word' id='word_1_706' title='bbox 777 5130 1219 5186; x_wconf 79' lang='lat' dir='ltr'><strong>controvertitur.</strong></span> <span class='ocrx_word' id='word_1_707' title='bbox 1254 5130 1515 5199; x_wconf 87' lang='lat' dir='ltr'><strong>Primum,</strong></span> <span class='ocrx_word' id='word_1_708' title='bbox 1547 5134 1672 5202; x_wconf 86' lang='lat' dir='ltr'><strong>quia</strong></span> <span class='ocrx_word' id='word_1_709' title='bbox 1703 5135 2032 5192; x_wconf 84' lang='lat' dir='ltr'><strong>celebratum</strong></span> <span class='ocrx_word' id='word_1_710' title='bbox 2075 5138 2214 5193; x_wconf 87' lang='lat' dir='ltr'><strong>dici-</strong></span> 
     </span>
    </p>
   </div>
   <div class='ocr_carea' id='block_1_97' title="bbox 620 5224 2223 5287">
    <p class='ocr_par' dir='ltr' id='par_1_97' title="bbox 620 5224 2223 5287">
     <span class='ocr_line' id='line_1_97' title="bbox 620 5224 2223 5287; baseline 0.004 -6"><span class='ocrx_word' id='word_1_711' title='bbox 620 5237 706 5281; x_wconf 93' lang='lat' dir='ltr'><strong>tur</strong></span> <span class='ocrx_word' id='word_1_712' title='bbox 740 5224 1119 5279; x_wconf 79' lang='lat' dir='ltr'><strong>Valentiniano</strong></span> <span class='ocrx_word' id='word_1_713' title='bbox 1149 5234 1277 5278; x_wconf 81' lang='lat' dir='ltr'><strong>rvet</strong></span> <span class='ocrx_word' id='word_1_714' title='bbox 1302 5224 1610 5282; x_wconf 88' lang='lat' dir='ltr'><strong>Theodosio</strong></span> <span class='ocrx_word' id='word_1_715' title='bbox 1666 5242 1809 5282; x_wconf 88' lang='lat' dir='ltr'><strong>coss.</strong></span> <span class='ocrx_word' id='word_1_716' title='bbox 1867 5245 1988 5285; x_wconf 90' lang='lat' dir='ltr'><strong>cum</strong></span> <span class='ocrx_word' id='word_1_717' title='bbox 2042 5241 2223 5287; x_wconf 89' lang='lat' dir='ltr'><strong>tamen</strong></span> 
     </span>
    </p>
   </div>
   <div class='ocr_carea' id='block_1_98' title="bbox 619 5315 2221 5396">
    <p class='ocr_par' dir='ltr' id='par_1_98' title="bbox 619 5315 2221 5396">
     <span class='ocr_line' id='line_1_98' title="bbox 619 5315 2221 5396; baseline 0.004 -23"><span class='ocrx_word' id='word_1_718' title='bbox 619 5316 1033 5375; x_wconf 79' lang='lat' dir='ltr'><strong>Valentinianus</strong></span> <span class='ocrx_word' id='word_1_719' title='bbox 1080 5315 1265 5372; x_wconf 86' lang='lat' dir='ltr'><strong>senior</strong></span> <span class='ocrx_word' id='word_1_720' title='bbox 1295 5334 1418 5372; x_wconf 87' lang='lat' dir='ltr'><strong>cum</strong></span> <span class='ocrx_word' id='word_1_721' title='bbox 1442 5317 1749 5375; x_wconf 82' lang='lat' dir='ltr'><strong>Theodosio</strong></span> <span class='ocrx_word' id='word_1_722' title='bbox 1771 5320 1985 5391; x_wconf 87' lang='lat' dir='ltr'><strong>Imperii</strong></span> <span class='ocrx_word' id='word_1_723' title='bbox 2014 5326 2221 5396; x_wconf 85' lang='lat' dir='ltr'><strong>collega</strong></span> 
     </span>
    </p>
   </div>
   <div class='ocr_carea' id='block_1_99' title="bbox 617 5411 2218 5488">
    <p class='ocr_par' dir='ltr' id='par_1_99' title="bbox 617 5411 2218 5488">
     <span class='ocr_line' id='line_1_99' title="bbox 617 5411 2218 5488; baseline 0.003 -21"><span class='ocrx_word' id='word_1_724' title='bbox 617 5411 955 5468; x_wconf 89' lang='lat' dir='ltr'><strong>consulatum</strong></span> <span class='ocrx_word' id='word_1_725' title='bbox 977 5411 1215 5482; x_wconf 84' lang='lat' dir='ltr'><strong>gessisse</strong></span> <span class='ocrx_word' id='word_1_726' title='bbox 1240 5427 1501 5483; x_wconf 80' lang='lat' dir='ltr'><strong>nusquam</strong></span> <span class='ocrx_word' id='word_1_727' title='bbox 1529 5413 1768 5483; x_wconf 84' lang='lat' dir='ltr'><strong>legatur:</strong></span> <span class='ocrx_word' id='word_1_728' title='bbox 1798 5415 2053 5484; x_wconf 89' lang='lat' dir='ltr'><strong>alterum,</strong></span> <span class='ocrx_word' id='word_1_729' title='bbox 2076 5420 2218 5488; x_wconf 91' lang='lat' dir='ltr'><strong>quod</strong></span> 
     </span>
    </p>
   </div>
   <div class='ocr_carea' id='block_1_100' title="bbox 614 5504 2215 5582">
    <p class='ocr_par' dir='ltr' id='par_1_100' title="bbox 614 5504 2215 5582">
     <span class='ocr_line' id='line_1_100' title="bbox 614 5504 2215 5582; baseline 0.004 -21"><span class='ocrx_word' id='word_1_730' title='bbox 614 5507 667 5562; x_wconf 91' lang='lat' dir='ltr'><strong>in</strong></span> <span class='ocrx_word' id='word_1_731' title='bbox 692 5522 758 5561; x_wconf 90' lang='lat' dir='ltr'><strong>eo</strong></span> <span class='ocrx_word' id='word_1_732' title='bbox 786 5504 1017 5561; x_wconf 87' lang='lat' dir='ltr'><strong>Ceuetlii</strong></span> <span class='ocrx_word' id='word_1_733' title='bbox 1044 5520 1239 5561; x_wconf 90' lang='lat' dir='ltr'><strong>nomen</strong></span> <span class='ocrx_word' id='word_1_734' title='bbox 1272 5523 1381 5561; x_wconf 84' lang='lat' dir='ltr'><strong>non</strong></span> <span class='ocrx_word' id='word_1_735' title='bbox 1416 5506 1680 5562; x_wconf 83' lang='lat' dir='ltr'><strong>habeatur</strong></span> <span class='ocrx_word' id='word_1_736' title='bbox 1708 5525 1720 5562; x_wconf 91' lang='lat'><strong>:</strong></span> <span class='ocrx_word' id='word_1_737' title='bbox 1755 5512 1971 5564; x_wconf 83' lang='lat' dir='ltr'><strong>tertium</strong></span> <span class='ocrx_word' id='word_1_738' title='bbox 1998 5527 2060 5566; x_wconf 84' lang='lat' dir='ltr'><strong>ac</strong></span> <span class='ocrx_word' id='word_1_739' title='bbox 2089 5529 2215 5582; x_wconf 84' lang='lat' dir='ltr'><strong>pos-</strong></span> 
     </span>
    </p>
   </div>
   <div class='ocr_carea' id='block_1_101' title="bbox 615 5596 2219 5671">
    <p class='ocr_par' dir='ltr' id='par_1_101' title="bbox 615 5596 2219 5671">
     <span class='ocr_line' id='line_1_101' title="bbox 615 5596 2219 5671; baseline 0.006 -18"><span class='ocrx_word' id='word_1_740' title='bbox 615 5607 881 5665; x_wconf 74' lang='lat' dir='ltr'><strong>tremum,</strong></span> <span class='ocrx_word' id='word_1_741' title='bbox 906 5597 1048 5669; x_wconf 85' lang='lat' dir='ltr'><strong>quod</strong></span> <span class='ocrx_word' id='word_1_742' title='bbox 1078 5596 1326 5655; x_wconf 80' lang='lat' dir='ltr'><strong>Aurelius</strong></span> <span class='ocrx_word' id='word_1_743' title='bbox 1352 5601 1662 5670; x_wconf 87' lang='lat' dir='ltr'><strong>episcopus,</strong></span> <span class='ocrx_word' id='word_1_744' title='bbox 1692 5601 1781 5671; x_wconf 89' lang='lat' dir='ltr'><strong>qui</strong></span> <span class='ocrx_word' id='word_1_745' title='bbox 1811 5600 2064 5659; x_wconf 86' lang='lat' dir='ltr'><strong>Genetlio</strong></span> <span class='ocrx_word' id='word_1_746' title='bbox 2095 5620 2219 5662; x_wconf 88' lang='lat' dir='ltr'><strong>suc-</strong></span> 
     </span>
    </p>
   </div>
   <div class='ocr_carea' id='block_1_102' title="bbox 689 5735 2210 5808">
    <p class='ocr_par' dir='ltr' id='par_1_102' title="bbox 689 5735 2210 5808">
     <span class='ocr_line' id='line_1_102' title="bbox 689 5735 2210 5808; baseline 0.005 -17"><span class='ocrx_word' id='word_1_747' title='bbox 689 5736 765 5808; x_wconf 82' lang='lat' dir='ltr'><strong>(u)</strong></span> <span class='ocrx_word' id='word_1_748' title='bbox 787 5735 1035 5808; x_wconf 67' lang='lat' dir='ltr'><strong>diendum</strong></span> <span class='ocrx_word' id='word_1_749' title='bbox 1064 5751 1170 5791; x_wconf 92' lang='lat' dir='ltr'><strong>non</strong></span> <span class='ocrx_word' id='word_1_750' title='bbox 1198 5738 1441 5808; x_wconf 63' lang='lat' dir='ltr'><strong>obrepsit</strong></span> <span class='ocrx_word' id='word_1_751' title='bbox 1467 5756 1478 5791; x_wconf 89' lang='lat'>:</span> <span class='ocrx_word' id='word_1_752' title='bbox 1521 5738 1615 5793; x_wconf 88' lang='lat' dir='ltr'><strong>sed</strong></span> <span class='ocrx_word' id='word_1_753' title='bbox 1645 5753 1769 5794; x_wconf 87' lang='lat' dir='ltr'><strong>cum</strong></span> <span class='ocrx_word' id='word_1_754' title='bbox 1825 5742 2210 5799; x_wconf 90' lang='lat' dir='ltr'><strong>Constantino-</strong></span> 
     </span>
    </p>
   </div>
   <div class='ocr_carea' id='block_1_103' title="bbox 619 5806 2214 5879">
    <p class='ocr_par' dir='ltr' id='par_1_103' title="bbox 619 5806 2214 5879">
     <span class='ocr_line' id='line_1_103' title="bbox 619 5806 2214 5879; baseline 0.009 -20"><span class='ocrx_word' id='word_1_755' title='bbox 619 5806 1050 5879; x_wconf 81' lang='lat' dir='ltr'><strong>polisubscripta</strong></span> <span class='ocrx_word' id='word_1_756' title='bbox 1099 5808 1167 5860; x_wconf 90' lang='lat' dir='ltr'><strong>sit</strong></span> <span class='ocrx_word' id='word_1_757' title='bbox 1206 5806 1457 5879; x_wconf 73' lang='lat' dir='ltr'><strong>formula,</strong></span> <span class='ocrx_word' id='word_1_758' title='bbox 1493 5825 1611 5879; x_wconf 68' lang='lat' dir='ltr'><strong>quae</strong></span> <span class='ocrx_word' id='word_1_759' title='bbox 1633 5810 1827 5866; x_wconf 67' lang='lat' dir='ltr'><strong>Nicmee</strong></span> <span class='ocrx_word' id='word_1_760' title='bbox 1873 5815 1926 5867; x_wconf 92' lang='lat' dir='ltr'><strong>in</strong></span> <span class='ocrx_word' id='word_1_761' title='bbox 1981 5815 2214 5873; x_wconf 85' lang='lat' dir='ltr'><strong>Thracia</strong></span> 
     </span>
    </p>
   </div>
   <div class='ocr_carea' id='block_1_104' title="bbox 618 5877 2217 5950">
    <p class='ocr_par' dir='ltr' id='par_1_104' title="bbox 618 5877 2217 5950">
     <span class='ocr_line' id='line_1_104' title="bbox 618 5877 2217 5950; baseline 0.006 -18"><span class='ocrx_word' id='word_1_762' title='bbox 618 5878 761 5932; x_wconf 72' lang='lat' dir='ltr'><strong>edita</strong></span> <span class='ocrx_word' id='word_1_763' title='bbox 788 5888 899 5932; x_wconf 88' lang='lat' dir='ltr'><strong>erat</strong></span> <span class='ocrx_word' id='word_1_764' title='bbox 931 5877 1473 5948; x_wconf 84' lang='lat' dir='ltr'><strong>;Constantin0polit.</strong></span> <span class='ocrx_word' id='word_1_765' title='bbox 1511 5877 1775 5950; x_wconf 83' lang='lat' dir='ltr'><strong>synodum</strong></span> <span class='ocrx_word' id='word_1_766' title='bbox 1821 5884 2103 5943; x_wconf 85' lang='lat' dir='ltr'><strong>Sirtnicnsi</strong></span> <span class='ocrx_word' id='word_1_767' title='bbox 2155 5890 2217 5942; x_wconf 82' lang='lat' dir='ltr'><strong>fl-</strong></span> 
     </span>
    </p>
   </div>
   <div class='ocr_carea' id='block_1_105' title="bbox 2316 4766 3921 4848">
    <p class='ocr_par' dir='ltr' id='par_1_105' title="bbox 2316 4766 3921 4848">
     <span class='ocr_line' id='line_1_105' title="bbox 2316 4766 3921 4848; baseline 0.003 -27"><span class='ocrx_word' id='word_1_768' title='bbox 2316 4766 2456 4835; x_wconf 90' lang='lat' dir='ltr'><strong>apud</strong></span> <span class='ocrx_word' id='word_1_769' title='bbox 2484 4782 2674 4824; x_wconf 88' lang='lat' dir='ltr'><strong>omnes</strong></span> <span class='ocrx_word' id='word_1_770' title='bbox 2718 4770 3014 4825; x_wconf 83' lang='lat' dir='ltr'><strong>silentium.</strong></span> <span class='ocrx_word' id='word_1_771' title='bbox 3048 4770 3163 4827; x_wconf 86' lang='lat' dir='ltr'><strong>Nisi</strong></span> <span class='ocrx_word' id='word_1_772' title='bbox 3187 4770 3417 4829; x_wconf 88' lang='lat' dir='ltr'><strong>fortasse</strong></span> <span class='ocrx_word' id='word_1_773' title='bbox 3444 4772 3668 4829; x_wconf 88' lang='lat' dir='ltr'><strong>basilica</strong></span> <span class='ocrx_word' id='word_1_774' title='bbox 3698 4774 3798 4848; x_wconf 69' lang='grc' dir='ltr'><strong>(γ.</strong></span> <span class='ocrx_word' id='word_1_775' title='bbox 3827 4775 3921 4828; x_wconf 76' lang='lat' dir='ltr'><strong>Aa-</strong></span> 
     </span>
    </p>
   </div>
   <div class='ocr_carea' id='block_1_106' title="bbox 2317 4862 3919 4939">
    <p class='ocr_par' dir='ltr' id='par_1_106' title="bbox 2317 4862 3919 4939">
     <span class='ocr_line' id='line_1_106' title="bbox 2317 4862 3919 4939; baseline 0.004 -25"><span class='ocrx_word' id='word_1_776' title='bbox 2317 4872 2451 4933; x_wconf 80' lang='lat' dir='ltr'><strong>gust.</strong></span> <span class='ocrx_word' id='word_1_777' title='bbox 2486 4862 2656 4917; x_wconf 88' lang='lat' dir='ltr'><strong>Serm.</strong></span> <span class='ocrx_word' id='word_1_778' title='bbox 2688 4864 2777 4934; x_wconf 84' lang='lat' dir='ltr'><strong>i9,</strong></span> <span class='ocrx_word' id='word_1_779' title='bbox 2823 4877 2930 4919; x_wconf 90' lang='lat' dir='ltr'><strong>not.</strong></span> <span class='ocrx_word' id='word_1_780' title='bbox 2973 4883 3004 4919; x_wconf 93' lang='lat' dir='ltr'><strong>a</strong></span> <span class='ocrx_word' id='word_1_781' title='bbox 3036 4866 3347 4938; x_wconf 74' lang='lat' dir='ltr'><strong>)Resrituta</strong></span> <span class='ocrx_word' id='word_1_782' title='bbox 3395 4868 3665 4939; x_wconf 80' lang='lat' dir='ltr'><strong>Perpetua</strong></span> <span class='ocrx_word' id='word_1_783' title='bbox 3703 4867 3919 4924; x_wconf 85' lang='lat' dir='ltr'><strong>Cartha-</strong></span> 
     </span>
    </p>
   </div>
   <div class='ocr_carea' id='block_1_107' title="bbox 2317 4956 3922 5034">
    <p class='ocr_par' dir='ltr' id='par_1_107' title="bbox 2317 4956 3922 5034">
     <span class='ocr_line' id='line_1_107' title="bbox 2317 4956 3922 5034; baseline 0.004 -25"><span class='ocrx_word' id='word_1_784' title='bbox 2317 4957 2463 5027; x_wconf 89' lang='lat' dir='ltr'><strong>gine,</strong></span> <span class='ocrx_word' id='word_1_785' title='bbox 2495 4956 2547 5011; x_wconf 92' lang='lat' dir='ltr'><strong>in</strong></span> <span class='ocrx_word' id='word_1_786' title='bbox 2580 4972 2681 5027; x_wconf 88' lang='lat' dir='ltr'><strong>qua</strong></span> <span class='ocrx_word' id='word_1_787' title='bbox 2715 4974 2820 5013; x_wconf 92' lang='lat' dir='ltr'><strong>non</strong></span> <span class='ocrx_word' id='word_1_788' title='bbox 2844 4976 2947 5015; x_wconf 88' lang='lat' dir='ltr'><strong>una</strong></span> <span class='ocrx_word' id='word_1_789' title='bbox 2971 4961 3211 5033; x_wconf 89' lang='lat' dir='ltr'><strong>synodus</strong></span> <span class='ocrx_word' id='word_1_790' title='bbox 3263 4962 3443 5019; x_wconf 86' lang='lat' dir='ltr'><strong>habita</strong></span> <span class='ocrx_word' id='word_1_791' title='bbox 3474 4973 3577 5029; x_wconf 88' lang='lat' dir='ltr'><strong>est,</strong></span> <span class='ocrx_word' id='word_1_792' title='bbox 3610 4964 3680 5020; x_wconf 89' lang='lat' dir='ltr'><strong>ab</strong></span> <span class='ocrx_word' id='word_1_793' title='bbox 3711 4965 3812 5019; x_wconf 87' lang='lat' dir='ltr'><strong>hoc</strong></span> <span class='ocrx_word' id='word_1_794' title='bbox 3840 4963 3922 5034; x_wconf 90' lang='lat' dir='ltr'><strong>qui</strong></span> 
     </span>
    </p>
   </div>
   <div class='ocr_carea' id='block_1_108' title="bbox 2320 5048 3925 5128">
    <p class='ocr_par' dir='ltr' id='par_1_108' title="bbox 2320 5048 3925 5128">
     <span class='ocr_line' id='line_1_108' title="bbox 2320 5048 3925 5128; baseline 0.002 -25"><span class='ocrx_word' id='word_1_795' title='bbox 2320 5048 2375 5104; x_wconf 90' lang='lat' dir='ltr'><strong>in</strong></span> <span class='ocrx_word' id='word_1_796' title='bbox 2407 5051 2705 5118; x_wconf 74' lang='lat' dir='ltr'><strong>quaestione</strong></span> <span class='ocrx_word' id='word_1_797' title='bbox 2742 5062 2821 5105; x_wconf 90' lang='lat' dir='ltr'><strong>est</strong></span> <span class='ocrx_word' id='word_1_798' title='bbox 2856 5052 3146 5120; x_wconf 80' lang='lat' dir='ltr'><strong>Restituto,</strong></span> <span class='ocrx_word' id='word_1_799' title='bbox 3223 5054 3274 5108; x_wconf 91' lang='lat' dir='ltr'><strong>in</strong></span> <span class='ocrx_word' id='word_1_800' title='bbox 3328 5056 3595 5111; x_wconf 85' lang='lat' dir='ltr'><strong>honorem</strong></span> <span class='ocrx_word' id='word_1_801' title='bbox 3649 5057 3925 5128; x_wconf 73' lang='lat' dir='ltr'><strong>Perpeitue</strong></span> 
     </span>
    </p>
   </div>
   <div class='ocr_carea' id='block_1_109' title="bbox 2326 5142 3927 5220">
    <p class='ocr_par' dir='ltr' id='par_1_109' title="bbox 2326 5142 3927 5220">
     <span class='ocr_line' id='line_1_109' title="bbox 2326 5142 3927 5220; baseline 0.006 -26"><span class='ocrx_word' id='word_1_802' title='bbox 2326 5143 2579 5214; x_wconf 87' lang='lat' dir='ltr'><strong>martyris</strong></span> <span class='ocrx_word' id='word_1_803' title='bbox 2601 5142 2862 5199; x_wconf 71' lang='lat' dir='ltr'><strong>aediﬁcata</strong></span> <span class='ocrx_word' id='word_1_804' title='bbox 2892 5162 3090 5203; x_wconf 90' lang='lat' dir='ltr'><strong>nomen</strong></span> <span class='ocrx_word' id='word_1_805' title='bbox 3138 5149 3442 5217; x_wconf 87' lang='lat' dir='ltr'><strong>acceperit;</strong></span> <span class='ocrx_word' id='word_1_806' title='bbox 3473 5149 3927 5220; x_wconf 83' lang='lat' dir='ltr'><strong>quemadmodum</strong></span> 
     </span>
    </p>
   </div>
   <div class='ocr_carea' id='block_1_110' title="bbox 2328 5235 3927 5315">
    <p class='ocr_par' dir='ltr' id='par_1_110' title="bbox 2328 5235 3927 5315">
     <span class='ocr_line' id='line_1_110' title="bbox 2328 5235 3927 5315; baseline 0.004 -25"><span class='ocrx_word' id='word_1_807' title='bbox 2328 5235 2604 5291; x_wconf 86' lang='lat' dir='ltr'><strong>basilicam</strong></span> <span class='ocrx_word' id='word_1_808' title='bbox 2636 5236 2835 5294; x_wconf 90' lang='lat' dir='ltr'><strong>ibidem</strong></span> <span class='ocrx_word' id='word_1_809' title='bbox 2858 5238 2927 5294; x_wconf 90' lang='lat' dir='ltr'><strong>ab</strong></span> <span class='ocrx_word' id='word_1_810' title='bbox 2950 5240 3173 5297; x_wconf 87' lang='lat' dir='ltr'><strong>Aurelio</strong></span> <span class='ocrx_word' id='word_1_811' title='bbox 3202 5240 3479 5315; x_wconf 87' lang='lat' dir='ltr'><strong>episcopo,</strong></span> <span class='ocrx_word' id='word_1_812' title='bbox 3503 5242 3598 5313; x_wconf 87' lang='lat' dir='ltr'><strong>qui</strong></span> <span class='ocrx_word' id='word_1_813' title='bbox 3633 5252 3689 5298; x_wconf 89' lang='lat' dir='ltr'><strong>et</strong></span> <span class='ocrx_word' id='word_1_814' title='bbox 3714 5243 3757 5299; x_wconf 67' lang='grc' dir='ltr'>Ρ</span> <span class='ocrx_word' id='word_1_815' title='bbox 3760 5244 3927 5298; x_wconf 82' lang='lat' dir='ltr'><strong>larens</strong></span> 
     </span>
    </p>
   </div>
   <div class='ocr_carea' id='block_1_111' title="bbox 2329 5329 3928 5407">
    <p class='ocr_par' dir='ltr' id='par_1_111' title="bbox 2329 5329 3928 5407">
     <span class='ocr_line' id='line_1_111' title="bbox 2329 5329 3928 5407; baseline 0.001 -22"><span class='ocrx_word' id='word_1_816' title='bbox 2329 5329 2628 5397; x_wconf 87' lang='lat' dir='ltr'><strong>dicebatur,</strong></span> <span class='ocrx_word' id='word_1_817' title='bbox 2661 5342 3029 5389; x_wconf 82' lang='lat' dir='ltr'><strong>constructam</strong></span> <span class='ocrx_word' id='word_1_818' title='bbox 3061 5338 3113 5390; x_wconf 94' lang='lat' dir='ltr'><strong>in</strong></span> <span class='ocrx_word' id='word_1_819' title='bbox 3142 5335 3259 5407; x_wconf 86' lang='lat' dir='ltr'><strong>ejus</strong></span> <span class='ocrx_word' id='word_1_820' title='bbox 3312 5335 3544 5407; x_wconf 84' lang='lat' dir='ltr'><strong>gratiam</strong></span> <span class='ocrx_word' id='word_1_821' title='bbox 3596 5335 3928 5395; x_wconf 80' lang='lat' dir='ltr'><strong>Florentiam</strong></span> 
     </span>
    </p>
   </div>
   <div class='ocr_carea' id='block_1_112' title="bbox 2326 5428 3924 5504">
    <p class='ocr_par' dir='ltr' id='par_1_112' title="bbox 2326 5428 3924 5504">
     <span class='ocr_line' id='line_1_112' title="bbox 2326 5428 3924 5504; baseline 0.001 -24"><span class='ocrx_word' id='word_1_822' title='bbox 2326 5428 2764 5496; x_wconf 84' lang='lat' dir='ltr'><strong>cognominatam</strong></span> <span class='ocrx_word' id='word_1_823' title='bbox 2799 5471 2813 5493; x_wconf 92' lang='lat'><strong>,</strong></span> <span class='ocrx_word' id='word_1_824' title='bbox 2847 5444 2909 5485; x_wconf 84' lang='lat' dir='ltr'><strong>ex</strong></span> <span class='ocrx_word' id='word_1_825' title='bbox 2946 5432 3225 5486; x_wconf 51' lang='lat' dir='ltr'><strong>eermonis</strong></span> <span class='ocrx_word' id='word_1_826' title='bbox 3281 5429 3341 5484; x_wconf 87' lang='grc' dir='ltr'>Β.</span> <span class='ocrx_word' id='word_1_827' title='bbox 3399 5429 3536 5502; x_wconf 76' lang='lat' dir='ltr'><strong>Aug.</strong></span> <span class='ocrx_word' id='word_1_828' title='bbox 3595 5429 3702 5504; x_wconf 76' lang='grc' dir='ltr'><strong>(γ.</strong></span> <span class='ocrx_word' id='word_1_829' title='bbox 3762 5430 3924 5486; x_wconf 69' lang='lat' dir='ltr'><strong>Serm.</strong></span> 
     </span>
    </p>
   </div>
   <div class='ocr_carea' id='block_1_113' title="bbox 2326 5519 3927 5599">
    <p class='ocr_par' dir='ltr' id='par_1_113' title="bbox 2326 5519 3927 5599">
     <span class='ocr_line' id='line_1_113' title="bbox 2326 5519 3927 5599; baseline 0.005 -27"><span class='ocrx_word' id='word_1_830' title='bbox 2326 5519 2545 5594; x_wconf 83' lang='lat' dir='ltr'><strong>August.</strong></span> <span class='ocrx_word' id='word_1_831' title='bbox 2578 5523 2705 5589; x_wconf 77' lang='lat'><strong>559,</strong></span> <span class='ocrx_word' id='word_1_832' title='bbox 2736 5535 2782 5579; x_wconf 87' lang='lat' dir='ltr'><strong>et</strong></span> <span class='ocrx_word' id='word_1_833' title='bbox 2815 5535 2988 5579; x_wconf 81' lang='lat' dir='ltr'><strong>notam</strong></span> <span class='ocrx_word' id='word_1_834' title='bbox 3009 5526 3057 5585; x_wconf 74' lang='grc' dir='ltr'><strong>Ι),</strong></span> <span class='ocrx_word' id='word_1_835' title='bbox 3079 5543 3200 5599; x_wconf 84' lang='lat' dir='ltr'><strong>pag.</strong></span> <span class='ocrx_word' id='word_1_836' title='bbox 3236 5524 3399 5599; x_wconf 69' lang='lat'><strong>1405)</strong></span> <span class='ocrx_word' id='word_1_837' title='bbox 3434 5535 3554 5597; x_wconf 89' lang='lat' dir='ltr'><strong>post</strong></span> <span class='ocrx_word' id='word_1_838' title='bbox 3584 5526 3927 5582; x_wconf 76' lang='lat' dir='ltr'><strong>collationem</strong></span> 
     </span>
    </p>
   </div>
   <div class='ocr_carea' id='block_1_114' title="bbox 2323 5615 3927 5692">
    <p class='ocr_par' dir='ltr' id='par_1_114' title="bbox 2323 5615 3927 5692">
     <span class='ocr_line' id='line_1_114' title="bbox 2323 5615 3927 5692; baseline 0.001 -22"><span class='ocrx_word' id='word_1_839' title='bbox 2323 5615 2378 5671; x_wconf 85' lang='lat' dir='ltr'><strong>in</strong></span> <span class='ocrx_word' id='word_1_840' title='bbox 2430 5617 2672 5689; x_wconf 74' lang='lat' dir='ltr'><strong>ejusdem</strong></span> <span class='ocrx_word' id='word_1_841' title='bbox 2740 5619 2979 5676; x_wconf 65' lang='lat' dir='ltr'><strong>basilicae</strong></span> <span class='ocrx_word' id='word_1_842' title='bbox 3020 5621 3359 5677; x_wconf 87' lang='lat' dir='ltr'><strong>dedicatione</strong></span> <span class='ocrx_word' id='word_1_843' title='bbox 3418 5620 3591 5677; x_wconf 89' lang='lat' dir='ltr'><strong>habiti</strong></span> <span class='ocrx_word' id='word_1_844' title='bbox 3634 5619 3927 5692; x_wconf 82' lang='lat' dir='ltr'><strong>fragmento</strong></span> 
     </span>
    </p>
   </div>
   <div class='ocr_carea' id='block_1_115' title="bbox 2322 5753 4027 5834">
    <p class='ocr_par' dir='ltr' id='par_1_115' title="bbox 2322 5753 4027 5834">
     <span class='ocr_line' id='line_1_115' title="bbox 2322 5753 4027 5834; baseline 0.005 -25"><span class='ocrx_word' id='word_1_845' title='bbox 2322 5753 2411 5834; x_wconf 76' lang='lat' dir='ltr'><strong>dei</strong></span> <span class='ocrx_word' id='word_1_846' title='bbox 2439 5773 2546 5834; x_wconf 69' lang='lat' dir='ltr'><strong>non</strong></span> <span class='ocrx_word' id='word_1_847' title='bbox 2606 5759 2823 5834; x_wconf 78' lang='lat' dir='ltr'><strong>stetisse</strong></span> <span class='ocrx_word' id='word_1_848' title='bbox 2863 5759 3175 5834; x_wconf 28' lang='lat' dir='ltr'><strong>verendiin</strong></span> <span class='ocrx_word' id='word_1_849' title='bbox 3229 5761 3582 5834; x_wconf 81' lang='lat' dir='ltr'><strong>Athanasius,</strong></span> <span class='ocrx_word' id='word_1_850' title='bbox 3631 5760 3923 5834; x_wconf 70' lang='lat' dir='ltr'><strong>praesertim</strong></span> <span class='ocrx_word' id='word_1_851' title='bbox 4026 5774 4027 5829; x_wconf 50' lang='grc' dir='ltr'><strong>ἲ</strong></span> 
     </span>
    </p>
   </div>
   <div class='ocr_carea' id='block_1_116' title="bbox 2322 5826 3459 5888">
    <p class='ocr_par' dir='ltr' id='par_1_116' title="bbox 2322 5826 3459 5888">
     <span class='ocr_line' id='line_1_116' title="bbox 2322 5826 3459 5888; baseline 0.008 -9"><span class='ocrx_word' id='word_1_852' title='bbox 2322 5826 2411 5881; x_wconf 88' lang='lat' dir='ltr'><strong>ubi</strong></span> <span class='ocrx_word' id='word_1_853' title='bbox 2438 5828 2639 5884; x_wconf 78' lang='lat' dir='ltr'><strong>Nicacni</strong></span> <span class='ocrx_word' id='word_1_854' title='bbox 2670 5831 3039 5887; x_wconf 85' lang='lat' dir='ltr'><strong>conventiculi</strong></span> <span class='ocrx_word' id='word_1_855' title='bbox 3065 5848 3171 5887; x_wconf 92' lang='lat' dir='ltr'><strong>non</strong></span> <span class='ocrx_word' id='word_1_856' title='bbox 3194 5832 3459 5888; x_wconf 89' lang='lat' dir='ltr'><strong>meminit.</strong></span> 
     </span>
    </p>
   </div>
  </div>
