4066 6424
615 342 676 400 91
690 344 711 397 1

1524 333 1591 393 1N
1633 331 2060 391 FRAGMENTA
2089 325 2335 387 SANCTI
2366 327 2626 386 HILARll
2654 326 2961 388 EPISCOPI
3402 348 3425 359 ι
3771 335 3847 392 9η

685 458 777 515 55.
821 422 1081 511 Generalis
1121 452 1520 509 Arintinensium
1566 451 1783 507 Patrum
1828 450 2044 521 defectio
2089 446 2211 519 quid
2236 450 2288 509 Α
2316 446 2557 501 recentia
2594 464 2614 499 ι
2665 446 3011 518 profanarum
3041 445 3338 500 novitatum
3382 444 3672 515 apostolica
3709 450 3849 520 probi.

615 568 709 607 nos
736 546 1085 604 doceat.-—At
1112 561 1244 603 vero
1264 544 1531 617 generalis
1562 544 1708 599 illius
1734 542 2212 598 circumventionis

614 641 967 701 ecclesiastici
994 640 1201 696 ordinis
1229 647 1285 695 et
1307 639 1458 710 quasi
1486 655 1549 693 ex
1579 648 1865 708 compacto
1893 635 2213 691 deiectionis

613 732 978 789 consideratio
1006 747 1166 803 quam
1200 730 1345 787 utilis
1373 740 1427 785 et
1473 728 1597 784 huic
1636 737 1826 784 nostro
1864 728 2211 796 sa-eulo‘apta

613 840 694 886 est
722 833 736 884 l
764 828 846 885 Ex
885 843 949 885 ea
978 829 1121 881 enim
1152 827 1310 898 plane
1341 824 1661 881 instruimur
1715 838 1873 895 quam
1916 822 2056 877 eauti
2101 821 2211 875 cir-

613 923 1016 994 cumspectique
1042 936 1165 975 cum
1197 917 1468 975 haereticis
1509 926 1803 972 tractantes
1850 929 1970 971 esse
2015 911 2215 969 debea-

613 1032 767 1083 mus,
797 1023 853 1072 et
881 1013 1065 1087 quanti
1116 1013 1339 1085 periculi
1373 1014 1444 1068 sit
1472 1028 1502 1067 a
1541 1010 1823 1075 terminis,
1879 1023 2014 1079 quos
2047 1007 2214 1064 ﬁxere

618 1110 833 1174 Patres,
864 1107 951 1165 vel
993 1122 1226 1178 unguem
1260 1106 1425 1161 latum
1474 1101 1773 1160 discedere.
1811 1100 1942 1156 Nam
1981 1099 2111 1156 boni
2138 1097 2211 1153 illi

612 1205 803 1260 Patres
825 1201 954 1258 dum
981 1201 1150 1257 nudas
1178 1199 1463 1272 quasdam,
1488 1206 1546 1253 ut
1566 1197 1637 1253 ab
1662 1195 1880 1252 Arianis
1903 1193 2214 1266 persuaderi

611 1298 716 1355 sibi
748 1296 1034 1363 sinebant,
1086 1298 1266 1357 οὐσίας
1314 1297 1399 1350 καὶ
1427 1293 1698 1354 ὁμοονσίου
1726 1292 1948 1346 Voculas
1996 1289 2051 1345 in
2091 1287 2217 1345 ﬁdei

616 1389 955 1462 professione
984 1389 1161 1444 omitti
1193 1387 1335 1458 passi
1366 1393 1525 1454 sunt,
1558 1384 1913 1440 sanctissima:
1934 1381 2215 1457 Trinitatis

612 1498 734 1555 quae
764 1483 908 1538 Deus
955 1491 1039 1537 est
1068 1479 1473 1536 confessionem
1496 1520 1511 1545 ,
1554 1477 1608 1533 id
1638 1487 1720 1533 est
1745 1518 1760 1541 .
1789 1490 2054 1532 summam
2086 1474 2213 1530 reli-

610 1578 827 1648 gionem
853 1618 869 1643 ,
903 1590 1002 1647 pro
1048 1589 1154 1646 qua
1197 1571 1569 1631 conservanda
1613 1582 1821 1627 tantum
1873 1568 2154 1642 sanguinis
2182 1582 2211 1621 a

611 1669 832 1725 Christo
860 1678 985 1723 nato
1013 1668 1254 1724 Ecclesia
1286 1666 1619 1735 profuderat,
1645 1675 1724 1721 tot
1754 1673 2021 1737 martyres
2049 1660 2215 1718 dede-

611 1773 729 1830 rat,
774 1760 877 1817 sibi
905 1770 1147 1832 ereptam
1196 1771 1359 1830 atque
1385 1769 1654 1815 extortam
1684 1775 1808 1815 sero
1847 1758 2069 1814 tandem
2096 1755 2215 1812 ani-

2316 540 2521 595 bitione
2543 556 2705 595 nemo
2738 554 2902 596 sanus
2924 539 3195 596 excludat.

2387 636 2476 691 57.
2525 637 2692 702 Quam
2720 635 2967 690 Ecdesia!
3014 649 3123 688 sua:
3163 634 3420 687 laboranti
3449 651 3550 711 non
3578 632 3697 687 desit
3730 631 3849 689 Deus.

2320 729 2470 785 Hanc
2512 732 2659 803 erigit
2686 729 2935 786 Julianus
2957 770 2971 793 ,
3001 744 3119 783 cum
3147 716 3353 782 ruinam
3379 730 3491 801 ejus
3516 726 3781 783 meditatur.
3801 756 3852 768 -

2315 824 2435 880 Jam
2481 840 2612 880 vero
2639 823 2731 895 qui
2761 823 2952 879 faciem
2985 821 3270 886 Ecclesiae,
3296 821 3471 892 qualis
3500 822 3567 876 ab
3598 820 3680 876 illa
3715 821 3855 880 defec-

2319 917 2466 971 tione
2496 915 2735 979 exstitit,
2767 915 2960 983 turbis,
2991 914 3147 980 rixi~,
3176 914 3648 982 contentionibus,
3672 916 3857 974 discidiis

2318 1009 2516 1081 ubique
2543 1009 2847 1075 confusam,
2872 1008 3106 1064 laceram
3133 1015 3297 1079 atque
3325 1006 3671 1077 dissipatam,
3696 1008 3780 1064 sibi
3809 1012 3859 1065 ob

2320 1103 2511 1157 oculos
2552 1102 2834 1167 statuerit,
2868 1116 2973 1157 non
3021 1098 3203 1155 minus
3255 1110 3381 1155 tunc
3418 1114 3447 1155 a
3494 1099 3609 1156 suis
3650 1100 3858 1172 episcopis

2318 1210 2479 1265 quam
2536 1193 2697 1266 paulo
2751 1204 2878 1249 ante
2916 1208 2945 1247 a
2996 1191 3298 1262 conjuratis
3350 1192 3583 1247 nominis
3636 1191 3859 1248 christiani

2318 1288 2567 1345 hostibus
2589 1301 2841 1346 vexatam
2863 1330 2879 1357 ,
2910 1286 2963 1343 in
2991 1304 3096 1360 qua
3137 1302 3239 1343 nec
3276 1286 3547 1343 antisﬁtes
3591 1287 3709 1358 quid
3741 1288 3860 1344 doce-

2319 1390 2476 1452 rent,
2513 1399 2613 1440 nec
2655 1382 2842 1455 plebes
2868 1382 2996 1452 quid
3028 1391 3385 1453 sequerentur
3420 1383 3524 1437 rati
3552 1396 3619 1441 ac
3655 1381 3773 1437 ﬁrmi
3795 1385 3863 1437 ha-

2320 1479 2545 1546 berent.
2575 1478 2812 1548 denique
2839 1478 2976 1533 adeo
3022 1477 3362 1547 desperatam
3413 1492 3478 1532 ac
3522 1477 3799 1547 perditam,
3822 1486 3865 1531 ut

2318 1571 2679 1628 sanctissimis
2701 1572 2831 1626 viris
2851 1569 3310 1635 Neronianorum,
3342 1568 3717 1634 Decianorum,
3742 1569 3866 1625 Mati.

2319 1668 2734 1737 mianorumque
2785 1674 3090 1733 temporum
3131 1661 3459 1717 desiderium
3497 1664 3741 1719 excitaret
3765 1661 3866 1732 (lli-

2324 1761 2425 1815 lar.
2457 1762 2511 1814 in
2541 1757 2721 1815 Const.
2746 1775 2799 1812 n.
2824 1756 2917 1830 4);
2948 1756 3243 1826 statimque
3265 1754 3464 1811 mentis
3485 1758 3660 1811 aciem
3686 1755 3742 1811 ad
3761 1755 3868 1810 subi-

610 1853 981 1910 madvertunt.
1011 1854 1225 1923 Quanto
1260 1850 1452 1908 fortius
1480 1851 1907 1922 prudentiusque
1935 1860 2061 1906 ante
2100 1849 2209 1904 vim
2241 1856 2291 1918 Β
2321 1865 2426 1910 tam
2468 1854 2616 1910 illam
2665 1852 3110 1923 repentinamque
3137 1850 3491 1906 mutationem
3540 1864 3714 1906 rerum
3734 1892 3747 1916 ,
3779 1865 3867 1921 qua:

613 1947 819 2004 illatam
850 1948 1012 2005 iidem
1062 1948 1162 2019 ipsi
1212 1946 1564 2012 definieram.
1596 1947 1664 2003 iis
1707 1963 1827 2018 Qtue
1875 1945 2084 2019 synodo
2115 1944 2209 2000 Ni-

617 2054 767 2098 ctena
798 2048 998 2097 statuta
1036 2048 1194 2097 erant
1232 2055 1333 2096 nec
1363 2039 1485 2095 addi
1517 2038 1807 2111 quidquam
1836 2036 2068 2103 debere,
2112 2050 2213 2092 nec

611 2133 860 2202 detrahi;
897 2142 955 2190 et
991 2134 1307 2190 substantiae
1337 2149 1567 2197 nomen,
1597 2141 1653 2189 et
1681 2147 1796 2189 rem
1826 2148 1980 2189 suam
2011 2130 2213 2188 debere

609 2226 857 2284 obtinere
878 2225 1187 2282 ﬁrmitatem
1206 2225 1532 2300 (Fragment.
1565 2241 1666 2294 vu,
1698 2243 1751 2281 ιι.
1781 2225 1833 2291 5,
1860 2234 1906 2281 et
1933 2228 2211 2297 fragment.

608 2334 704 2374 νιιι
727 2319 783 2391 )t
942 2382 949 2385 ,

683 2410 1138 2468 36.Conciliorum
1154 2412 1424 2467 necessitas
1452 2410 1521 2465 ad
1547 2408 2055 2483 quid.—Falluntur
2068 2407 2212 2464 enim

610 2522 821 2571 errore,
846 2514 903 2559 at
924 2521 1007 2573 lue
1037 2522 1135 2562 nos
1166 2505 1219 2560 in
1245 2506 1493 2561 eumdem
1526 2520 1707 2560 secum
1736 2520 1977 2560 errorem
2007 2512 2213 2575 pertra-

614 2600 750 2657 here
775 2612 1067 2665 cobantur,
1090 2598 1184 2670 qui
1208 2598 1534 2669 persuadere
1559 2597 1802 2668 cupiunt,
1828 2597 1880 2653 in
1907 2597 1992 2653 his
2021 2598 2216 2669 quibus

613 2706 899 2748 verSamur
940 2691 1253 2762 opinionum
1296 2689 1551 2761 procellis
1575 2731 1591 2757 ,
1628 2689 1922 2745 Eccle~iam
1967 2701 2025 2745 ut
2072 2690 2214 2760 quod

610 2782 898 2857 poussime
919 2783 1070 2854 sequi
1097 2782 1291 2839 debeat
1315 2780 1642 2850 stabitiator,
1667 2779 1918 2838 conciliis
1947 2780 2211 2851 indigere.

613 2879 873 2949 Quamvis
893 2876 1037 2934 enim
1061 2877 1290 2935 fortasse
1306 2877 1459 2933 nullo
1486 2892 1740 2948 umquam
1765 2889 2030 2947 tempore,
2054 2891 2215 2947 quam

614 2988 763 3030 nunc
808 2981 969 3039 sunt,
1016 2972 1321 3028 necessaria
1371 2969 1541 3041 magis
1566 2969 1901 3025 exstiterunt
1943 2967 2170 3024 concilia
2197 3011 2214 3035 ,

615 3067 811 3139 quibus
850 3081 1064 3139 sponsm
1107 3064 1343 3139 Christi,
1392 3080 1549 3135 quam
1597 3064 1715 3136 ipse
1772 3064 1873 3119 sibi
1925 3067 2058 3119 emit
2106 3079 2215 3119 non

619 3160 856 3215 omnibus
878 3159 1062 3226 undis,
1094 3157 1190 3214 sed
1222 3160 1387 3213 totius
1420 3156 1846 3213 innocentissimi
1877 3156 1961 3211 sui
1992 3156 2214 3227 sangui-

2321 1962 2446 2001 mox
2492 1943 2812 2000 Constantio
2858 1943 3146 2009 defuncto,
3194 1941 3577 2013 revocatisque
3624 1941 3737 1998 novi
3762 1942 3871 2011 prin-

2316 2039 2457 2111 cipis
2499 2038 2680 2095 edicto
2730 2040 2784 2092 in
2832 2036 3077 2108 proprias
3103 2036 3262 2092 sedes
3310 2037 3378 2090 ab
3418 2034 3617 2091 exsilio
3656 2034 3870 2107 episcopis

2318 2143 2509 2189 secuta
2536 2145 2619 2188 est
2650 2150 2664 2185 ε
2696 2142 2845 2187 certe
2872 2140 3131 2203 agnoscet
3162 2129 3449 2184 Dominum
3490 2128 3747 2184 laboranti
3773 2146 3872 2201 apo-

2316 2227 2579 2284 stolorum
2627 2227 2888 2283 naviculae
2918 2235 3117 2297 prassto
3142 2224 3439 2293 adstitisse,
3471 2233 3523 2279 et
3571 2224 3755 2279 divina-
3789 2239 3872 2279 sua:

2316 2320 2618 2392 Maiestatis
2670 2317 2957 2387 przeseutia
3014 2320 3416 2386 quassationem
3486 2317 3635 2372 illam
3681 2317 3873 2372 sedasse.

2320 2416 2550 2473 Moritur
2599 2414 2734 2468 enim
2785 2413 2977 2469 bestia.
3010 2410 3188 2483 inquit
3213 2409 3574 2483 Hieronymus
3624 2411 3877 2483 (Adversas

2319 2508 2605 2581 Lucifer.),
2626 2518 2672 2562 et
2703 2506 3050 2577 tranquillitas
3074 2506 3225 2560 redit.
3250 2503 3317 2559 Et
3337 2519 3469 2560 sane
3488 2504 3684 2567 πυλὶὰς
3707 2508 3782 2559 καὶ
3799 2526 3879 2560 πα-

2317 2604 2564 2683 ραδόξους
2592 2602 2739 2663 ἔδοὺς
2763 2605 3027 2680 σωτηρίας
3054 2596 3155 2657 οἶδε
3186 2602 3244 2657 τὸ
3273 2601 3409 2656 θεῖον
3435 2609 3745 2658 ammon.st
3759 2602 3880 2656 νεύων

2319 2700 2450 2773 πρὸς
2474 2695 2843 2773 φιλάνθρωπον.

2395 2792 2527 2859 Quis
2556 2792 2699 2844 enim
2734 2803 2987 2859 umquam
3015 2786 3293 2856 crederet,
3336 2787 3438 2843 nisi
3465 2789 3706 2844 omnium
3734 2793 3884 2842 aucto-

2320 2898 2440 2937 rum
2474 2883 2586 2937 fere
2636 2882 2753 2952 ejus
2785 2882 2968 2937 szeculi
3002 2881 3197 2937 litteris
3242 2890 3495 2937 testatum
3544 2860 3702 2938 nobis
3739 2889 3884 2943 esset,

2320 2974 2620 3031 draconem
2653 2974 2809 3030 illum
2839 2985 3141 3046 apostatam
3178 2974 3458 3031 lulianum
3484 3018 3500 3045 ,
3534 2975 3762 3033 Mentem
3796 2989 3886 3029 ma-

2326 3085 2488 3141 gnam
2519 3070 2587 3126 dc
2627 3085 2729 3141 qua
2758 3069 2948 3136 Isaias,
2983 3082 3146 3142 atque
3166 3070 3452 3145 Assyrium
3475 3114 3488 3132 ,
3521 3071 3620 3144 qui
3647 3070 3768 3127 nihil
3806 3078 3888 3124 tam

2324 3178 2390 3218 ex
2438 3162 2668 3234 imperio
2718 3164 3100 3235 concupierat,
3147 3181 3309 3237 quam
3343 3178 3399 3220 ut
3429 3166 3744 3239 religionem
3779 3162 3891 3249 chri-

620 3253 707 3308 nis
739 3251 1051 3323 profusione
1077 3293 1092 3318 ,
1113 3250 1181 3307 ab
1211 3250 1417 3306 ambitu
1443 3292 1458 3318 ,
1488 3248 1713 3305 avaritia
1742 3292 1756 3317 ,
1790 3248 2181 3305 niuidinatione
2203 3291 2218 3316 ,
2248 3248 2295 3312 C
2327 3255 2557 3311 slianam
2589 3255 2826 3311 funditus
2860 3256 3147 3325 perderet,
3180 3258 3245 3314 ad
3271 3273 3431 3329 quam
3454 3248 3824 3325 evertendam,
3850 3263 3895 3310 ut

616 3344 919 3417 ignorantia
946 3386 961 3412 ,
994 3358 1314 3412 morumque
1357 3341 1614 3413 Spurcitia
1654 3351 1814 3411 atque
1861 3341 2217 3398 obscmnitate

616 3438 904 3493 vindicatae
934 3436 1203 3508 genuinus
1254 3435 1406 3491 color
1453 3450 1516 3490 ac
1564 3436 1815 3505 Splendor
1860 3434 2213 3500 restituatur.

620 3530 903 3601 disciplina
941 3531 1035 3587 illa
1060 3570 1075 3595 ,
1111 3544 1269 3600 quam
1303 3528 1551 3599 Apostoli
1581 3537 1636 3584 et
1663 3527 1755 3599 qui
1785 3528 1853 3582 ab
1879 3528 1943 3583 iis
1974 3528 2216 3598 proximi

620 3621 941 3695 religionem
956 3621 1374 3688 constituerunt,
1392 3621 1543 3677 velut
1566 3636 1776 3675 murum
1796 3620 2063 3676 aheneum
2085 3635 2219 3676 con-

630 3724 714 3772 tra
738 3715 1001 3786 ejusmodi
1020 3715 1470 3787 charitatisatqne
1488 3713 1702 3769 unionis
1721 3722 1898 3785 pestes
1922 3714 2221 3784 praetende-

624 3817 791 3877 runt,
822 3812 1089 3864 vetustate
1131 3807 1394 3878 temporis
1420 3822 1486 3862 an
1519 3792 1803 3877 pastorum
1827 3807 2074 3862 ευριπ-ἀίει
2101 3808 2218 3863 col-

623 3900 774 3974 lapsa
824 3910 1164 3957 restauretur
1202 3898 1599 3971 exciteturque,
1625 3908 1679 3955 et
1705 3911 1862 3955 sacro
1892 3898 2222 3957 ordinisuus

628 3994 804 4050 honor
823 4009 1029 4064 suaque
1058 3991 1352 4048 auctoritas
1394 3991 1710 4048 restituatur
1750 4006 1914 4061 :quae
1977 4002 2033 4047 ιιι
2077 4004 2220 4047 sarta

624 4096 874 4159 teetaquc
903 4093 1294 4142 conservarent
1336 4083 1629 4155 primicerii
1679 4084 1753 4139 illi
1796 4084 2076 4157 religionis
2121 4099 2223 4141 au-

626 4191 841 4248 ctores,
896 4180 1187 4251 quotannis
1234 4177 1471 4252 synodos
1514 4177 1879 4249 provinciales
1909 4179 1992 4234 his
2038 4178 2220 4251 colligi

626 4274 1054 4345 congregarique
1099 4281 1400 4329 statuerant
1431 4291 1445 4329 :
1478 4271 1636 4339 licet,
1687 4270 1904 4344 inquam
1930 4313 1946 4340 ,
1993 4270 2223 4329 fortasse

628 4366 695 4422 ad
725 4367 840 4422 hate
860 4365 1164 4423 revocanda
1206 4365 1614 4436 reparandaque
1643 4364 1888 4423 conciliis
1926 4381 2181 4438 egeamus
2206 4382 2221 4430 ;

627 4467 688 4513 ιιι
721 4467 900 4515 tamen
932 4458 1075 4513 aliud
1126 4466 1406 4514 teneamus
1455 4474 1614 4530 quam
1660 4459 1804 4530 quod
1853 4460 2116 4518 hactenus
2168 4462 2222 4517 in

629 4552 873 4609 Ecclesia
899 4550 1164 4608 creditum
1187 4552 1641 4625 observatumque
1666 4564 1767 4620 est,
1798 4557 2029 4613 concilio
2057 4558 2225 4614 statui

2321 3349 2594 3421 quondam
2622 3349 2799 3406 Julius
2828 3349 3008 3406 Cmsar
3040 3350 3106 3406 ad
3131 3352 3324 3422 Remp.
3355 3353 3786 3425 opprimendam,
3827 3365 3893 3404 so-

2322 3442 2475 3498 brius
2506 3451 2840 3504 accesserat.
2875 3444 3329 3501 restaurationem
3378 3446 3505 3501 iidri
3536 3446 3770 3503 Nicmna:
3795 3460 3897 3500 con-

2324 3533 2673 3602 cordiamque
2729 3535 3109 3606 episcoporum
3160 3538 3538 3608 promovisse?
3592 3540 3725 3595 Cum
3781 3537 3894 3593 enim

2323 3641 2513 3681 omnes
2543 3634 2766 3698 propter
2784 3626 2942 3683 iidem
2972 3627 3323 3684 christianam
3346 3632 3577 3688 exsules
3626 3632 3899 3705 cujuscnjus

2325 3729 2489 3775 secta:
2514 3729 2703 3775 essent
2730 3732 3064 3784 revocasset.
3109 3730 3316 3778 Lautum
3340 3734 3398 3778 ut
3430 3725 3556 3781 illas
3585 3727 3784 3791 turbas,
3811 3722 3899 3794 qui.

2326 3814 2429 3869 bus
2453 3823 2579 3869 tunc
2610 3815 2855 3870 Ecclesia
2886 3817 3206 3884 vexabatur,
3234 3817 3405 3874 aleret
3435 3834 3501 3875 ac
3532 3821 3820 3885 retineret;
3843 3817 3905 3872 di-

2325 3921 2715 3979 versarumque
2743 3918 3011 3964 sectarum
3041 3908 3240 3975 duces,
3270 3925 3393 3981 quae
3416 3913 3806 3984 propemodum
3832 3910 3902 3964 illo

2328 4011 2574 4073 tempore
2605 4002 2828 4057 infinita:
2860 4002 3113 4072 fuerunt,
3159 4005 3298 4061 intra
3345 4004 3540 4063 eadem
3588 4008 3789 4066 mmnia
3831 4005 3907 4060 de-

2326 4109 2519 4169 gentes
2539 4098 2691 4153 velot
2733 4096 3067 4153 infestissimi
3113 4098 3302 4156 hostes
3347 4101 3601 4160 cominus
3647 4104 3821 4160 acrius
3863 4113 3907 4154 se

2328 4200 2516 4245 mutuo
2563 4200 3051 4262 persequerentur,
3094 4193 3363 4265 citiusque
3415 4194 3909 4256 eonﬁcerent:itn-

2331 4284 2711 4355 perscrutabili
2734 4294 2913 4342 tamen
2948 4285 3045 4343 Dei
3069 4288 3434 4360 providentia,
3464 4308 3591 4364 qua:
3614 4293 3773 4350 sicuti
3798 4286 3909 4359 apud

2331 4377 2587 4434 llermam
2617 4378 2897 4436 Pastorem
2948 4381 3179 4453 legimus
3201 4424 3217 4449 ,
3251 4401 3271 4436 ι
3308 4384 3362 4439 ἰιι
3404 4384 3611 4443 bonum
3644 4385 3753 4443 sibi
3780 4382 3913 4440 vertit

2331 4471 2496 4526 etiam
2544 4471 2818 4540 pessima;
2859 4481 2919 4528 ut
2947 4488 3043 4544 per
3066 4474 3365 4531 Ecclesium
3397 4478 3691 4549 multiplex
3717 4477 3827 4548 eius
3846 4489 3911 4529 sa-

2331 4565 2535 4635 pientia
2581 4575 2883 4635 appareat,
2930 4569 3230 4624 secundum
3279 4572 3693 4641 prmseientiam
3723 4571 3915 4631 saculo-

628 4662 740 4704 non
787 4660 949 4718 posse
977 4645 1231 4702 arbitror.
1271 4664 1290 4697 ι
1327 4645 1440 4703 Hoc
1483 4647 1628 4703 enim
1665 4664 1881 4720 semper
1917 4669 1936 4703 ι
1960 4693 1975 4718 ,
2009 4661 2066 4707 ιιι
2095 4654 2229 4708 scri-
2254 4653 2310 4715 D
2335 4674 2454 4714 rum
2482 4674 2643 4730 quam
2666 4658 2791 4715 fecit
2824 4660 2877 4715 in
2907 4658 3161 4729 Christo,
3196 4682 3216 4717 ι
3250 4664 3412 4719 trium
3463 4666 3691 4723 illorum
3738 4664 3915 4722 confes—

637 4750 785 4810 ptum
827 4737 1046 4809 reliqnit
1072 4738 1395 4810 Peregrinus
1436 4738 1529 4796 ille
1575 4739 1870 4797 Lirinensis
1901 4743 2051 4816 (cap.
2083 4745 2186 4817 32)
2211 4788 2228 4815 ,

638 4849 659 4885 ι
695 4847 796 4888 nec
830 4832 1121 4903 quidquam
1170 4842 1431 4903 praeterea
1478 4832 1857 4892 haereticorum
1900 4841 2230 4897 novitatibus

632 4925 861 4982 excitata
905 4924 1128 4995 perfecit
1168 4926 1447 4987 Ecclesia.
1496 4926 1598 4984 nisi
1630 4929 1857 5000 utquod
1909 4931 2022 4985 sola
2065 4933 2231 4989 tradi-

632 5020 781 5081 tione
836 5032 1187 5091 susceperat,
1242 5019 1349 5077 hoc
1408 5020 1604 5079 deinde
1655 5023 1885 5094 posteris
1916 5026 2081 5082 etiam
2136 5044 2230 5098 per

633 5111 984 5181 scriptionem
1005 5112 1357 5185 chirographi
1386 5116 1752 5186 consignaret,
1773 5135 2021 5189 magnam
2046 5139 2227 5179 rerum

630 5221 897 5264 summam
949 5207 1130 5278 paucis
1160 5206 1353 5262 litteris
1391 5228 1409 5262 ι
1439 5250 1455 5275 ,
1489 5227 1685 5282 nempe
1726 5212 1892 5287 746
1932 5215 2228 5289 Symbolo,

635 5316 656 5351 ι
684 5298 1219 5369 Comprehendendo,
1249 5307 1305 5355 et
1328 5300 1639 5372 plerumque
1671 5316 1891 5373 propter
1925 5308 2233 5381 intelligen-

630 5390 723 5446 tiae
750 5391 958 5454 lucem,
1010 5406 1117 5446 non
1166 5406 1368 5447 novum
1403 5391 1527 5446 ﬁdei
1557 5408 1776 5449 sensum
1810 5412 1965 5452 novae
1991 5402 2232 5471 appella-

630 5485 799 5541 tionis
851 5486 1181 5553 prOprietale
1225 5486 1616 5558 consiguando.
1676 5507 1696 5541 ι
1753 5490 2029 5559 Ejusmodi
2079 5495 2222 5551 enim
2289 5498 2299 5508 “

628 5577 747 5649 pias
772 5576 1059 5644 novitates,
1088 5576 1138 5630 id
1171 5586 1254 5633 est
1289 5595 1309 5630 ι
1348 5578 1632 5635 adversum
1659 5595 1793 5636 nova
1827 5598 2031 5639 venena
2057 5602 2225 5643 novas

630 5669 1147 5725 medicamentorum
1193 5671 1668 5743 comparationes,
1705 5692 1725 5728 ι
1779 5685 1834 5730 ιιι
1882 5690 1977 5733 eas
2040 5691 2226 5736 noster

630 5760 862 5817 llilarius
887 5770 1044 5816 vocat
1074 5760 1152 5833 (in
1174 5760 1440 5817 Constant.
1468 5781 1522 5819 η.
1544 5764 1661 5838 16),
1697 5785 1717 5819 ι
1741 5766 2028 5826 adversum
2054 5787 2223 5829 novos

634 5853 817 5910 hostes
845 5867 980 5908 nova
1008 5851 1147 5907 bella
1164 5893 1179 5921 ,
1208 5853 1493 5912 adversum
1527 5871 1693 5916 novas
1739 5858 1965 5920 insidias
1989 5863 2217 5921 concilia

2336 4768 2518 4809 sorum
2546 4752 2617 4807 ab
2643 4753 2837 4808 exsilio
2858 4768 3210 4811 reversarum
3240 4757 3557 4829 diligentia,
3594 4761 3806 4827 labore,
3831 4755 3919 4815 sul-

2333 4846 2614 4903 licitudine
2663 4835 2852 4903 omnes
2892 4848 3029 4917 fere,
3060 4849 3155 4921 qni
3206 4851 3539 4911 Ariminensi
3593 4856 3789 4912 sceleri
3829 4853 3916 4907 sive

2334 4938 2684 5009 simplicitate
2709 4938 2960 5011 decepti,
2989 4957 3086 5000 seu
3117 4952 3261 5000 metu
3293 4947 3610 5016 perterriti,
3640 4950 3759 5004 sive
3789 4947 3919 5005 etiam

2337 5033 2537 5115 Ariana
2594 5034 2713 5090 labe
2763 5035 2944 5092 infecti
2993 5039 3465 5108 subscripserant,
3496 5044 3724 5113 culpam
3753 5052 3920 5113 agnos-

2336 5140 2553 5195 centes,
2610 5129 2883 5187 Niczeuam
2926 5133 3085 5189 iidem
3139 5136 3426 5207 ampleXos
3480 5154 3655 5210 supra
3699 5140 3919 5195 vidimus.

2334 5225 2610 5295 Siquidem
2642 5230 2916 5283 communi
2966 5240 3206 5286 externa:
3259 5235 3665 5303 persecutionis
3715 5231 3923 5306 periculo

2335 5320 2628 5383 commoti,
2661 5321 2805 5375 velut
2839 5321 3250 5393 Syncretismo,
3299 5327 3350 5380 in
3395 5344 3555 5384 unam
3614 5331 3786 5387 iidem
3828 5340 3926 5382 coa-

2335 5410 2553 5466 luerunt
2572 5455 2586 5479 ,
2637 5427 2743 5469 non
2773 5416 2926 5484 pauri
2958 5417 3121 5473 etiam
3151 5433 3218 5475 ex
3245 5417 3517 5477 hzereticis
3565 5436 3845 5496 martyres
3862 5418 3924 5476 ei-

2335 5503 2460 5560 feeti
2505 5514 2650 5560 sunt.
2688 5508 2887 5580 Ecquis
2925 5513 3070 5567 enim
3121 5513 3316 5570 divina:
3363 5517 3640 5574 voluntati
3690 5520 3927 5576 obsistere

2332 5600 2534 5669 queat?
2578 5617 2608 5656 a
2654 5618 2759 5673 qua
2789 5604 2954 5661 etiam
2979 5648 2993 5673 ,
3023 5616 3082 5663 ut
3106 5611 3303 5664 eximie
3329 5625 3359 5665 a
3387 5611 3683 5668 Clemente
3725 5613 3925 5669 Alexan-

2330 5688 2489 5746 drino
2515 5692 2734 5763 scriptis
2764 5697 3021 5753 traditum
3053 5708 3169 5766 est,
3200 5705 3288 5758 καὶ
3314 5704 3494 5761 αἰτῶν
3520 5705 3924 5766 vitam»:

2325 5783 2512 5854 βουλαὶ
2537 5807 2590 5841 τε
2613 5792 2697 5843 καὶ
2719 5789 2965 5865 ἐνέργειαι
2992 5793 3350 5872 κυϐηρνῶνται
3388 5799 3473 5854 ἐπὶ
3506 5799 3665 5862 τέλος
3710 5800 3919 5873 ὑγιεινὸν.

2323 5888 2414 5935 τῆς
2469 5880 2565 5953 γάρ
2616 5881 2752 5945 θείας
2807 5888 2984 5957 σοφίας
3013 5892 3314 5967 καὶάρετῆς
3357 5895 3441 5950 καὶ
3484 5891 3771 5970 δυνάμεως
3806 5894 3925 5971 5"va
