4066 6424
178 376 181 379 .
230 328 330 387 915

1377 328 1651 387 NICOLM
1709 325 1916 384 FABRI
1955 326 2339 390 PRAZFATIO.

3422 339 3525 396 9M

227 453 364 507 ἐστὶν
387 452 447 507 οὐ
470 451 618 523 μόνον
645 452 702 508 τὸ
728 453 1067 525 ἀγαθοποιεῐν,
1109 451 1234 506 ἀλλά
1256 452 1450 524 κᾴκεῖνο
1480 449 1730 520 μάλιστα,
1757 449 1817 503 τό

1940 460 2044 503 tum
2071 490 2086 516 ,
2135 451 2353 522 inquam
2380 494 2396 522 ,
2454 468 2630 527 neque
2661 454 2793 512 illud
2822 455 3082 526 pervetus
3108 454 3389 528 exemplar
3434 456 3529 510 lia-

227 541 311 599 διὰ
328 550 490 598 κακῶν
512 549 611 600 τῶν
638 544 994 600 ὲπινοηθέντων
1040 542 1167 620 πρὸς
1208 549 1377 603 τινῶν,
1424 539 1611 616 ἀγαθόν
1648 563 1699 596 τι
1743 541 1828 594 καὶ

228 637 463 711 χρηστὸν
481 635 622 699 τέλος
643 636 911 693 ἀποτελεῖν
933 640 1018 691 καὶ
1044 636 1304 710 ὠφελίμως
1334 644 1440 698 τοῖς
1469 633 1679 691 δοκοῦσι
1700 630 1830 707 φαύ-

225 730 329 790 λοις
366 732 619 805 χρῆσθαι.

295 820 387 878 '58.
431 821 747 892 Fragmenta
791 823 899 878 lucc
948 823 1136 877 divine
1182 823 1520 895 providentia:
1562 834 1693 877 nutu
1742 820 1827 874 in-

225 925 395 970 venta.
446 916 683 970 Cassiani
738 916 859 972 libri
913 917 977 971 de
1034 917 1420 975 lncarnatione.
1452 946 1525 959 —
1574 915 1828 983 Ejusdem

224 1009 386 1063 etiam
417 1007 770 1079 providentia:
796 1024 934 1077 opus
959 1023 1080 1065 esse
1107 1009 1236 1064 mihi
1264 1009 1568 1081 persuadeo
1586 1051 1599 1069 .
1631 1017 1689 1063 ut
1715 1007 1830 1061 haec

224 1099 553 1171 Fragmenta
584 1101 1067 1158 turbulentissimis
1089 1102 1207 1157 istis
1229 1102 1564 1171 temporibus
1596 1100 1831 1155 maxime

223 1192 397 1249 lucem
441 1205 761 1265 recupercnt
782 1237 796 1260 ,
829 1211 925 1265 per
950 1195 1111 1269 747
1141 1212 1261 1267 quae
1304 1196 1371 1252 ad
1402 1194 1670 1267 ejusmodi
1699 1209 1826 1250 con-

227 1287 615 1345 siderationem
654 1288 897 1344 historiae
920 1289 1137 1345 eaeiutti
1162 1333 1176 1349 .
1203 1306 1351 1361 Spem
1382 1299 1584 1344 certant
1612 1306 1676 1344 ex
1715 1288 1831 1359 ejus

222 1384 535 1454 cognitione
573 1383 987 1455 concipiamus,
1034 1386 1519 1457 quatienscumque
1562 1386 1829 1439 scelerum

222 1486 538 1533 nostrorum
568 1491 667 1533 nos
706 1478 848 1534 bene
871 1487 1035 1547 atque
1061 1493 1127 1534 ex
1153 1478 1334 1533 animo
1362 1476 1677 1549 paenituerit
1700 1517 1715 1543 ,
1747 1475 1831 1531 di-

224 1571 408 1627 vinam
449 1586 670 1627 manum
698 1585 805 1627 non
850 1571 1091 1627 mutilam
1124 1586 1187 1626 ac
1205 1570 1538 1627 decurtatam
1573 1577 1827 1640 expertu-

226 1681 323 1722 ros
342 1709 356 1732 ,
388 1665 749 1739 eamdemque
778 1665 1065 1722 Dominum
1097 1665 1419 1736 periclitanti
1450 1665 1831 1734 Apostolorum

224 1761 494 1818 naviculae
540 1760 986 1832 tranquillitatem
1036 1758 1267 1815 solidam
1296 1773 1361 1814 ac
1399 1756 1608 1813 ﬁrmam
1651 1755 1833 1813 reddi-

1929 538 2075 606 buit,
2122 543 2216 598 sed
2262 552 2467 601 tantum
2513 546 2710 603 abhinc
2738 559 2955 604 centum
2984 548 3141 603 annis
3191 547 3245 603 in
3305 548 3525 615 charta,

1932 650 2096 690 tuanu
2122 638 2333 707 gallica,
2365 654 2462 696 nec
2485 641 2706 697 latinam
2735 641 2974 714 linguam
3005 642 3139 699 satis
3167 642 3526 714 percipiente,

1930 728 2169 783 confusis
2198 729 2527 787 dictionibus
2564 735 2820 805 scriptam
2848 777 2863 799 ,
2897 735 3040 806 quod
3070 747 3336 807 praeterea
3364 736 3529 792 etiam

1930 820 2189 892 librorum
2222 823 2465 881 Cassiani
2501 827 2570 883 de
2600 828 2976 885 loearnatione
3005 828 3207 885 Christi
3256 831 3528 902 epitomeu

1930 914 2120 970 eadem
2169 934 2330 974 manu
2385 920 2641 990 scriptam
2692 924 3038 989 contineret,
3089 922 3234 979 illam
3300 922 3533 981 fortasse

1932 1025 2093 1078 quam
2137 1010 2461 1068 Eucherium
2516 1014 2929 1083 Lugdunensem
2983 1016 3297 1087 episeopum
3347 1015 3533 1073 confe-

1932 1099 2074 1157 cisse
2106 1104 2258 1159 testi~
2287 1114 2372 1160 est
2394 1104 2728 1162 Gennadius.
2757 1107 2887 1162 lude
2928 1122 3078 1177 spem
3121 1117 3449 1179 conceperat
3478 1116 3535 1163 et

1932 1196 2210 1261 antiquum
2243 1198 2522 1268 exemplar
2546 1242 2559 1263 ,
2606 1199 2750 1254 unde
2779 1214 2968 1256 recens
3015 1200 3146 1255 illud
3191 1202 3525 1268 exscriptum

1934 1286 2138 1354 fuerat,
2190 1289 2409 1346 aliunde
2466 1293 2778 1362 recuperari
2828 1308 2987 1361 posse
3021 1311 3035 1347 :
3067 1310 3187 1361 qua:
3232 1308 3394 1350 causa
3438 1292 3538 1350 fuit

1933 1394 2031 1433 cur
2087 1381 2288 1436 tannliu
2343 1398 2529 1438 eorum
2591 1385 2890 1441 editionem
2932 1387 3271 1441 sustinuerit.
3319 1387 3375 1442 in
3425 1403 3534 1457 quo

1933 1481 2081 1529 certe
2128 1474 2201 1529 illi
2244 1474 2344 1531 hoc
2388 1474 2697 1533 felicissime
2721 1477 2979 1549 contigit,
3014 1488 3074 1534 ut
3102 1462 3171 1533 in
3201 1479 3538 1549 publicandis

1935 1564 2147 1622 duobus
2196 1566 2317 1625 istis
2366 1568 2589 1624 eximiis
2646 1570 2985 1640 antiquitatis
3032 1574 3400 1627 monumentis
3429 1574 3536 1628 fato

1936 1658 2271 1729 interceptus
2303 1661 2564 1730 praeclare
2593 1673 2769 1717 actam
2800 1664 2924 1719 vitae
2968 1663 3201 1720 fabulam
3244 1665 3539 1722 illustriore

1934 1748 2044 1805 ﬁne
2092 1751 2253 1806 veluti
2308 1753 2528 1824 Cygnea
2581 1754 2838 1810 cautione
2867 1755 3237 1813 concluderet.
3281 1757 3539 1825 Quamvis

227 1866 431 1909 turum.
463 1853 647 1925 Longe
668 1854 812 1909 enim
844 1868 966 1909 mea
993 1853 1253 1923 Opinione
1297 1861 1478 1919 errat,
1508 1852 1550 1905 si
1587 1849 1709 1922 quis
1733 1864 1834 1921 pu-
1859 1855 1910 1916 Β
1938 1857 2071 1899 sane
2120 1843 2497 1900 difﬁcillimum
2551 1844 2713 1901 fuerit
2759 1848 2931 1903 virum
2991 1848 3221 1919 ingenii,
3265 1849 3540 1922 animique

225 1960 305 2005 tat
333 1949 634 2005 hieresibus
656 1992 669 2016 ,
712 1964 834 2019 quae
864 1949 1107 2019 plurimae
1135 1956 1307 2004 totum
1339 1949 1450 2003 fere
1476 1944 1664 2002 orbem
1698 1960 1822 2016 per-

220 2055 489 2116 vagantur
524 2053 688 2115 atque
714 2044 1079 2111 conturbant,
1123 2042 1243 2114 plus
1268 2042 1463 2098 virium
1508 2055 1573 2097 ac
1616 2041 1830 2095 roboris

222 2139 278 2194 in
332 2152 553 2193 suorum
607 2137 963 2192 sectariorom
1013 2136 1172 2191 malis
1219 2135 1415 2190 animis
1443 2143 1535 2188 aut
1574 2132 1829 2189 versutiis

221 2233 431 2298 inesse,
459 2246 620 2304 quam
644 2232 697 2287 in
722 2231 923 2286 nostris
950 2230 1097 2285 vitiis
1135 2244 1200 2285 ac
1230 2226 1549 2284 sceleribus.
1580 2226 1827 2296 Quapro-

222 2335 348 2397 pter
378 2332 437 2379 ut
460 2323 660 2379 divinae
683 2322 949 2392 Majestali
983 2336 1082 2393 pro
1116 2321 1218 2377 hac
1245 2320 1443 2376 eximia
1476 2318 1562 2375 sui
1590 2318 1829 2375 numinis

221 2418 277 2475 in
327 2433 428 2473 nos
482 2417 816 2489 benignitate
866 2432 1158 2486 numquam
1223 2431 1320 2485 pro
1368 2414 1578 2471 meritis
1637 2412 1829 2484 dignas

220 2525 389 2581 agere
445 2513 645 2581 gratias
692 2508 775 2565 vel
818 2509 1001 2564 animo
1040 2505 1329 2579 concipere
1375 2520 1703 2578 possumus,
1756 2505 1832 2560 ita

221 2606 394 2663 etiam
422 2603 530 2675 piis
555 2603 742 2675 optimi
769 2602 869 2657 viri
890 2612 946 2658 et
966 2602 1035 2658 de
1054 2616 1253 2672 genere
1283 2599 1521 2655 humano
1553 2598 1690 2654 bene
1717 2611 1830 2653 me-

220 2700 315 2755 riti
346 2697 540 2753 Pitbmi
576 2697 747 2752 nostri
778 2695 1027 2751 manibus
1050 2698 1087 2761 ,‘
1113 2694 1198 2749 cui
1230 2708 1330 2748 nos
1359 2692 1475 2747 haec
1504 2692 1827 2762 Fragmenta

223 2795 433 2852 debere
464 2808 672 2848 summa
704 2792 797 2846 illa
846 2790 1102 2860 ntajestas
1127 2786 1330 2854 Voluit,
1368 2801 1553 2857 parem
1600 2785 1828 2855 gratiam

220 2888 434 2947 referre
464 2887 550 2942 vix
597 2899 661 2941 ac
702 2866 772 2942 ne
797 2884 884 2940 vix
925 2884 1144 2954 quidem
1174 2881 1465 2936 valeamus.
1498 2878 1633 2933 Cum
1686 2876 1830 2931 enim

221 2984 309 3040 sic
335 2982 496 3037 vitam
529 2981 646 3052 ipse
678 2978 1037 3043 instituisset,
1072 2987 1129 3031 ut
1152 2971 1439 3030 commoda
1470 2970 1680 3042 publica
1709 2968 1831 3024 ubi-

223 3094 338 3151 que
368 3076 603 3147 pr0priis
634 3074 866 3147 negotiis
894 3077 1283 3145 praeverteret,
1325 3067 1691 3136 smvienteque
1720 3063 1831 3118 Lu-

223 3172 379 3230 tetia:
409 3170 751 3243 pestilentia,
807 3166 1252 3239 Augustobonatu
1300 3161 1626 3219 Trieassium
1655 3203 1670 3227 ,
1712 3175 1832 3232 quas

1935 1935 2093 1992 bonis
2118 1937 2373 1993 omnibus
2399 1940 2804 1996 ornatissimum
2832 1983 2845 2006 ,
2880 1941 2971 2011 qui
3014 1956 3232 2013 semper
3259 1942 3392 1998 illud
3435 1959 3538 1998 an-

1932 2028 2067 2097 tiqui
2101 2041 2275 2099 poeue
2303 2019 2403 2085 sibi
2432 2029 2597 2104 748
2623 2032 2901 2100 oceinens,
2931 2038 3025 2090 Καὶ
3051 2038 3179 2107 μήτε
3209 2038 3541 2110 παυσαίμεθα

1937 2122 2207 2199 scopam;
2234 2124 2470 2202 ϐροτούς,
2499 2140 2661 2183 omne
2681 2126 2851 2194 dium,
2878 2126 3120 2182 laborem
3142 2169 3156 2195 ,
3188 2127 3537 2196 industriam,

1934 2232 2233 2287 omnesque
2265 2218 2622 2289 cogitationes
2661 2233 2788 2274 suas
2829 2218 3059 2289 publicis
3090 2218 3409 2276 utilitatibus
3445 2219 3537 2276 de-

1934 2322 2186 2376 voverat,
2219 2322 2383 2384 atque
2418 2312 2801 2384 impendebat,
2833 2326 2942 2369 nou
2979 2312 3034 2369 in
3058 2327 3225 2386 opere
3264 2312 3528 2384 praeclaro

1935 2414 2111 2461 morte
2138 2405 2498 2477 deprehendi.

2006 2509 2097 2568 59.
2141 2510 2333 2567 Pithoni
2362 2512 2612 2585 elogium.
2643 2543 2715 2554 —
2744 2513 2823 2570 De
2851 2512 3153 2569 litterarum
3185 2514 3385 2571 studiis
3419 2521 3540 2570 tan-

1938 2615 2050 2662 tum
2079 2622 2188 2663 non
2220 2610 2443 2679 loquor,
2479 2609 2534 2665 in
2562 2609 2758 2681 quibus
2786 2610 3003 2667 assidue
3030 2611 3386 2680 exquirendo,
3416 2627 3543 2683 per-

1938 2702 2231 2759 scrutanda
2261 2702 2643 2766 bibliothecas.
2670 2705 3014 2773 antiquorum
3037 2717 3317 2760 auctorum
3341 2705 3540 2777 scripta

1939 2799 2019 2853 vel
2051 2813 2082 2853 a
2110 2798 2355 2865 mendis,
2386 2799 2470 2854 vel
2502 2798 2571 2855 ab
2592 2799 2814 2856 interitu
2842 2782 3109 2856 vindicata
3142 2799 3539 2871 provulgando,

1938 2888 2022 2943 vel
2049 2888 2186 2943 alios
2215 2904 2352 2960 quos
2382 2890 2432 2943 in
2465 2905 2526 2946 ea
2571 2906 2631 2945 re
2685 2890 2888 2960 aliquid
2922 2906 3081 2962 posse
3125 2891 3401 2962 judicabat
3446 2907 3545 2947 ex-

1938 2977 2239 3045 hortando,
2283 2979 2653 3050 impellendo,
2696 2990 2860 3049 atque
2885 2983 3047 3037 etiam
3074 2981 3347 3052 juvando,
3393 2982 3543 3036 nullo

1941 3082 2184 3141 tempore
2229 3088 2337 3159 nqn
2378 3072 2580 3144 aliquid
2628 3076 2793 3129 movit
2834 3088 2899 3129 ac
2944 3074 3235 3146 promovit.
3284 3073 3543 3143 Quamvis

1941 3168 2087 3225 enim
2131 3169 2221 3224 illa
2264 3168 2440 3224 studia
2472 3169 2525 3224 in
2554 3177 2741 3224 nostro
2772 3168 2986 3225 Pithmo
3032 3182 3242 3224 summa
3290 3169 3538 3235 luerunt,

224 3266 367 3321 illud
409 3229 579 3319 lttobis
619 3261 768 3319 sidus
818 3259 1101 3327 ediderat,
1156 3258 1507 3316 secessisset:
1566 3229 1753 3309 nactus
1800 3267 1831 3306 a
1858 3229 1907 3294 ϐ
1939 3262 2311 3331 άοοιτίηωσιιιθ
2359 3260 2521 3318 laude
2571 3261 2845 3332 pracipue
2910 3260 3182 3330 innotuit,
3224 3268 3286 3315 ut
3334 3261 3426 3332 qui
3473 3229 3542 3316 eg

226 3357 529 3416 Francisco
559 3355 752 3426 fratre,
780 3356 899 3411 viro
931 3355 1150 3425 propria
1183 3353 1343 3409 laude
1372 3351 1588 3407 virtutis
1626 3357 1683 3405 et
1706 3347 1836 3403 doc-

231 3453 398 3508 trina:
420 3450 751 3513 clarissimo,
783 3458 837 3504 et
867 3448 1029 3520 plane
1068 3456 1213 3503 tanto
1239 3446 1390 3501 fratri
1415 3458 1675 3517 germano
1695 3482 1710 3506 ,
1741 3454 1837 3495 ve-

230 3558 324 3604 tus
382 3546 662 3618 exemplar
712 3542 1015 3599 fabularum
1065 3539 1409 3611 Aisopiarum
1462 3537 1728 3608 improbi,
1779 3542 1841 3588 ut

228 3656 361 3695 eum
393 3648 554 3693 vocat
602 3635 862 3692 Martialis
888 3677 903 3703 ,
953 3635 1191 3698 Phaedri.
1234 3650 1341 3706 quo
1373 3648 1537 3703 opere
1563 3630 1835 3688 eruditum

230 3733 440 3791 Tiberii
489 3734 751 3788 saeculum
797 3732 931 3788 nihil
960 3733 1242 3788 venustius
1290 3729 1659 3801 elegantiusve
1712 3742 1840 3797 pro-

233 3829 398 3895 tulit,
432 3828 518 3883 vel
553 3829 713 3899 hujus
756 3829 838 3883 sui
868 3842 1118 3886 seceSsus
1167 3828 1432 3882 rationem
1469 3826 1683 3897 publice
1706 3840 1839 3881 con-

233 3933 388 3978 stare
428 3921 619 3976 voluit.
677 3921 863 3992 Itaque
920 3921 1223 3992 procuratis
1260 3918 1670 3975 characterihus
1741 3932 1838 3988 pro

233 4026 402 4085 captu
430 4015 579 4070 urbis
602 4014 818 4086 quidem
852 4029 1060 4085 magnae
1099 4020 1155 4068 ct
1181 4012 1513 4082 frequentis,
1558 4009 1653 4066 sed
1697 4025 1839 4064 incr-

233 4120 442 4167 catura:
487 4124 551 4163 ac
599 4108 927 4164 commercio
974 4108 1187 4177 penitus
1215 4105 1445 4161 addicite
1475 4112 1635 4173 atque
1674 4117 1838 4159 occu-

233 4214 413 4278 pata},
447 4204 697 4258 alitteris
751 4217 881 4259 vero
928 4203 1139 4272 penitus
1189 4202 1416 4265 alicam,
1462 4198 1836 4266 elegantibus,

234 4298 631 4367 coutluctisque
663 4296 876 4367 operis,
909 4295 1033 4350 illas
1065 4293 1276 4348 fabulas
1305 4305 1405 4346 suo
1428 4297 1646 4360 sumptu
1678 4297 1840 4359 atque

239 4392 362 4446 hmc
384 4390 706 4459 Fragmenta
736 4390 876 4461 typis
905 4398 1125 4459 vulgare
1151 4386 1452 4441 constituit.
1482 4384 1539 4438 lu
1562 4399 1661 4453 qua
1694 4382 1842 4454 cogi-

241 4484 449 4539 talione
488 4484 753 4537 absolutis
783 4482 981 4538 fabulis
1003 4524 1016 4548 ,
1050 4481 1241 4551 hisque
1268 4478 1611 4549 Fragmentis
1637 4486 1839 4532 tantum

242 4593 354 4631 non
387 4576 451 4630 ad
485 4574 799 4630 umbilicum
831 4574 1127 4646 perductis,
1166 4574 1246 4626 vir
1272 4570 1683 4626 immortalitate
1721 4569 1840 4640 dig-

240 4673 504 4730 nissimus
533 4670 599 4726 ad
627 4671 904 4726 meliorem
951 4670 1114 4724 vitam
1167 4675 1480 4737 assumptus
1529 4677 1632 4721 est.
1665 4664 1843 4719 Adde-

245 4779 366 4820 rem
400 4765 499 4818 hoc
531 4763 651 4818 loco
684 4762 822 4817 unde
871 4761 986 4817 hzec
1034 4760 1195 4816 etiam
1242 4757 1564 4829 Fragmenta
1612 4741 1842 4821 eruerit,

247 4859 352 4914 nisi
381 4858 535 4912 bonis
568 4858 696 4913 viris
724 4855 987 4926 ejusmodi
1041 4870 1222 4911 rerum
1268 4853 1632 4924 cognitionem
1684 4849 1847 4921 proli-

246 4951 488 5019 teutibus
535 4951 791 5007 ruborem
837 4948 1148 5005 suli‘undere
1178 4962 1432 5012 vererer,
1485 4944 1577 5017 qui
1624 4943 1847 5000 deliteso

244 5046 424 5103 contis
457 5046 616 5115 bujus
648 5045 700 5101 in
732 5044 1074 5101 bibliothecis
1096 5044 1209 5098 suis
1238 5043 1475 5099 thesauri
1499 5042 1645 5097 velut
1671 5041 1846 5112 gallus

247 5142 344 5197 ille
389 5139 649 5208 1E~opius
698 5139 916 5194 uuiouis
963 5137 1279 5206 dignitatem
1328 5149 1437 5190 non
1467 5141 1845 5205 agnoverunt,

247 5235 335 5288 vel
368 5233 604 5305 agnitum
635 5248 741 5288 non
771 5233 889 5287 sine
930 5229 1143 5300 publica
1181 5227 1390 5298 jactura
1419 5235 1528 5280 tam
1558 5225 1648 5280 diu
1675 5223 1848 5279 conti-

212 5372 213 5377 η
249 5340 507 5385 nuerunt.
544 5328 725 5383 Dicam
772 5334 1006 5389 tantum,
1038 5323 1180 5394 quod
1228 5320 1567 5394 prtctcrntitti
1611 5333 1715 5375 non
1749 5333 1850 5390 po-

213 5430 397 5501 :test,
453 5421 644 5477 horum
676 5421 1125 5489 Fragmentorum
1178 5416 1394 5471 unicum
1450 5413 1732 5486 exemplar
1758 5411 1851 5467 Pi-

252 5514 460 5571 thteum
504 5513 729 5569 Lutetia:
774 5526 918 5569 anno
963 5508 1156 5565 salutis
1193 5523 1400 5564 etataxc
1446 5516 1721 5576 repertum
1754 5506 1852 5562 ha-

251 5608 462 5663 buisse.
495 5605 612 5662 Non
644 5606 813 5677 magis
841 5604 985 5659 enim
1014 5613 1199 5658 noster
1226 5603 1316 5658 ille
1346 5601 1581 5657 sedecim
1608 5600 1851 5672 tyrannis

252 5715 516 5769 Oppressa
545 5701 697 5766 urbe,
727 5715 886 5769 quam
919 5697 1172 5752 Socrates
1215 5695 1428 5764 triginta
1454 5708 1585 5749 suas
1614 5692 1855 5755 Athenas

214 5779 621 5863 Lvexantibus,
682 5794 1016 5863 propositum
1068 5780 1193 5845 vitae
1270 5788 1561 5844 decursum
1618 5787 1857 5860 philoso-

216 5886 483 5961 .pbaudo
507 5900 731 5955 remque
783 5884 1046 5955 publicam
1090 5880 1329 5952 iuvando
1376 5880 1690 5937 intermisit.
1721 5879 1854 5936 Uni-

1942 3356 2151 3427 primo,
2200 3370 2360 3425 quem
2389 3356 2604 3426 juvenis
2653 3354 2836 3423 dedit,
2887 3355 3175 3427 publicatis
3218 3352 3541 3426 quihusdam

1938 3449 2109 3504 divini
2135 3448 2220 3503 sui
2242 3449 2438 3519 ingenii
2467 3449 2855 3522 experimentis
2877 3491 2893 3516 ,
2919 3446 3243 3504 eruditionis
3276 3447 3543 3502 obstrusae

1939 3552 2102 3611 atque
2122 3541 2416 3598 rec0uditte
2463 3551 2623 3613 gustu
2655 3541 2796 3597 inter
2834 3541 3195 3596 litteratorum
3230 3538 3500 3609 principes
3525 3580 3540 3602 ,

1940 3636 2023 3691 vel
2045 3630 2381 3707 "stili‘ragante
2416 3633 2643 3701 invidia,
2667 3634 2736 3689 ab
2766 3633 2833 3689 iis
2860 3632 2948 3702 qui
2972 3641 3086 3689 tum
3122 3632 3178 3688 in
3219 3630 3413 3688 litteris
3453 3645 3543 3685 re-

1938 3730 2181 3802 gnabant
2229 3730 2532 3785 recensitos
2573 3727 2737 3784 fuerit
2766 3748 2781 3784 :
2807 3743 2967 3798 quam
2997 3727 3066 3783 de
3111 3741 3171 3782 se
3227 3732 3544 3795 conceptam

1940 3825 2250 3895 Opinionem
2302 3824 2367 3879 ad
2410 3824 2659 3878 ultimum
2703 3837 2875 3894 usque
2919 3822 3045 3877 vitae
3091 3820 3237 3876 diem
3282 3818 3541 3883 adauxit,

1940 3916 2337 3986 sustinebitque
2367 3915 2625 3986 quamdiu
2679 3914 2874 3971 litterae
2926 3911 3219 3968 durabunt.
3269 3910 3539 3980 Quantula

1942 4020 2124 4065 tamen
2169 4009 2287 4064 luce
2315 4008 2491 4063 laudis
2517 4019 2568 4063 et
2597 3986 2784 4078 gloriae
2815 4006 2944 4061 tanti
2968 4006 3069 4060 viri
3098 4013 3182 4060 est
3204 4003 3419 4073 portio?
3448 4001 3542 4057 Li-

1939 4112 2029 4160 cet
2074 4105 2219 4158 enim
2265 4116 2425 4157 nemo
2479 4102 2673 4158 melius
2704 4116 2872 4156 unum
2920 4098 3226 4168 quempiam
3266 4107 3543 4152 auctorem

1941 4195 2187 4261 noverit,
2221 4209 2381 4265 quam
2407 4193 2522 4263 ipse
2544 4207 2737 4250 omnes
2765 4191 3018 4262 antiquos
3043 4191 3325 4261 utriusque
3345 4189 3545 4260 linguae

1941 4289 2258 4360 scriptores,
2299 4301 2437 4352 quos
2483 4286 2551 4343 ad
2604 4301 2770 4342 unum
2798 4286 3033 4355 legerat,
3081 4282 3149 4338 ad
3192 4290 3372 4337 vetera
3401 4296 3539 4335 con-

1943 4380 2144 4436 tulerat
2187 4378 2522 4448 exemplaria
2544 4420 2559 4444 ,
2592 4386 2644 4434 et
2690 4385 3022 4433 concoxerat
3053 4392 3065 4429 :
3095 4374 3221 4429 licet
3250 4387 3411 4429 nemo
3437 4371 3549 4443 pri-

1943 4483 2063 4527 vata
2105 4481 2157 4527 et
2198 4469 2498 4527 domestica
2544 4470 2755 4540 negotia
2807 4467 3048 4524 exactius
3092 4466 3330 4523 tenuerit
3381 4478 3544 4536 quam

1947 4567 2061 4636 ipse
2085 4564 2345 4622 Gallicam
2378 4576 2770 4634 externamque
2814 4559 3138 4627 historiam,
3171 4559 3409 4630 origines
3453 4572 3551 4629 po-

1949 4662 2202 4734 pulorum
2226 4703 2241 4722 .
2267 4661 2665 4729 descriptiones
2687 4668 2989 4728 temporum
3013 4698 3029 4721 ,
3064 4653 3440 4711 successiones
3469 4650 3549 4706 fa-

1950 4755 2242 4827 miliarum,
2273 4754 2447 4820 bella,
2478 4752 2681 4810 hedera
2708 4792 2721 4816 ,
2755 4750 3146 4807 conventiones
3171 4790 3185 4810 .
3216 4748 3299 4802 vel
3328 4755 3549 4801 extero-

1949 4864 2068 4905 rum
2097 4848 2240 4902 inter
2280 4864 2340 4901 se
2367 4845 2452 4901 vel
2498 4844 2777 4899 nobiscum
2810 4851 2962 4911 gesta
2984 4882 2999 4907 ,
3030 4840 3096 4895 ad
3131 4842 3249 4895 btec
3277 4838 3440 4895 etiam
3472 4834 3552 4891 le-

1921 4958 2082 5014 ges,
2128 4955 2351 5005 mores,
2396 4935 2817 4993 consuetudines
2855 4933 3255 5006 provinciarum
3309 4929 3549 5000 singula—

1951 5050 2143 5092 rumve
2195 5032 2447 5097 urbium,
2490 5045 2718 5102 quarum
2768 5029 3009 5083 omnium
3065 5043 3095 5082 a
3151 5024 3351 5082 teneris
3394 5020 3553 5078 annis

1953 5124 2227 5186 indefesso
2256 5141 2320 5182 ac
2342 5125 2501 5196 plane
2519 5123 2786 5180 Herculeo
2808 5123 2995 5179 labore
3025 5120 3125 5177 sibi
3155 5118 3555 5189 perlectamuo-

1922 5208 1925 5217 ¹
1951 5220 2126 5276 titiam
2150 5260 2167 5286 ,
2200 5233 2323 5275 cum
2355 5231 2420 5274 ex
2442 5216 2675 5287 vulgatis
2701 5215 2855 5271 libris
2875 5256 2891 5281 ,
2922 5222 3035 5269 tum
3062 5210 3226 5268 etiam
3258 5222 3326 5264 ex
3361 5206 3554 5264 biblio-

1954 5314 2127 5370 thecis
2149 5311 2405 5382 antiquis,
2431 5307 2670 5365 archivis
2695 5309 2881 5380 regiis,
2914 5312 3155 5369 senatus,
3181 5300 3552 5361 rationalium.

1957 5407 2205 5470 urbium,
2239 5403 2802 5472 monasteriorumque
2854 5402 3296 5468 comparaverat,
3355 5392 3556 5448 instru-

1960 5508 2379 5569 mentorumque
2403 5498 2639 5569 ipsorum
2683 5500 2846 5562 atque
2889 5501 3131 5546 actorum
3178 5488 3376 5543 bonam
3430 5499 3555 5555 par-

1963 5605 2072 5651 tem
2120 5608 2215 5649 sua
2247 5606 2409 5648 manu
2455 5588 2817 5657 descripserat
2860 5584 2960 5639 :in
3011 5582 3137 5653 jure
3184 5590 3364 5636 autem
3412 5578 3559 5634 civili

1960 5687 2331 5746 Romanorum
2376 5683 2504 5740 licet
2531 5680 2597 5736 ad
2627 5694 2752 5736 eum
2782 5676 3007 5749 gradum
3035 5674 3349 5747 pertigerit,
3390 5680 3451 5728 ut
3491 5671 3562 5727 de

1963 5800 2062 5851 eo,
2117 5778 2585 5848 celeberrimoque
2625 5774 2743 5845 ejus
2789 5781 3126 5844 pra-ceptore
3155 5768 3408 5841 Cujacio,
3455 5766 3563 5822 dici

1920 5910 1927 5911 ί
1962 5877 2085 5948 jure
2114 5876 2280 5949 possit
2307 5916 2321 5940 ,
2350 5869 2493 5944 quod
2533 5868 2603 5927 de
2633 5868 2843 5940 magnis
2873 5866 3003 5926 olim
3029 5863 3337 5925 oratoribus
3361 5862 3563 5920 dictum
